<?xml version="1.0" encoding="UTF-8"?>
<!DOCTYPE html PUBLIC "-//W3C//DTD XHTML 1.0 Transitional//EN"
    "http://www.w3.org/TR/xhtml1/DTD/xhtml1-transitional.dtd">
<html xmlns="http://www.w3.org/1999/xhtml" xml:lang="en" lang="en">
 <head>
  <title>
</title>
<meta http-equiv="Content-Type" content="text/html;charset=utf-8" />
  <meta name='ocr-system' content='tesseract 3.04.00' />
  <meta name='ocr-capabilities' content='ocr_page ocr_carea ocr_par ocr_line ocrx_word'/>
</head>
<body>
  <div class='ocr_page' id='page_1' title='image "./corpusscriptorum07niebuoft_0051.png"; bbox 0 0 1832 3112; ppageno 0'>
   <div class='ocr_carea' id='block_1_1' title="bbox 148 136 1538 190">
    <p class='ocr_par' dir='ltr' id='par_1_1' title="bbox 148 136 1538 190">
     <span class='ocr_line' id='line_1_1' title="bbox 148 136 1538 190; baseline 0 -1"><span class='ocrx_word' id='word_1_1' title='bbox 148 149 220 189; x_wconf 79' lang='lat' dir='ltr'><strong>DE</strong></span> <span class='ocrx_word' id='word_1_2' title='bbox 256 145 385 190; x_wconf 77' lang='lat' dir='ltr'><strong>vm</strong></span> <span class='ocrx_word' id='word_1_3' title='bbox 421 147 491 188; x_wconf 79' lang='lat' dir='ltr'><strong>m·</strong></span> <span class='ocrx_word' id='word_1_4' title='bbox 525 145 695 188; x_wconf 72' lang='lat' dir='ltr'><strong>mus</strong></span> <span class='ocrx_word' id='word_1_5' title='bbox 735 146 922 188; x_wconf 73' lang='lat' dir='ltr'><strong>GEs&#39;ns</strong></span> <span class='ocrx_word' id='word_1_6' title='bbox 958 136 1349 189; x_wconf 72' lang='lat' dir='ltr'><strong>CONsrmm1.·</strong></span> <span class='ocrx_word' id='word_1_7' title='bbox 1413 148 1538 190; x_wconf 78' lang='lat' dir='ltr'><strong>xm</strong></span> 
     </span>
    </p>
   </div>
   <div class='ocr_carea' id='block_1_2' title="bbox 42 249 1674 1784">
    <p class='ocr_par' dir='ltr' id='par_1_2' title="bbox 99 249 1548 744">
     <span class='ocr_line' id='line_1_2' title="bbox 99 249 1541 304; baseline 0.001 -12"><span class='ocrx_word' id='word_1_8' title='bbox 99 251 307 293; x_wconf 77' lang='lat' dir='ltr'><strong>Romanus</strong></span> <span class='ocrx_word' id='word_1_9' title='bbox 334 249 570 304; x_wconf 76' lang='lat' dir='ltr'><strong>Imperator,</strong></span> <span class='ocrx_word' id='word_1_10' title='bbox 596 251 665 289; x_wconf 86' lang='lat' dir='ltr'><strong>cui</strong></span> <span class='ocrx_word' id='word_1_11' title='bbox 696 249 906 304; x_wconf 84' lang='lat' dir='ltr'><strong>indignum</strong></span> <span class='ocrx_word' id='word_1_12' title='bbox 932 249 1145 291; x_wconf 83' lang='lat' dir='ltr'><strong>videbatur</strong></span> <span class='ocrx_word' id='word_1_13' title='bbox 1161 281 1174 304; x_wconf 91' lang='lat'>,</span> <span class='ocrx_word' id='word_1_14' title='bbox 1203 252 1302 292; x_wconf 88' lang='lat' dir='ltr'><strong>haec</strong></span> <span class='ocrx_word' id='word_1_15' title='bbox 1324 266 1435 292; x_wconf 88' lang='lat' dir='ltr'><strong>sacra</strong></span> <span class='ocrx_word' id='word_1_16' title='bbox 1455 260 1541 293; x_wconf 85' lang='lat' dir='ltr'><strong>tam</strong></span> 
     </span>
     <span class='ocr_line' id='line_1_3' title="bbox 101 307 1541 360; baseline 0.001 -14"><span class='ocrx_word' id='word_1_17' title='bbox 101 308 271 360; x_wconf 78' lang='lat' dir='ltr'><strong>impuris</strong></span> <span class='ocrx_word' id='word_1_18' title='bbox 295 307 482 346; x_wconf 78' lang='lat' dir='ltr'><strong>manibus</strong></span> <span class='ocrx_word' id='word_1_19' title='bbox 515 307 771 356; x_wconf 77' lang='lat' dir='ltr'>contrectari,</span> <span class='ocrx_word' id='word_1_20' title='bbox 801 319 917 358; x_wconf 85' lang='lat' dir='ltr'>saepe</span> <span class='ocrx_word' id='word_1_21' title='bbox 947 309 1181 360; x_wconf 81' lang='lat' dir='ltr'><strong>expetitam,</strong></span> <span class='ocrx_word' id='word_1_22' title='bbox 1226 321 1308 346; x_wconf 89' lang='lat' dir='ltr'><strong>non</strong></span> <span class='ocrx_word' id='word_1_23' title='bbox 1349 308 1541 359; x_wconf 86' lang='lat' dir='ltr'>obtinuit,</span> 
     </span>
     <span class='ocr_line' id='line_1_4' title="bbox 99 360 1543 414; baseline 0.001 -14"><span class='ocrx_word' id='word_1_24' title='bbox 99 360 196 401; x_wconf 82' lang='lat' dir='ltr'><strong>licet</strong></span> <span class='ocrx_word' id='word_1_25' title='bbox 220 361 401 402; x_wconf 73' lang='lat' dir='ltr'><strong>ducentis</strong></span> <span class='ocrx_word' id='word_1_26' title='bbox 418 361 642 410; x_wconf 81' lang='lat' dir='ltr'>Saracenis,</span> <span class='ocrx_word' id='word_1_27' title='bbox 671 374 772 414; x_wconf 84' lang='lat' dir='ltr'><strong>quos</strong></span> <span class='ocrx_word' id='word_1_28' title='bbox 811 362 991 414; x_wconf 87' lang='lat' dir='ltr'><strong>captivos</strong></span> <span class='ocrx_word' id='word_1_29' title='bbox 1015 362 1199 412; x_wconf 87' lang='lat' dir='ltr'><strong>tenebat,</strong></span> <span class='ocrx_word' id='word_1_30' title='bbox 1230 370 1270 402; x_wconf 89' lang='lat' dir='ltr'><strong>et</strong></span> <span class='ocrx_word' id='word_1_31' title='bbox 1295 363 1392 403; x_wconf 89' lang='lat' dir='ltr'>XII.</span> <span class='ocrx_word' id='word_1_32' title='bbox 1419 362 1543 402; x_wconf 84' lang='lat' dir='ltr'><strong>milli-</strong></span> 
     </span>
     <span class='ocr_line' id='line_1_5' title="bbox 99 414 1543 470; baseline 0.001 -14"><span class='ocrx_word' id='word_1_33' title='bbox 99 415 179 456; x_wconf 97' lang='lat' dir='ltr'><strong>bus</strong></span> <span class='ocrx_word' id='word_1_34' title='bbox 207 418 311 456; x_wconf 86' lang='lat' dir='ltr'><strong>aeris</strong></span> <span class='ocrx_word' id='word_1_35' title='bbox 340 418 498 469; x_wconf 84' lang='lat' dir='ltr'><strong>signati,</strong></span> <span class='ocrx_word' id='word_1_36' title='bbox 526 415 681 456; x_wconf 89' lang='lat' dir='ltr'><strong>oblatis.</strong></span> <span class='ocrx_word' id='word_1_37' title='bbox 702 415 886 454; x_wconf 88' lang='lat' dir='ltr'><strong>Tandem</strong></span> <span class='ocrx_word' id='word_1_38' title='bbox 914 430 1003 454; x_wconf 88' lang='lat' dir='ltr'><strong>eam</strong></span> <span class='ocrx_word' id='word_1_39' title='bbox 1031 414 1253 470; x_wconf 79' lang='lat' dir='ltr'><strong>praefectus</strong></span> <span class='ocrx_word' id='word_1_40' title='bbox 1279 417 1391 457; x_wconf 88' lang='lat' dir='ltr'><strong>urbis</strong></span> <span class='ocrx_word' id='word_1_41' title='bbox 1406 448 1418 469; x_wconf 90' lang='lat'>,</span> <span class='ocrx_word' id='word_1_42' title='bbox 1444 425 1491 457; x_wconf 92' lang='lat' dir='ltr'><strong>ut</strong></span> <span class='ocrx_word' id='word_1_43' title='bbox 1518 432 1543 457; x_wconf 91' lang='lat' dir='ltr'><strong>a</strong></span> 
     </span>
     <span class='ocr_line' id='line_1_6' title="bbox 101 470 1545 524; baseline 0.001 -13"><span class='ocrx_word' id='word_1_44' title='bbox 101 472 187 511; x_wconf 81' lang='lat' dir='ltr'><strong>suis</strong></span> <span class='ocrx_word' id='word_1_45' title='bbox 213 470 359 510; x_wconf 78' lang='lat' dir='ltr'><strong>finibus</strong></span> <span class='ocrx_word' id='word_1_46' title='bbox 401 472 576 510; x_wconf 84' lang='lat' dir='ltr'><strong>Graecos</strong></span> <span class='ocrx_word' id='word_1_47' title='bbox 603 477 756 509; x_wconf 85' lang='lat' dir='ltr'>arceret</span> <span class='ocrx_word' id='word_1_48' title='bbox 769 500 781 521; x_wconf 98' lang='lat'>,</span> <span class='ocrx_word' id='word_1_49' title='bbox 829 472 1046 522; x_wconf 87' lang='lat' dir='ltr'>concessit,</span> <span class='ocrx_word' id='word_1_50' title='bbox 1075 479 1238 524; x_wconf 85' lang='lat' dir='ltr'><strong>pactus,</strong></span> <span class='ocrx_word' id='word_1_51' title='bbox 1266 479 1313 512; x_wconf 89' lang='lat' dir='ltr'><strong>ut</strong></span> <span class='ocrx_word' id='word_1_52' title='bbox 1348 473 1545 512; x_wconf 83' lang='lat' dir='ltr'><strong>Edessam</strong></span> 
     </span>
     <span class='ocr_line' id='line_1_7' title="bbox 103 525 1545 580; baseline 0.001 -14"><span class='ocrx_word' id='word_1_53' title='bbox 103 533 148 566; x_wconf 81' lang='lat' dir='ltr'><strong>et</strong></span> <span class='ocrx_word' id='word_1_54' title='bbox 175 527 444 566; x_wconf 81' lang='lat' dir='ltr'><strong>conterminos</strong></span> <span class='ocrx_word' id='word_1_55' title='bbox 464 539 582 580; x_wconf 83' lang='lat' dir='ltr'><strong>agros</strong></span> <span class='ocrx_word' id='word_1_56' title='bbox 601 555 613 575; x_wconf 96' lang='lat'>,</span> <span class='ocrx_word' id='word_1_57' title='bbox 642 539 850 579; x_wconf 91' lang='lat' dir='ltr'><strong>nunquam</strong></span> <span class='ocrx_word' id='word_1_58' title='bbox 878 525 986 564; x_wconf 89' lang='lat' dir='ltr'><strong>bello</strong></span> <span class='ocrx_word' id='word_1_59' title='bbox 1003 527 1046 564; x_wconf 89' lang='lat' dir='ltr'><strong>in</strong></span> <span class='ocrx_word' id='word_1_60' title='bbox 1067 533 1273 580; x_wconf 88' lang='lat' dir='ltr'><strong>posterum</strong></span> <span class='ocrx_word' id='word_1_61' title='bbox 1296 535 1486 567; x_wconf 84' lang='lat' dir='ltr'><strong>vexarent</strong></span> <span class='ocrx_word' id='word_1_62' title='bbox 1498 529 1545 577; x_wconf 86' lang='lat'><strong>¹).</strong></span> 
     </span>
     <span class='ocr_line' id='line_1_8' title="bbox 100 580 1544 635; baseline 0.001 -15"><span class='ocrx_word' id='word_1_63' title='bbox 100 581 171 620; x_wconf 84' lang='lat' dir='ltr'><strong>Sic</strong></span> <span class='ocrx_word' id='word_1_64' title='bbox 202 582 439 635; x_wconf 77' lang='lat' dir='ltr'>Byzantium</span> <span class='ocrx_word' id='word_1_65' title='bbox 461 581 684 633; x_wconf 86' lang='lat' dir='ltr'><strong>deportata,</strong></span> <span class='ocrx_word' id='word_1_66' title='bbox 712 582 755 619; x_wconf 89' lang='lat' dir='ltr'><strong>in</strong></span> <span class='ocrx_word' id='word_1_67' title='bbox 782 580 1011 619; x_wconf 90' lang='lat' dir='ltr'><strong>Blachernis</strong></span> <span class='ocrx_word' id='word_1_68' title='bbox 1030 583 1224 634; x_wconf 88' lang='lat' dir='ltr'><strong>primum,</strong></span> <span class='ocrx_word' id='word_1_69' title='bbox 1251 589 1342 635; x_wconf 88' lang='lat' dir='ltr'><strong>post</strong></span> <span class='ocrx_word' id='word_1_70' title='bbox 1372 585 1412 621; x_wconf 87' lang='lat' dir='ltr'><strong>in</strong></span> <span class='ocrx_word' id='word_1_71' title='bbox 1444 583 1544 622; x_wconf 88' lang='lat' dir='ltr'><strong>aede</strong></span> 
     </span>
     <span class='ocr_line' id='line_1_9' title="bbox 101 635 1547 690; baseline 0.001 -15"><span class='ocrx_word' id='word_1_72' title='bbox 101 635 246 686; x_wconf 78' lang='lat' dir='ltr'><strong>Phari,</strong></span> <span class='ocrx_word' id='word_1_73' title='bbox 274 638 450 689; x_wconf 88' lang='lat' dir='ltr'><strong>reposita</strong></span> <span class='ocrx_word' id='word_1_74' title='bbox 479 643 538 674; x_wconf 87' lang='lat' dir='ltr'><strong>est</strong></span> <span class='ocrx_word' id='word_1_75' title='bbox 553 664 566 684; x_wconf 92' lang='lat'>,</span> <span class='ocrx_word' id='word_1_76' title='bbox 595 635 902 688; x_wconf 87' lang='lat' dir='ltr'><strong>procedentibus</strong></span> <span class='ocrx_word' id='word_1_77' title='bbox 943 635 1063 689; x_wconf 84' lang='lat' dir='ltr'><strong>longo</strong></span> <span class='ocrx_word' id='word_1_78' title='bbox 1093 637 1235 676; x_wconf 84' lang='lat' dir='ltr'><strong>ordine</strong></span> <span class='ocrx_word' id='word_1_79' title='bbox 1271 637 1473 690; x_wconf 89' lang='lat' dir='ltr'><strong>Stephano</strong></span> <span class='ocrx_word' id='word_1_80' title='bbox 1505 645 1547 677; x_wconf 90' lang='lat' dir='ltr'><strong>et</strong></span> 
     </span>
     <span class='ocr_line' id='line_1_10' title="bbox 102 689 1548 744; baseline 0.001 -14"><span class='ocrx_word' id='word_1_81' title='bbox 102 689 383 739; x_wconf 82' lang='lat' dir='ltr'><strong>Constantino,</strong></span> <span class='ocrx_word' id='word_1_82' title='bbox 412 691 583 728; x_wconf 89' lang='lat' dir='ltr'><strong>Romani</strong></span> <span class='ocrx_word' id='word_1_83' title='bbox 621 689 729 738; x_wconf 86' lang='lat' dir='ltr'><strong>filiis,</strong></span> <span class='ocrx_word' id='word_1_84' title='bbox 785 690 1149 744; x_wconf 82' lang='lat' dir='ltr'><strong>Porphyrogenito‚</strong></span> <span class='ocrx_word' id='word_1_85' title='bbox 1178 699 1218 730; x_wconf 90' lang='lat' dir='ltr'><strong>et</strong></span> <span class='ocrx_word' id='word_1_86' title='bbox 1242 692 1391 731; x_wconf 86' lang='lat' dir='ltr'><strong>Senatu</strong></span> <span class='ocrx_word' id='word_1_87' title='bbox 1405 722 1418 743; x_wconf 92' lang='lat'>‚</span> <span class='ocrx_word' id='word_1_88' title='bbox 1452 703 1548 732; x_wconf 87' lang='lat' dir='ltr'><strong>cum</strong></span> 
     </span>
    </p>

    <p class='ocr_par' dir='ltr' id='par_1_3' title="bbox 42 742 1555 1456">
     <span class='ocr_line' id='line_1_11' title="bbox 42 742 1547 798; baseline 0.001 -13"><span class='ocrx_word' id='word_1_89' title='bbox 42 742 47 746; x_wconf 70' lang='grc'><strong>’</strong></span> <span class='ocrx_word' id='word_1_90' title='bbox 102 747 246 796; x_wconf 74' lang='lat' dir='ltr'><strong>cereis,</strong></span> <span class='ocrx_word' id='word_1_91' title='bbox 277 753 317 784; x_wconf 90' lang='lat' dir='ltr'><strong>et</strong></span> <span class='ocrx_word' id='word_1_92' title='bbox 343 744 643 798; x_wconf 85' lang='lat' dir='ltr'><strong>evangeliorum</strong></span> <span class='ocrx_word' id='word_1_93' title='bbox 661 744 884 795; x_wconf 83' lang='lat' dir='ltr'><strong>volumine,</strong></span> <span class='ocrx_word' id='word_1_94' title='bbox 912 753 958 784; x_wconf 93' lang='lat' dir='ltr'><strong>ut</strong></span> <span class='ocrx_word' id='word_1_95' title='bbox 987 752 1075 783; x_wconf 87' lang='lat' dir='ltr'><strong>tum</strong></span> <span class='ocrx_word' id='word_1_96' title='bbox 1105 747 1352 785; x_wconf 84' lang='lat' dir='ltr'><strong>consuetudo</strong></span> <span class='ocrx_word' id='word_1_97' title='bbox 1384 755 1470 786; x_wconf 88' lang='lat' dir='ltr'><strong>erat</strong></span> <span class='ocrx_word' id='word_1_98' title='bbox 1500 749 1547 787; x_wconf 89' lang='lat' dir='ltr'><strong>in</strong></span> 
     </span>
     <span class='ocr_line' id='line_1_12' title="bbox 100 799 1546 855; baseline 0.001 -16"><span class='ocrx_word' id='word_1_99' title='bbox 100 800 278 855; x_wconf 79' lang='lat' dir='ltr'><strong>publicis</strong></span> <span class='ocrx_word' id='word_1_100' title='bbox 307 799 678 852; x_wconf 85' lang='lat' dir='ltr'><strong>supplicationibus.</strong></span> <span class='ocrx_word' id='word_1_101' title='bbox 743 800 910 838; x_wconf 86' lang='lat' dir='ltr'><strong>Incessit</strong></span> <span class='ocrx_word' id='word_1_102' title='bbox 936 799 1082 839; x_wconf 92' lang='lat' dir='ltr'><strong>deinde</strong></span> <span class='ocrx_word' id='word_1_103' title='bbox 1110 801 1264 854; x_wconf 86' lang='lat' dir='ltr'><strong>religio,</strong></span> <span class='ocrx_word' id='word_1_104' title='bbox 1293 815 1470 854; x_wconf 91' lang='lat' dir='ltr'><strong>quonam</strong></span> <span class='ocrx_word' id='word_1_105' title='bbox 1501 803 1546 841; x_wconf 92' lang='lat' dir='ltr'><strong>in</strong></span> 
     </span>
     <span class='ocr_line' id='line_1_13' title="bbox 102 853 1548 910; baseline 0.001 -15"><span class='ocrx_word' id='word_1_106' title='bbox 102 854 256 908; x_wconf 89' lang='lat' dir='ltr'><strong>templo</strong></span> <span class='ocrx_word' id='word_1_107' title='bbox 279 868 392 893; x_wconf 84' lang='lat' dir='ltr'><strong>sacra</strong></span> <span class='ocrx_word' id='word_1_108' title='bbox 418 853 483 893; x_wconf 85' lang='lat' dir='ltr'><strong>effi</strong></span> <span class='ocrx_word' id='word_1_109' title='bbox 511 856 565 893; x_wconf 71' lang='lat' dir='ltr'><strong>ies</strong></span> <span class='ocrx_word' id='word_1_110' title='bbox 582 853 815 893; x_wconf 88' lang='lat' dir='ltr'><strong>collocanda</strong></span> <span class='ocrx_word' id='word_1_111' title='bbox 844 854 979 893; x_wconf 84' lang='lat' dir='ltr'><strong>foret?</strong></span> <span class='ocrx_word' id='word_1_112' title='bbox 1010 862 1213 907; x_wconf 84' lang='lat' dir='ltr'><strong>postremo</strong></span> <span class='ocrx_word' id='word_1_113' title='bbox 1241 858 1283 894; x_wconf 91' lang='lat' dir='ltr'><strong>in</strong></span> <span class='ocrx_word' id='word_1_114' title='bbox 1309 856 1348 896; x_wconf 94' lang='lat' dir='ltr'><strong>S.</strong></span> <span class='ocrx_word' id='word_1_115' title='bbox 1373 857 1548 910; x_wconf 87' lang='lat' dir='ltr'><strong>Sophiae</strong></span> 
     </span>
     <span class='ocr_line' id='line_1_14' title="bbox 104 908 1548 962; baseline 0.001 -13"><span class='ocrx_word' id='word_1_116' title='bbox 104 909 234 959; x_wconf 82' lang='lat' dir='ltr'><strong>illata,</strong></span> <span class='ocrx_word' id='word_1_117' title='bbox 261 910 423 962; x_wconf 76' lang='lat' dir='ltr'><strong>rituque</strong></span> <span class='ocrx_word' id='word_1_118' title='bbox 443 921 488 947; x_wconf 90' lang='lat' dir='ltr'><strong>so</strong></span> <span class='ocrx_word' id='word_1_119' title='bbox 519 911 611 947; x_wconf 91' lang='lat' dir='ltr'><strong>enni</strong></span> <span class='ocrx_word' id='word_1_120' title='bbox 641 908 749 947; x_wconf 87' lang='lat' dir='ltr'><strong>culta</strong></span> <span class='ocrx_word' id='word_1_121' title='bbox 781 908 858 947; x_wconf 86' lang='lat' dir='ltr'><strong>suit</strong></span> <span class='ocrx_word' id='word_1_122' title='bbox 885 909 929 961; x_wconf 80' lang='lat'><strong>2).</strong></span> <span class='ocrx_word' id='word_1_123' title='bbox 982 909 1124 949; x_wconf 86' lang='lat' dir='ltr'><strong>Exstat</strong></span> <span class='ocrx_word' id='word_1_124' title='bbox 1157 911 1407 950; x_wconf 87' lang='lat' dir='ltr'><strong>Constantini</strong></span> <span class='ocrx_word' id='word_1_125' title='bbox 1439 912 1548 950; x_wconf 90' lang='lat' dir='ltr'><strong>Por-</strong></span> 
     </span>
     <span class='ocr_line' id='line_1_15' title="bbox 106 962 1550 1019; baseline 0.002 -17"><span class='ocrx_word' id='word_1_126' title='bbox 106 964 362 1019; x_wconf 80' lang='lat' dir='ltr'><strong>phyrogeuiti</strong></span> <span class='ocrx_word' id='word_1_127' title='bbox 391 963 443 1002; x_wconf 89' lang='lat' dir='ltr'><strong>de</strong></span> <span class='ocrx_word' id='word_1_128' title='bbox 460 963 666 1003; x_wconf 74' lang='lat' dir='ltr'><strong>Edesseno</strong></span> <span class='ocrx_word' id='word_1_129' title='bbox 697 963 875 1014; x_wconf 86' lang='lat' dir='ltr'><strong>sudario,</strong></span> <span class='ocrx_word' id='word_1_130' title='bbox 906 962 1064 1018; x_wconf 85' lang='lat' dir='ltr'><strong>elegans</strong></span> <span class='ocrx_word' id='word_1_131' title='bbox 1086 967 1216 1004; x_wconf 89' lang='lat' dir='ltr'><strong>oratio</strong></span> <span class='ocrx_word' id='word_1_132' title='bbox 1229 995 1241 1014; x_wconf 89' lang='lat'>,</span> <span class='ocrx_word' id='word_1_133' title='bbox 1273 980 1379 1005; x_wconf 91' lang='lat' dir='ltr'><strong>anno</strong></span> <span class='ocrx_word' id='word_1_134' title='bbox 1402 967 1550 1019; x_wconf 83' lang='lat' dir='ltr'><strong>-proxi-</strong></span> 
     </span>
     <span class='ocr_line' id='line_1_16' title="bbox 108 1015 1548 1074; baseline 0.001 -15"><span class='ocrx_word' id='word_1_135' title='bbox 108 1032 195 1070; x_wconf 78' lang='lat' dir='ltr'><strong>mo,</strong></span> <span class='ocrx_word' id='word_1_136' title='bbox 238 1025 286 1059; x_wconf 88' lang='lat' dir='ltr'><strong>ut</strong></span> <span class='ocrx_word' id='word_1_137' title='bbox 314 1015 498 1070; x_wconf 75' lang='lat' dir='ltr'><strong>videtur,</strong></span> <span class='ocrx_word' id='word_1_138' title='bbox 535 1020 579 1057; x_wconf 87' lang='lat' dir='ltr'><strong>in</strong></span> <span class='ocrx_word' id='word_1_139' title='bbox 603 1018 753 1072; x_wconf 62' lang='lat' dir='ltr'><strong>*populi</strong></span> <span class='ocrx_word' id='word_1_140' title='bbox 800 1020 991 1058; x_wconf 88' lang='lat' dir='ltr'><strong>concione</strong></span> <span class='ocrx_word' id='word_1_141' title='bbox 1022 1019 1183 1070; x_wconf 79' lang='lat' dir='ltr'><strong>habita,</strong></span> <span class='ocrx_word' id='word_1_142' title='bbox 1210 1035 1333 1074; x_wconf 90' lang='lat' dir='ltr'><strong>quam</strong></span> <span class='ocrx_word' id='word_1_143' title='bbox 1379 1022 1548 1060; x_wconf 87' lang='lat' dir='ltr'><strong>iunioris</strong></span> 
     </span>
     <span class='ocr_line' id='line_1_17' title="bbox 109 1072 1553 1127; baseline 0.003 -16"><span class='ocrx_word' id='word_1_144' title='bbox 109 1073 360 1112; x_wconf 78' lang='lat' dir='ltr'><strong>Constantini</strong></span> <span class='ocrx_word' id='word_1_145' title='bbox 397 1085 506 1123; x_wconf 73' lang='lat' dir='ltr'><strong>esse,</strong></span> <span class='ocrx_word' id='word_1_146' title='bbox 538 1072 729 1127; x_wconf 83' lang='lat' dir='ltr'><strong>Aloysius</strong></span> <span class='ocrx_word' id='word_1_147' title='bbox 768 1074 1070 1127; x_wconf 87' lang='lat' dir='ltr'><strong>Lippomannus</strong></span> <span class='ocrx_word' id='word_1_148' title='bbox 1101 1082 1141 1114; x_wconf 89' lang='lat' dir='ltr'><strong>et</strong></span> <span class='ocrx_word' id='word_1_149' title='bbox 1170 1075 1317 1114; x_wconf 88' lang='lat' dir='ltr'><strong>Caesar</strong></span> <span class='ocrx_word' id='word_1_150' title='bbox 1355 1076 1553 1116; x_wconf 87' lang='lat' dir='ltr'><strong>Baronius</strong></span> 
     </span>
     <span class='ocr_line' id='line_1_18' title="bbox 108 1127 1555 1184; baseline 0.003 -19"><span class='ocrx_word' id='word_1_151' title='bbox 108 1141 194 1168; x_wconf 81' lang='lat' dir='ltr'><strong>esse</strong></span> <span class='ocrx_word' id='word_1_152' title='bbox 224 1127 491 1178; x_wconf 77' lang='lat' dir='ltr'><strong>arbitrantur3</strong></span> <span class='ocrx_word' id='word_1_153' title='bbox 533 1141 581 1167; x_wconf 90' lang='lat' dir='ltr'><strong>eo</strong></span> <span class='ocrx_word' id='word_1_154' title='bbox 621 1129 836 1181; x_wconf 85' lang='lat' dir='ltr'><strong>praecipue</strong></span> <span class='ocrx_word' id='word_1_155' title='bbox 868 1137 1104 1182; x_wconf 87' lang='lat' dir='ltr'><strong>argumento</strong></span> <span class='ocrx_word' id='word_1_156' title='bbox 1134 1133 1232 1169; x_wconf 89' lang='lat' dir='ltr'><strong>moti</strong></span> <span class='ocrx_word' id='word_1_157' title='bbox 1246 1160 1258 1180; x_wconf 93' lang='lat'>,</span> <span class='ocrx_word' id='word_1_158' title='bbox 1303 1131 1412 1184; x_wconf 90' lang='lat' dir='ltr'><strong>quod</strong></span> <span class='ocrx_word' id='word_1_159' title='bbox 1442 1131 1555 1170; x_wconf 89' lang='lat' dir='ltr'><strong>aliud</strong></span> 
     </span>
     <span class='ocr_line' id='line_1_19' title="bbox 106 1181 1551 1238; baseline 0.003 -17"><span class='ocrx_word' id='word_1_160' title='bbox 106 1181 266 1222; x_wconf 82' lang='lat' dir='ltr'><strong>dicendi</strong></span> <span class='ocrx_word' id='word_1_161' title='bbox 296 1196 422 1235; x_wconf 82' lang='lat' dir='ltr'><strong>genus</strong></span> <span class='ocrx_word' id='word_1_162' title='bbox 452 1184 495 1221; x_wconf 88' lang='lat' dir='ltr'><strong>in</strong></span> <span class='ocrx_word' id='word_1_163' title='bbox 524 1182 639 1222; x_wconf 88' lang='lat' dir='ltr'><strong>libris</strong></span> <span class='ocrx_word' id='word_1_164' title='bbox 662 1183 713 1222; x_wconf 92' lang='lat' dir='ltr'><strong>de</strong></span> <span class='ocrx_word' id='word_1_165' title='bbox 746 1183 1062 1223; x_wconf 84' lang='lat' dir='ltr'><strong>administrando</strong></span> <span class='ocrx_word' id='word_1_166' title='bbox 1095 1186 1269 1238; x_wconf 86' lang='lat' dir='ltr'><strong>Imperio</strong></span> <span class='ocrx_word' id='word_1_167' title='bbox 1284 1215 1296 1236; x_wconf 87' lang='lat'>,</span> <span class='ocrx_word' id='word_1_168' title='bbox 1326 1187 1410 1225; x_wconf 86' lang='lat' dir='ltr'><strong>vita</strong></span> <span class='ocrx_word' id='word_1_169' title='bbox 1437 1187 1551 1225; x_wconf 88' lang='lat' dir='ltr'><strong>Basi-</strong></span> 
     </span>
     <span class='ocr_line' id='line_1_20' title="bbox 102 1235 1550 1291; baseline 0.002 -15"><span class='ocrx_word' id='word_1_170' title='bbox 102 1235 170 1287; x_wconf 82' lang='lat' dir='ltr'><strong>lii,</strong></span> <span class='ocrx_word' id='word_1_171' title='bbox 196 1238 354 1288; x_wconf 82' lang='lat' dir='ltr'><strong>ceteris,</strong></span> <span class='ocrx_word' id='word_1_172' title='bbox 372 1245 563 1290; x_wconf 85' lang='lat' dir='ltr'><strong>appareat</strong></span> <span class='ocrx_word' id='word_1_173' title='bbox 587 1237 636 1288; x_wconf 82' lang='lat'><strong>³).</strong></span> <span class='ocrx_word' id='word_1_174' title='bbox 691 1239 846 1278; x_wconf 85' lang='lat' dir='ltr'><strong>Damus</strong></span> <span class='ocrx_word' id='word_1_175' title='bbox 871 1239 948 1278; x_wconf 92' lang='lat' dir='ltr'><strong>hoc</strong></span> <span class='ocrx_word' id='word_1_176' title='bbox 977 1240 1138 1279; x_wconf 88' lang='lat' dir='ltr'><strong>Caesari</strong></span> <span class='ocrx_word' id='word_1_177' title='bbox 1166 1241 1339 1279; x_wconf 88' lang='lat' dir='ltr'><strong>Baronio</strong></span> <span class='ocrx_word' id='word_1_178' title='bbox 1354 1271 1366 1291; x_wconf 91' lang='lat'>‚</span> <span class='ocrx_word' id='word_1_179' title='bbox 1395 1255 1550 1279; x_wconf 84' lang='lat' dir='ltr'><strong>sermo-</strong></span> 
     </span>
     <span class='ocr_line' id='line_1_21' title="bbox 100 1292 1548 1349; baseline 0.003 -19"><span class='ocrx_word' id='word_1_180' title='bbox 100 1305 204 1334; x_wconf 70' lang='lat' dir='ltr'><strong>nem</strong></span> <span class='ocrx_word' id='word_1_181' title='bbox 218 1292 474 1345; x_wconf 89' lang='lat' dir='ltr'><strong>Imperatoris</strong></span> <span class='ocrx_word' id='word_1_182' title='bbox 499 1293 695 1332; x_wconf 90' lang='lat' dir='ltr'><strong>humilem</strong></span> <span class='ocrx_word' id='word_1_183' title='bbox 724 1295 766 1331; x_wconf 88' lang='lat' dir='ltr'><strong>in</strong></span> <span class='ocrx_word' id='word_1_184' title='bbox 789 1294 869 1334; x_wconf 91' lang='lat' dir='ltr'><strong>illis</strong></span> <span class='ocrx_word' id='word_1_185' title='bbox 887 1302 927 1333; x_wconf 91' lang='lat' dir='ltr'><strong>et</strong></span> <span class='ocrx_word' id='word_1_186' title='bbox 947 1294 1185 1348; x_wconf 87' lang='lat' dir='ltr'><strong>plerumque</strong></span> <span class='ocrx_word' id='word_1_187' title='bbox 1210 1296 1417 1349; x_wconf 88' lang='lat' dir='ltr'><strong>vulgarem</strong></span> <span class='ocrx_word' id='word_1_188' title='bbox 1435 1310 1548 1346; x_wconf 80' lang='lat' dir='ltr'><strong>esse3</strong></span> 
     </span>
     <span class='ocr_line' id='line_1_22' title="bbox 109 1346 1551 1403; baseline 0.003 -18"><span class='ocrx_word' id='word_1_189' title='bbox 109 1347 180 1386; x_wconf 80' lang='lat' dir='ltr'><strong>sed</strong></span> <span class='ocrx_word' id='word_1_190' title='bbox 218 1346 440 1386; x_wconf 85' lang='lat' dir='ltr'><strong>sublimiori</strong></span> <span class='ocrx_word' id='word_1_191' title='bbox 482 1348 587 1401; x_wconf 86' lang='lat' dir='ltr'><strong>stylo</strong></span> <span class='ocrx_word' id='word_1_192' title='bbox 618 1348 830 1388; x_wconf 87' lang='lat' dir='ltr'><strong>formanda</strong></span> <span class='ocrx_word' id='word_1_193' title='bbox 862 1356 947 1389; x_wconf 91' lang='lat' dir='ltr'><strong>erat</strong></span> <span class='ocrx_word' id='word_1_194' title='bbox 976 1351 1106 1388; x_wconf 90' lang='lat' dir='ltr'><strong>oratio</strong></span> <span class='ocrx_word' id='word_1_195' title='bbox 1122 1379 1134 1402; x_wconf 89' lang='lat'><strong>,</strong></span> <span class='ocrx_word' id='word_1_196' title='bbox 1164 1364 1268 1403; x_wconf 88' lang='lat' dir='ltr'><strong>quae</strong></span> <span class='ocrx_word' id='word_1_197' title='bbox 1298 1358 1384 1389; x_wconf 90' lang='lat' dir='ltr'><strong>tam</strong></span> <span class='ocrx_word' id='word_1_198' title='bbox 1418 1365 1551 1390; x_wconf 81' lang='lat' dir='ltr'><strong>sacras</strong></span> 
     </span>
     <span class='ocr_line' id='line_1_23' title="bbox 102 1400 702 1456; baseline 0.007 -16"><span class='ocrx_word' id='word_1_199' title='bbox 102 1400 299 1456; x_wconf 78' lang='lat' dir='ltr'><strong>‚reliquias</strong></span> <span class='ocrx_word' id='word_1_200' title='bbox 322 1402 444 1455; x_wconf 85' lang='lat' dir='ltr'><strong>digne</strong></span> <span class='ocrx_word' id='word_1_201' title='bbox 470 1403 702 1444; x_wconf 85' lang='lat' dir='ltr'><strong>celebraret.</strong></span> 
     </span>
    </p>

    <p class='ocr_par' dir='ltr' id='par_1_4' title="bbox 105 1457 1554 1621">
     <span class='ocr_line' id='line_1_24' title="bbox 221 1457 1553 1513; baseline 0.002 -17"><span class='ocrx_word' id='word_1_202' title='bbox 221 1457 339 1498; x_wconf 91' lang='lat' dir='ltr'><strong>VIII.</strong></span> <span class='ocrx_word' id='word_1_203' title='bbox 394 1457 534 1497; x_wconf 81' lang='lat' dir='ltr'><strong>Sextus</strong></span> <span class='ocrx_word' id='word_1_204' title='bbox 560 1460 640 1497; x_wconf 89' lang='lat' dir='ltr'><strong>iam</strong></span> <span class='ocrx_word' id='word_1_205' title='bbox 661 1466 701 1497; x_wconf 91' lang='lat' dir='ltr'><strong>et</strong></span> <span class='ocrx_word' id='word_1_206' title='bbox 733 1459 950 1511; x_wconf 82' lang='lat' dir='ltr'><strong>vigesimus</strong></span> <span class='ocrx_word' id='word_1_207' title='bbox 980 1459 1173 1512; x_wconf 86' lang='lat' dir='ltr'><strong>agebatur</strong></span> <span class='ocrx_word' id='word_1_208' title='bbox 1202 1474 1349 1510; x_wconf 87' lang='lat' dir='ltr'><strong>annus,</strong></span> <span class='ocrx_word' id='word_1_209' title='bbox 1402 1475 1447 1499; x_wconf 81' lang='lat' dir='ltr'><strong>ex</strong></span> <span class='ocrx_word' id='word_1_210' title='bbox 1470 1474 1553 1513; x_wconf 91' lang='lat' dir='ltr'><strong>quo</strong></span> 
     </span>
     <span class='ocr_line' id='line_1_25' title="bbox 109 1511 1554 1567; baseline 0.001 -15"><span class='ocrx_word' id='word_1_211' title='bbox 109 1511 317 1555; x_wconf 75' lang='lat' dir='ltr'><strong>Romanus</strong></span> <span class='ocrx_word' id='word_1_212' title='bbox 346 1513 560 1565; x_wconf 87' lang='lat' dir='ltr'><strong>imperium</strong></span> <span class='ocrx_word' id='word_1_213' title='bbox 585 1527 660 1567; x_wconf 92' lang='lat' dir='ltr'><strong>pro</strong></span> <span class='ocrx_word' id='word_1_214' title='bbox 689 1513 856 1552; x_wconf 88' lang='lat' dir='ltr'><strong>arbitrio</strong></span> <span class='ocrx_word' id='word_1_215' title='bbox 885 1514 1060 1563; x_wconf 88' lang='lat' dir='ltr'><strong>tenebat,</strong></span> <span class='ocrx_word' id='word_1_216' title='bbox 1088 1514 1188 1553; x_wconf 90' lang='lat' dir='ltr'><strong>adeo</strong></span> <span class='ocrx_word' id='word_1_217' title='bbox 1212 1517 1423 1554; x_wconf 87' lang='lat' dir='ltr'><strong>imminuta</strong></span> <span class='ocrx_word' id='word_1_218' title='bbox 1447 1516 1554 1554; x_wconf 89' lang='lat' dir='ltr'><strong>Por-</strong></span> 
     </span>
     <span class='ocr_line' id='line_1_26' title="bbox 105 1566 1553 1621; baseline 0.002 -16"><span class='ocrx_word' id='word_1_219' title='bbox 105 1566 365 1620; x_wconf 71' lang='lat' dir='ltr'><strong>phyrogeniti</strong></span> <span class='ocrx_word' id='word_1_220' title='bbox 394 1575 603 1620; x_wconf 87' lang='lat' dir='ltr'><strong>potestate,</strong></span> <span class='ocrx_word' id='word_1_221' title='bbox 646 1575 694 1608; x_wconf 89' lang='lat' dir='ltr'><strong>ut</strong></span> <span class='ocrx_word' id='word_1_222' title='bbox 734 1570 883 1621; x_wconf 84' lang='lat' dir='ltr'><strong>experti</strong></span> <span class='ocrx_word' id='word_1_223' title='bbox 916 1568 1100 1621; x_wconf 89' lang='lat' dir='ltr'><strong>publicae</strong></span> <span class='ocrx_word' id='word_1_224' title='bbox 1136 1584 1257 1608; x_wconf 89' lang='lat' dir='ltr'><strong>curae</strong></span> <span class='ocrx_word' id='word_1_225' title='bbox 1286 1577 1326 1608; x_wconf 91' lang='lat' dir='ltr'><strong>et</strong></span> <span class='ocrx_word' id='word_1_226' title='bbox 1360 1569 1515 1608; x_wconf 89' lang='lat' dir='ltr'><strong>consilii</strong></span> <span class='ocrx_word' id='word_1_227' title='bbox 1539 1599 1553 1619; x_wconf 89' lang='lat'>,</span> 
     </span>
    </p>

    <p class='ocr_par' dir='ltr' id='par_1_5' title="bbox 63 1621 1674 1784">
     <span class='ocr_line' id='line_1_27' title="bbox 63 1621 1556 1675; baseline 0.001 -15"><span class='ocrx_word' id='word_1_228' title='bbox 63 1664 66 1667; x_wconf 20' lang='grc' dir='ltr'><strong>Δ</strong></span> <span class='ocrx_word' id='word_1_229' title='bbox 109 1628 272 1675; x_wconf 79' lang='lat' dir='ltr'><strong>praeter</strong></span> <span class='ocrx_word' id='word_1_230' title='bbox 305 1621 479 1674; x_wconf 85' lang='lat' dir='ltr'><strong>Augusti</strong></span> <span class='ocrx_word' id='word_1_231' title='bbox 507 1637 668 1672; x_wconf 89' lang='lat' dir='ltr'><strong>nomen,</strong></span> <span class='ocrx_word' id='word_1_232' title='bbox 693 1621 795 1661; x_wconf 88' lang='lat' dir='ltr'><strong>nihil</strong></span> <span class='ocrx_word' id='word_1_233' title='bbox 824 1627 987 1661; x_wconf 83' lang='lat' dir='ltr'><strong>omnino</strong></span> <span class='ocrx_word' id='word_1_234' title='bbox 1008 1623 1193 1662; x_wconf 88' lang='lat' dir='ltr'><strong>relictum</strong></span> <span class='ocrx_word' id='word_1_235' title='bbox 1222 1632 1339 1663; x_wconf 87' lang='lat' dir='ltr'><strong>esset.</strong></span> <span class='ocrx_word' id='word_1_236' title='bbox 1397 1625 1478 1674; x_wconf 84' lang='lat' dir='ltr'><strong>Qui</strong></span> <span class='ocrx_word' id='word_1_237' title='bbox 1502 1624 1556 1662; x_wconf 92' lang='lat' dir='ltr'><strong>ad</strong></span> 
     </span>
     <span class='ocr_line' id='line_1_28' title="bbox 113 1675 1556 1731; baseline 0.001 -16"><span class='ocrx_word' id='word_1_238' title='bbox 113 1675 303 1715; x_wconf 86' lang='lat' dir='ltr'><strong>ultimum</strong></span> <span class='ocrx_word' id='word_1_239' title='bbox 330 1684 534 1728; x_wconf 68' lang='lat' dir='ltr'><strong>pertaesus</strong></span> <span class='ocrx_word' id='word_1_240' title='bbox 557 1677 748 1731; x_wconf 86' lang='lat' dir='ltr'><strong>longioris</strong></span> <span class='ocrx_word' id='word_1_241' title='bbox 782 1679 871 1726; x_wconf 78' lang='lat' dir='ltr'><strong>otii,</strong></span> <span class='ocrx_word' id='word_1_242' title='bbox 900 1677 1009 1729; x_wconf 90' lang='lat' dir='ltr'><strong>quod</strong></span> <span class='ocrx_word' id='word_1_243' title='bbox 1042 1678 1172 1715; x_wconf 88' lang='lat' dir='ltr'><strong>studia</strong></span> <span class='ocrx_word' id='word_1_244' title='bbox 1210 1678 1432 1727; x_wconf 87' lang='lat' dir='ltr'><strong>doctrinae,</strong></span> <span class='ocrx_word' id='word_1_245' title='bbox 1463 1679 1556 1730; x_wconf 80' lang='lat' dir='ltr'><strong>qui-</strong></span> 
     </span>
     <span class='ocr_line' id='line_1_29' title="bbox 115 1729 1674 1784; baseline -0.001 -15"><span class='ocrx_word' id='word_1_246' title='bbox 115 1729 193 1770; x_wconf 85' lang='lat' dir='ltr'><strong>bus</strong></span> <span class='ocrx_word' id='word_1_247' title='bbox 218 1732 398 1775; x_wconf 84' lang='lat' dir='ltr'><strong>animum</strong></span> <span class='ocrx_word' id='word_1_248' title='bbox 426 1731 641 1784; x_wconf 81' lang='lat' dir='ltr'><strong>imbuerat,</strong></span> <span class='ocrx_word' id='word_1_249' title='bbox 673 1731 865 1770; x_wconf 88' lang='lat' dir='ltr'><strong>hactenus</strong></span> <span class='ocrx_word' id='word_1_250' title='bbox 897 1733 1014 1770; x_wconf 90' lang='lat' dir='ltr'><strong>unice</strong></span> <span class='ocrx_word' id='word_1_251' title='bbox 1041 1730 1263 1770; x_wconf 88' lang='lat' dir='ltr'><strong>leniverant</strong></span> <span class='ocrx_word' id='word_1_252' title='bbox 1278 1732 1327 1782; x_wconf 76' lang='lat'><strong>⁴),</strong></span> <span class='ocrx_word' id='word_1_253' title='bbox 1357 1732 1408 1770; x_wconf 92' lang='lat' dir='ltr'><strong>de</strong></span> <span class='ocrx_word' id='word_1_254' title='bbox 1438 1746 1553 1771; x_wconf 90' lang='lat' dir='ltr'><strong>recu-</strong></span> <span class='ocrx_word' id='word_1_255' title='bbox 1563 1735 1674 1773; x_wconf 61' lang='lat' dir='ltr'><strong>Lxx</strong></span> 
     </span>
    </p>
   </div>
   <div class='ocr_carea' id='block_1_3' title="bbox 169 1830 1560 2754">
    <p class='ocr_par' dir='ltr' id='par_1_6' title="bbox 169 1830 1560 2754">
     <span class='ocr_line' id='line_1_30' title="bbox 169 1830 1558 1878; baseline -0.001 -12"><span class='ocrx_word' id='word_1_256' title='bbox 169 1830 204 1878; x_wconf 88' lang='grc'><strong>1)</strong></span> <span class='ocrx_word' id='word_1_257' title='bbox 244 1830 397 1866; x_wconf 81' lang='lat' dir='ltr'><strong>Charam</strong></span> <span class='ocrx_word' id='word_1_258' title='bbox 443 1830 602 1870; x_wconf 79' lang='lat' dir='ltr'><strong>scilicet,</strong></span> <span class='ocrx_word' id='word_1_259' title='bbox 650 1830 800 1864; x_wconf 83' lang='lat' dir='ltr'><strong>Saroten</strong></span> <span class='ocrx_word' id='word_1_260' title='bbox 848 1834 885 1862; x_wconf 87' lang='lat' dir='ltr'><strong>et</strong></span> <span class='ocrx_word' id='word_1_261' title='bbox 925 1830 1143 1863; x_wconf 86' lang='lat' dir='ltr'><strong>Samosatam</strong></span> <span class='ocrx_word' id='word_1_262' title='bbox 1165 1855 1175 1870; x_wconf 91' lang='lat'>‚</span> <span class='ocrx_word' id='word_1_263' title='bbox 1221 1831 1403 1866; x_wconf 82' lang='lat' dir='ltr'><strong>Edesseno</strong></span> <span class='ocrx_word' id='word_1_264' title='bbox 1451 1842 1558 1876; x_wconf 86' lang='lat' dir='ltr'><strong>prae-</strong></span> 
     </span>
     <span class='ocr_line' id='line_1_31' title="bbox 210 1877 1558 1925; baseline -0.001 -14"><span class='ocrx_word' id='word_1_265' title='bbox 210 1877 308 1911; x_wconf 79' lang='lat' dir='ltr'><strong>secto</strong></span> <span class='ocrx_word' id='word_1_266' title='bbox 328 1903 340 1919; x_wconf 92' lang='lat'>‚</span> <span class='ocrx_word' id='word_1_267' title='bbox 364 1887 471 1924; x_wconf 84' lang='lat' dir='ltr'><strong>quem</strong></span> <span class='ocrx_word' id='word_1_268' title='bbox 502 1877 662 1910; x_wconf 84' lang='lat' dir='ltr'><strong>Emirum</strong></span> <span class='ocrx_word' id='word_1_269' title='bbox 706 1881 855 1916; x_wconf 80' lang='lat' dir='ltr'><strong>vocant,</strong></span> <span class='ocrx_word' id='word_1_270' title='bbox 895 1877 1086 1911; x_wconf 78' lang='lat' dir='ltr'><strong>subiectas.</strong></span> <span class='ocrx_word' id='word_1_271' title='bbox 1123 1877 1349 1912; x_wconf 77' lang='lat' dir='ltr'><strong>Constantia.</strong></span> <span class='ocrx_word' id='word_1_272' title='bbox 1379 1888 1462 1925; x_wconf 85' lang='lat' dir='ltr'><strong>pag.</strong></span> <span class='ocrx_word' id='word_1_273' title='bbox 1488 1879 1558 1923; x_wconf 55' lang='lat'><strong>943</strong></span> 
     </span>
     <span class='ocr_line' id='line_1_32' title="bbox 211 1922 1560 1968; baseline 0.001 -12"><span class='ocrx_word' id='word_1_274' title='bbox 211 1922 307 1957; x_wconf 82' lang='lat' dir='ltr'><strong>adde</strong></span> <span class='ocrx_word' id='word_1_275' title='bbox 331 1923 477 1958; x_wconf 78' lang='lat' dir='ltr'><strong>contin.</strong></span> <span class='ocrx_word' id='word_1_276' title='bbox 514 1922 678 1968; x_wconf 87' lang='lat' dir='ltr'><strong>Theoph.</strong></span> <span class='ocrx_word' id='word_1_277' title='bbox 718 1923 742 1956; x_wconf 91' lang='lat' dir='ltr'><strong>l.</strong></span> <span class='ocrx_word' id='word_1_278' title='bbox 769 1933 796 1955; x_wconf 86' lang='lat' dir='ltr'><strong>c.</strong></span> <span class='ocrx_word' id='word_1_279' title='bbox 824 1922 886 1955; x_wconf 88' lang='lat' dir='ltr'><strong>rel.</strong></span> <span class='ocrx_word' id='word_1_280' title='bbox 936 1923 1013 1956; x_wconf 90' lang='lat' dir='ltr'><strong>Hoc</strong></span> <span class='ocrx_word' id='word_1_281' title='bbox 1046 1929 1191 1968; x_wconf 85' lang='lat' dir='ltr'><strong>pactum</strong></span> <span class='ocrx_word' id='word_1_282' title='bbox 1216 1934 1324 1958; x_wconf 87' lang='lat' dir='ltr'><strong>aurea</strong></span> <span class='ocrx_word' id='word_1_283' title='bbox 1354 1924 1457 1957; x_wconf 84' lang='lat' dir='ltr'><strong>bulla</strong></span> <span class='ocrx_word' id='word_1_284' title='bbox 1484 1926 1560 1957; x_wconf 81' lang='lat' dir='ltr'><strong>Im-</strong></span> 
     </span>
     <span class='ocr_line' id='line_1_33' title="bbox 211 1969 1556 2016; baseline 0.001 -12"><span class='ocrx_word' id='word_1_285' title='bbox 211 1975 359 2016; x_wconf 80' lang='lat' dir='ltr'><strong>perator</strong></span> <span class='ocrx_word' id='word_1_286' title='bbox 397 1969 630 2004; x_wconf 87' lang='lat' dir='ltr'><strong>confirmavit.</strong></span> <span class='ocrx_word' id='word_1_287' title='bbox 783 1969 820 2016; x_wconf 83' lang='lat'><strong>2)</strong></span> <span class='ocrx_word' id='word_1_288' title='bbox 857 1969 958 2002; x_wconf 83' lang='lat' dir='ltr'><strong>Hane</strong></span> <span class='ocrx_word' id='word_1_289' title='bbox 997 1980 1164 2014; x_wconf 85' lang='lat' dir='ltr'><strong>pompam</strong></span> <span class='ocrx_word' id='word_1_290' title='bbox 1212 1971 1438 2004; x_wconf 77' lang='lat' dir='ltr'><strong>Constantia.</strong></span> <span class='ocrx_word' id='word_1_291' title='bbox 1474 1982 1556 2015; x_wconf 80' lang='lat' dir='ltr'><strong>pag.</strong></span> 
     </span>
     <span class='ocr_line' id='line_1_34' title="bbox 210 2014 1554 2063; baseline -0.001 -12"><span class='ocrx_word' id='word_1_292' title='bbox 210 2019 272 2062; x_wconf 77' lang='lat'><strong>98.</strong></span> <span class='ocrx_word' id='word_1_293' title='bbox 302 2027 381 2063; x_wconf 81' lang='lat' dir='ltr'><strong>sqq.</strong></span> <span class='ocrx_word' id='word_1_294' title='bbox 426 2015 555 2049; x_wconf 87' lang='lat' dir='ltr'><strong>ordine</strong></span> <span class='ocrx_word' id='word_1_295' title='bbox 601 2015 784 2050; x_wconf 81' lang='lat' dir='ltr'><strong>describit.</strong></span> <span class='ocrx_word' id='word_1_296' title='bbox 821 2014 923 2048; x_wconf 86' lang='lat' dir='ltr'><strong>Adde</strong></span> <span class='ocrx_word' id='word_1_297' title='bbox 959 2015 1105 2050; x_wconf 83' lang='lat' dir='ltr'><strong>Contin.</strong></span> <span class='ocrx_word' id='word_1_298' title='bbox 1151 2016 1317 2061; x_wconf 79' lang='lat' dir='ltr'><strong>Theoph.</strong></span> <span class='ocrx_word' id='word_1_299' title='bbox 1360 2028 1442 2062; x_wconf 83' lang='lat' dir='ltr'><strong>pag.</strong></span> <span class='ocrx_word' id='word_1_300' title='bbox 1476 2020 1554 2052; x_wconf 82' lang='lat'><strong>268.</strong></span> 
     </span>
     <span class='ocr_line' id='line_1_35' title="bbox 212 2061 1555 2108; baseline 0 -12"><span class='ocrx_word' id='word_1_301' title='bbox 212 2062 319 2108; x_wconf 84' lang='lat' dir='ltr'><strong>Quae</strong></span> <span class='ocrx_word' id='word_1_302' title='bbox 363 2063 476 2097; x_wconf 83' lang='lat' dir='ltr'><strong>fuerit</strong></span> <span class='ocrx_word' id='word_1_303' title='bbox 515 2073 636 2096; x_wconf 82' lang='lat' dir='ltr'><strong>sacrae</strong></span> <span class='ocrx_word' id='word_1_304' title='bbox 674 2063 823 2108; x_wconf 80' lang='lat' dir='ltr'><strong>imagini</strong></span> <span class='ocrx_word' id='word_1_305' title='bbox 860 2063 1062 2095; x_wconf 84' lang='lat' dir='ltr'><strong>reverentia</strong></span> <span class='ocrx_word' id='word_1_306' title='bbox 1105 2061 1290 2104; x_wconf 75' lang='lat' dir='ltr'><strong>exhibita,</strong></span> <span class='ocrx_word' id='word_1_307' title='bbox 1343 2070 1495 2108; x_wconf 83' lang='lat' dir='ltr'><strong>apparet</strong></span> <span class='ocrx_word' id='word_1_308' title='bbox 1534 2074 1555 2096; x_wconf 92' lang='lat' dir='ltr'><strong>e</strong></span> 
     </span>
     <span class='ocr_line' id='line_1_36' title="bbox 213 2107 1556 2154; baseline 0 -12"><span class='ocrx_word' id='word_1_309' title='bbox 213 2108 363 2154; x_wconf 79' lang='lat' dir='ltr'><strong>Gregor,</strong></span> <span class='ocrx_word' id='word_1_310' title='bbox 391 2108 557 2143; x_wconf 80' lang='lat' dir='ltr'><strong>Monach.</strong></span> <span class='ocrx_word' id='word_1_311' title='bbox 581 2119 660 2154; x_wconf 86' lang='lat' dir='ltr'><strong>pag.</strong></span> <span class='ocrx_word' id='word_1_312' title='bbox 685 2110 776 2150; x_wconf 67' lang='lat'><strong>505„</strong></span> <span class='ocrx_word' id='word_1_313' title='bbox 799 2107 864 2141; x_wconf 89' lang='lat' dir='ltr'><strong>ubi</strong></span> <span class='ocrx_word' id='word_1_314' title='bbox 887 2108 957 2142; x_wconf 91' lang='lat' dir='ltr'><strong>hoc</strong></span> <span class='ocrx_word' id='word_1_315' title='bbox 991 2109 1186 2154; x_wconf 86' lang='lat' dir='ltr'><strong>praecipue</strong></span> <span class='ocrx_word' id='word_1_316' title='bbox 1209 2110 1284 2143; x_wconf 86' lang='lat' dir='ltr'><strong>telo</strong></span> <span class='ocrx_word' id='word_1_317' title='bbox 1310 2110 1349 2142; x_wconf 89' lang='lat' dir='ltr'><strong>in</strong></span> <span class='ocrx_word' id='word_1_318' title='bbox 1375 2120 1556 2143; x_wconf 82' lang='lat' dir='ltr'><strong>eversores</strong></span> 
     </span>
     <span class='ocr_line' id='line_1_37' title="bbox 212 2155 1557 2196; baseline 0 -8"><span class='ocrx_word' id='word_1_319' title='bbox 212 2155 508 2196; x_wconf 78' lang='lat' dir='ltr'><strong>simulacrorum,</strong></span> <span class='ocrx_word' id='word_1_320' title='bbox 543 2155 675 2188; x_wconf 73' lang='lat' dir='ltr'><strong>Leonis</strong></span> <span class='ocrx_word' id='word_1_321' title='bbox 699 2155 845 2189; x_wconf 81' lang='lat' dir='ltr'><strong>Armeni</strong></span> <span class='ocrx_word' id='word_1_322' title='bbox 868 2159 988 2189; x_wconf 85' lang='lat' dir='ltr'><strong>aetate</strong></span> <span class='ocrx_word' id='word_1_323' title='bbox 1011 2155 1134 2189; x_wconf 83' lang='lat' dir='ltr'><strong>turbas</strong></span> <span class='ocrx_word' id='word_1_324' title='bbox 1162 2161 1447 2196; x_wconf 83' lang='lat' dir='ltr'><strong>commoventes,</strong></span> <span class='ocrx_word' id='word_1_325' title='bbox 1480 2157 1557 2189; x_wconf 79' lang='lat' dir='ltr'><strong>uti-</strong></span> 
     </span>
     <span class='ocr_line' id='line_1_38' title="bbox 210 2200 1557 2248; baseline 0.001 -12"><span class='ocrx_word' id='word_1_326' title='bbox 210 2206 284 2236; x_wconf 71' lang='lat' dir='ltr'><strong>tur.</strong></span> <span class='ocrx_word' id='word_1_327' title='bbox 331 2201 368 2248; x_wconf 80' lang='lat'><strong>3)</strong></span> <span class='ocrx_word' id='word_1_328' title='bbox 390 2201 432 2234; x_wconf 89' lang='lat' dir='ltr'><strong>V.</strong></span> <span class='ocrx_word' id='word_1_329' title='bbox 457 2200 676 2235; x_wconf 83' lang='lat' dir='ltr'><strong>combefisio</strong></span> <span class='ocrx_word' id='word_1_330' title='bbox 706 2207 832 2236; x_wconf 86' lang='lat' dir='ltr'><strong>notata</strong></span> <span class='ocrx_word' id='word_1_331' title='bbox 853 2212 888 2245; x_wconf 90' lang='lat' dir='ltr'><strong>p.</strong></span> <span class='ocrx_word' id='word_1_332' title='bbox 913 2212 991 2235; x_wconf 79' lang='lat'><strong>100.</strong></span> <span class='ocrx_word' id='word_1_333' title='bbox 1039 2202 1220 2247; x_wconf 83' lang='lat' dir='ltr'><strong>Manipuli</strong></span> <span class='ocrx_word' id='word_1_334' title='bbox 1250 2202 1439 2248; x_wconf 85' lang='lat' dir='ltr'><strong>Originum</strong></span> <span class='ocrx_word' id='word_1_335' title='bbox 1464 2202 1557 2238; x_wconf 82' lang='lat' dir='ltr'><strong>CSP.</strong></span> 
     </span>
     <span class='ocr_line' id='line_1_39' title="bbox 212 2245 1557 2293; baseline 0 -11"><span class='ocrx_word' id='word_1_336' title='bbox 212 2253 254 2282; x_wconf 82' lang='lat' dir='ltr'><strong>et</strong></span> <span class='ocrx_word' id='word_1_337' title='bbox 276 2248 440 2293; x_wconf 85' lang='lat' dir='ltr'><strong>expende</strong></span> <span class='ocrx_word' id='word_1_338' title='bbox 470 2248 598 2289; x_wconf 86' lang='lat' dir='ltr'><strong>verba,</strong></span> <span class='ocrx_word' id='word_1_339' title='bbox 642 2259 737 2293; x_wconf 87' lang='lat' dir='ltr'><strong>quae</strong></span> <span class='ocrx_word' id='word_1_340' title='bbox 766 2249 807 2282; x_wconf 86' lang='lat' dir='ltr'><strong>in</strong></span> <span class='ocrx_word' id='word_1_341' title='bbox 830 2249 902 2282; x_wconf 84' lang='lat' dir='ltr'><strong>fine</strong></span> <span class='ocrx_word' id='word_1_342' title='bbox 933 2248 1108 2282; x_wconf 85' lang='lat' dir='ltr'><strong>orationis</strong></span> <span class='ocrx_word' id='word_1_343' title='bbox 1143 2255 1356 2283; x_wconf 84' lang='lat' dir='ltr'><strong>occurrunt:</strong></span> <span class='ocrx_word' id='word_1_344' title='bbox 1401 2245 1430 2281; x_wconf 81' lang='grc' dir='ltr'><em>ὦ</em></span> <span class='ocrx_word' id='word_1_345' title='bbox 1454 2251 1557 2282; x_wconf 75' lang='grc' dir='ltr'><strong>θεῶν</strong></span> 
     </span>
     <span class='ocr_line' id='line_1_40' title="bbox 213 2288 1557 2346; baseline -0.001 -18"><span class='ocrx_word' id='word_1_346' title='bbox 213 2293 390 2340; x_wconf 74' lang='grc' dir='ltr'><strong><em>ὄμοίωμα</em></strong></span> <span class='ocrx_word' id='word_1_347' title='bbox 414 2295 482 2327; x_wconf 77' lang='grc' dir='ltr'><strong>τοῦ</strong></span> <span class='ocrx_word' id='word_1_348' title='bbox 510 2292 800 2340; x_wconf 64' lang='grc' dir='ltr'><strong>ἄπαραλλάκτου</strong></span> <span class='ocrx_word' id='word_1_349' title='bbox 823 2293 1183 2346; x_wconf 39' lang='grc' dir='ltr'><strong><em>πατρὸςηφροίρει</em></strong></span> <span class='ocrx_word' id='word_1_350' title='bbox 1220 2294 1279 2328; x_wconf 79' lang='grc' dir='ltr'><strong>αἐὶ</strong></span> <span class='ocrx_word' id='word_1_351' title='bbox 1302 2288 1370 2329; x_wconf 78' lang='grc' dir='ltr'><strong>τὸν</strong></span> <span class='ocrx_word' id='word_1_352' title='bbox 1398 2295 1557 2338; x_wconf 73' lang='grc' dir='ltr'><em>εὐσεβῶς</em></span> 
     </span>
     <span class='ocr_line' id='line_1_41' title="bbox 213 2339 1557 2387; baseline 0 -13"><span class='ocrx_word' id='word_1_353' title='bbox 213 2342 281 2374; x_wconf 65' lang='grc' dir='ltr'><strong>καὶ</strong></span> <span class='ocrx_word' id='word_1_354' title='bbox 300 2339 430 2385; x_wconf 73' lang='grc' dir='ltr'><strong><em>πρᾴως</em></strong></span> <span class='ocrx_word' id='word_1_355' title='bbox 452 2341 560 2386; x_wconf 73' lang='grc' dir='ltr'><strong>ἡμῶν</strong></span> <span class='ocrx_word' id='word_1_356' title='bbox 580 2341 849 2384; x_wconf 76' lang='grc' dir='ltr'><strong>βασιλεύοντα,</strong></span> <span class='ocrx_word' id='word_1_357' title='bbox 881 2342 947 2374; x_wconf 75' lang='grc' dir='ltr'><strong>καὶ</strong></span> <span class='ocrx_word' id='word_1_358' title='bbox 967 2352 1036 2382; x_wconf 79' lang='grc' dir='ltr'><strong>την</strong></span> <span class='ocrx_word' id='word_1_359' title='bbox 1059 2341 1123 2382; x_wconf 79' lang='grc' dir='ltr'><strong>τῆς</strong></span> <span class='ocrx_word' id='word_1_360' title='bbox 1147 2341 1363 2387; x_wconf 65' lang='grc' dir='ltr'><strong><em>ἀποδημίας</em></strong></span> <span class='ocrx_word' id='word_1_361' title='bbox 1388 2339 1557 2386; x_wconf 61' lang='grc' dir='ltr'>ἀνάμνη-</span> 
     </span>
     <span class='ocr_line' id='line_1_42' title="bbox 212 2385 1556 2433; baseline 0.001 -14"><span class='ocrx_word' id='word_1_362' title='bbox 212 2394 281 2420; x_wconf 80' lang='grc' dir='ltr'><strong>σιν</strong></span> <span class='ocrx_word' id='word_1_363' title='bbox 310 2387 494 2432; x_wconf 76' lang='grc' dir='ltr'><strong><em>λαμπρῶς</em></strong></span> <span class='ocrx_word' id='word_1_364' title='bbox 522 2385 770 2433; x_wconf 68' lang='grc' dir='ltr'><strong>ἑορτάζων-τα,</strong></span> <span class='ocrx_word' id='word_1_365' title='bbox 806 2385 863 2428; x_wconf 47' lang='grc' dir='ltr'><strong>ὃνἸ</strong></span> <span class='ocrx_word' id='word_1_366' title='bbox 883 2388 931 2433; x_wconf 74' lang='grc' dir='ltr'><strong>τῇ</strong></span> <span class='ocrx_word' id='word_1_367' title='bbox 959 2389 1152 2432; x_wconf 73' lang='grc' dir='ltr'><strong><em>παρουσίᾳ</em></strong></span> <span class='ocrx_word' id='word_1_368' title='bbox 1178 2398 1247 2420; x_wconf 86' lang='grc' dir='ltr'><strong>σου</strong></span> <span class='ocrx_word' id='word_1_369' title='bbox 1274 2388 1339 2420; x_wconf 75' lang='grc' dir='ltr'><strong>ἐπὶ</strong></span> <span class='ocrx_word' id='word_1_370' title='bbox 1361 2385 1428 2420; x_wconf 75' lang='grc' dir='ltr'><strong>τὸν</strong></span> <span class='ocrx_word' id='word_1_371' title='bbox 1451 2397 1556 2420; x_wconf 81' lang='grc' dir='ltr'><em>παπ-</em></span> 
     </span>
     <span class='ocr_line' id='line_1_43' title="bbox 213 2431 1556 2478; baseline -0.001 -12"><span class='ocrx_word' id='word_1_372' title='bbox 213 2434 321 2478; x_wconf 68' lang='grc' dir='ltr'><strong>πᾷον</strong></span> <span class='ocrx_word' id='word_1_373' title='bbox 342 2435 407 2466; x_wconf 77' lang='grc' dir='ltr'><strong>καὶ</strong></span> <span class='ocrx_word' id='word_1_374' title='bbox 427 2436 604 2478; x_wconf 73' lang='grc' dir='ltr'><strong><em>πατρῷον</em></strong></span> <span class='ocrx_word' id='word_1_375' title='bbox 624 2433 771 2477; x_wconf 74' lang='grc' dir='ltr'><strong><em>θρόνον</em></strong></span> <span class='ocrx_word' id='word_1_376' title='bbox 790 2431 1004 2476; x_wconf 76' lang='grc' dir='ltr'><em>α’νύψωσας.</em></span> <span class='ocrx_word' id='word_1_377' title='bbox 1051 2433 1155 2467; x_wconf 82' lang='lat' dir='ltr'><strong>Adde</strong></span> <span class='ocrx_word' id='word_1_378' title='bbox 1178 2434 1339 2467; x_wconf 85' lang='lat' dir='ltr'><strong>Lambec.</strong></span> <span class='ocrx_word' id='word_1_379' title='bbox 1358 2434 1556 2467; x_wconf 81' lang='lat' dir='ltr'><strong>comment.</strong></span> 
     </span>
     <span class='ocr_line' id='line_1_44' title="bbox 217 2478 1556 2525; baseline 0 -13"><span class='ocrx_word' id='word_1_380' title='bbox 217 2478 265 2512; x_wconf 80' lang='lat' dir='ltr'><strong>de</strong></span> <span class='ocrx_word' id='word_1_381' title='bbox 285 2479 379 2513; x_wconf 86' lang='lat' dir='ltr'><strong>Bibl.</strong></span> <span class='ocrx_word' id='word_1_382' title='bbox 411 2479 570 2515; x_wconf 85' lang='lat' dir='ltr'><strong>Vindob&#39;.</strong></span> <span class='ocrx_word' id='word_1_383' title='bbox 594 2481 632 2513; x_wconf 93' lang='lat' dir='ltr'><strong>L.</strong></span> <span class='ocrx_word' id='word_1_384' title='bbox 656 2480 750 2513; x_wconf 83' lang='lat' dir='ltr'><strong>VIII.</strong></span> <span class='ocrx_word' id='word_1_385' title='bbox 774 2491 808 2523; x_wconf 83' lang='lat' dir='ltr'><strong>p.</strong></span> <span class='ocrx_word' id='word_1_386' title='bbox 838 2482 914 2524; x_wconf 80' lang='lat'><strong>196.</strong></span> <span class='ocrx_word' id='word_1_387' title='bbox 954 2485 991 2513; x_wconf 90' lang='lat' dir='ltr'><strong>et</strong></span> <span class='ocrx_word' id='word_1_388' title='bbox 1016 2479 1162 2524; x_wconf 83' lang='lat' dir='ltr'><strong>Paginm</strong></span> <span class='ocrx_word' id='word_1_389' title='bbox 1197 2480 1243 2513; x_wconf 89' lang='lat' dir='ltr'><strong>ad</strong></span> <span class='ocrx_word' id='word_1_390' title='bbox 1266 2491 1322 2514; x_wconf 85' lang='lat' dir='ltr'><strong>an.</strong></span> <span class='ocrx_word' id='word_1_391' title='bbox 1347 2481 1427 2525; x_wconf 64' lang='grc'>944.</span> <span class='ocrx_word' id='word_1_392' title='bbox 1452 2491 1488 2513; x_wconf 86' lang='lat' dir='ltr'><strong>n.</strong></span> <span class='ocrx_word' id='word_1_393' title='bbox 1512 2480 1556 2512; x_wconf 87' lang='lat' dir='ltr'><strong>V.</strong></span> 
     </span>
     <span class='ocr_line' id='line_1_45' title="bbox 218 2524 1555 2571; baseline -0.001 -12"><span class='ocrx_word' id='word_1_394' title='bbox 218 2524 257 2571; x_wconf 76' lang='grc'><strong>4)</strong></span> <span class='ocrx_word' id='word_1_395' title='bbox 283 2526 546 2560; x_wconf 70' lang='lat' dir='ltr'><strong>constantinus</strong></span> <span class='ocrx_word' id='word_1_396' title='bbox 586 2527 713 2571; x_wconf 76' lang='lat' dir='ltr'><strong>itaque</strong></span> <span class='ocrx_word' id='word_1_397' title='bbox 762 2525 1100 2571; x_wconf 76' lang='lat' dir='ltr'><strong>Porphymgem‘tus</strong></span> <span class='ocrx_word' id='word_1_398' title='bbox 1136 2534 1210 2560; x_wconf 83' lang='lat' dir='ltr'><strong>tum</strong></span> <span class='ocrx_word' id='word_1_399' title='bbox 1247 2527 1435 2566; x_wconf 77' lang='lat' dir='ltr'><strong>orationi,</strong></span> <span class='ocrx_word' id='word_1_400' title='bbox 1479 2534 1555 2559; x_wconf 79' lang='lat' dir='ltr'><strong>tum</strong></span> 
     </span>
     <span class='ocr_line' id='line_1_46' title="bbox 219 2571 1558 2618; baseline 0.001 -14"><span class='ocrx_word' id='word_1_401' title='bbox 219 2571 442 2605; x_wconf 65' lang='lat' dir='ltr'><strong>lectionibus</strong></span> <span class='ocrx_word' id='word_1_402' title='bbox 479 2576 641 2614; x_wconf 79' lang='lat' dir='ltr'><strong>vacans,</strong></span> <span class='ocrx_word' id='word_1_403' title='bbox 688 2581 800 2606; x_wconf 79' lang='lat' dir='ltr'><strong>totum</strong></span> <span class='ocrx_word' id='word_1_404' title='bbox 838 2583 876 2605; x_wconf 75' lang='lat' dir='ltr'><strong>se</strong></span> <span class='ocrx_word' id='word_1_405' title='bbox 914 2573 1069 2606; x_wconf 79' lang='lat' dir='ltr'><strong>Domino</strong></span> <span class='ocrx_word' id='word_1_406' title='bbox 1106 2571 1403 2611; x_wconf 82' lang='lat' dir='ltr'><strong>commendabat,</strong></span> <span class='ocrx_word' id='word_1_407' title='bbox 1448 2583 1558 2618; x_wconf 83' lang='lat' dir='ltr'><strong>opere</strong></span> 
     </span>
     <span class='ocr_line' id='line_1_47' title="bbox 219 2615 1556 2663; baseline 0.001 -13"><span class='ocrx_word' id='word_1_408' title='bbox 219 2629 388 2651; x_wconf 86' lang='lat' dir='ltr'><strong>manuum</strong></span> <span class='ocrx_word' id='word_1_409' title='bbox 426 2619 564 2652; x_wconf 79' lang='lat' dir='ltr'><strong>victum</strong></span> <span class='ocrx_word' id='word_1_410' title='bbox 610 2618 852 2663; x_wconf 77' lang='lat' dir='ltr'><strong>quaeritans:</strong></span> <span class='ocrx_word' id='word_1_411' title='bbox 900 2629 989 2652; x_wconf 79' lang='lat' dir='ltr'><strong>sane</strong></span> <span class='ocrx_word' id='word_1_412' title='bbox 1024 2615 1090 2659; x_wconf 73' lang='grc' dir='ltr'><strong>τὴν</strong></span> <span class='ocrx_word' id='word_1_413' title='bbox 1120 2618 1366 2662; x_wconf 76' lang='grc' dir='ltr'><strong><em>ζωγραφίαν,</em></strong></span> <span class='ocrx_word' id='word_1_414' title='bbox 1409 2616 1451 2651; x_wconf 82' lang='lat' dir='ltr'><strong>id</strong></span> <span class='ocrx_word' id='word_1_415' title='bbox 1477 2626 1556 2657; x_wconf 75' lang='lat' dir='ltr'><strong>est,</strong></span> 
     </span>
     <span class='ocr_line' id='line_1_48' title="bbox 219 2664 1560 2709; baseline 0 -13"><span class='ocrx_word' id='word_1_416' title='bbox 219 2665 429 2708; x_wconf 80' lang='lat' dir='ltr'><strong>picturam,</strong></span> <span class='ocrx_word' id='word_1_417' title='bbox 462 2665 678 2709; x_wconf 76' lang='lat' dir='ltr'><strong>perpulchre</strong></span> <span class='ocrx_word' id='word_1_418' title='bbox 712 2665 916 2700; x_wconf 73' lang='lat' dir='ltr'><strong>exercebat.</strong></span> <span class='ocrx_word' id='word_1_419' title='bbox 962 2664 1175 2708; x_wconf 82' lang='lat' dir='ltr'><strong>Luitprand.</strong></span> <span class='ocrx_word' id='word_1_420' title='bbox 1202 2665 1239 2696; x_wconf 88' lang='lat' dir='ltr'><strong>L.</strong></span> <span class='ocrx_word' id='word_1_421' title='bbox 1265 2665 1326 2696; x_wconf 86' lang='lat'><strong>111.</strong></span> <span class='ocrx_word' id='word_1_422' title='bbox 1352 2675 1380 2695; x_wconf 89' lang='lat' dir='ltr'><strong>c.</strong></span> <span class='ocrx_word' id='word_1_423' title='bbox 1405 2677 1437 2709; x_wconf 87' lang='lat'><strong>9.</strong></span> <span class='ocrx_word' id='word_1_424' title='bbox 1463 2665 1560 2696; x_wconf 82' lang='lat' dir='ltr'><strong>llaec</strong></span> 
     </span>
     <span class='ocr_line' id='line_1_49' title="bbox 222 2709 1558 2754; baseline 0.003 -14"><span class='ocrx_word' id='word_1_425' title='bbox 222 2709 269 2741; x_wconf 89' lang='lat' dir='ltr'><strong>ad</strong></span> <span class='ocrx_word' id='word_1_426' title='bbox 302 2709 451 2742; x_wconf 72' lang='lat' dir='ltr'><strong>verbum</strong></span> <span class='ocrx_word' id='word_1_427' title='bbox 486 2710 525 2743; x_wconf 86' lang='lat' dir='ltr'><strong>in</strong></span> <span class='ocrx_word' id='word_1_428' title='bbox 557 2722 621 2742; x_wconf 89' lang='lat' dir='ltr'><strong>suo</strong></span> <span class='ocrx_word' id='word_1_429' title='bbox 658 2710 836 2743; x_wconf 83' lang='lat' dir='ltr'><strong>Chronico</strong></span> <span class='ocrx_word' id='word_1_430' title='bbox 869 2710 1003 2754; x_wconf 82' lang='lat' dir='ltr'><strong>repetit</strong></span> <span class='ocrx_word' id='word_1_431' title='bbox 1033 2709 1239 2754; x_wconf 77' lang='lat' dir='ltr'><strong>sigebertus</strong></span> <span class='ocrx_word' id='word_1_432' title='bbox 1271 2721 1307 2754; x_wconf 86' lang='lat' dir='ltr'><strong>p.</strong></span> <span class='ocrx_word' id='word_1_433' title='bbox 1332 2711 1409 2744; x_wconf 80' lang='lat'><strong>255.</strong></span> <span class='ocrx_word' id='word_1_434' title='bbox 1456 2710 1558 2745; x_wconf 88' lang='lat' dir='ltr'><strong>Idem</strong></span> 
     </span>
    </p>
   </div>
   <div class='ocr_carea' id='block_1_4' title="bbox 212 2777 1391 2823">
    <p class='ocr_par' dir='ltr' id='par_1_7' title="bbox 212 2777 1391 2823">
     <span class='ocr_line' id='line_1_50' title="bbox 212 2777 1391 2823; baseline -0.003 -12"><span class='ocrx_word' id='word_1_435' title='bbox 212 2777 474 2812; x_wconf 74' lang='lat' dir='ltr'><strong>Constantinus</strong></span> <span class='ocrx_word' id='word_1_436' title='bbox 492 2778 665 2823; x_wconf 80' lang='lat' dir='ltr'><strong>Porphyr.</strong></span> <span class='ocrx_word' id='word_1_437' title='bbox 696 2779 771 2812; x_wconf 79' lang='lat' dir='ltr'><strong>Vol.</strong></span> <span class='ocrx_word' id='word_1_438' title='bbox 794 2778 824 2811; x_wconf 88' lang='grc' dir='ltr'><strong>Ι.</strong></span> <span class='ocrx_word' id='word_1_439' title='bbox 1278 2779 1391 2806; x_wconf 57' lang='lat'><strong>*⁴3¹²*</strong></span> 
     </span>
    </p>
   </div>
   <div class='ocr_carea' id='block_1_5' title="bbox 0 911 68 3112">
    <p class='ocr_par' dir='ltr' id='par_1_8' title="bbox 0 911 68 3112">
     <span class='ocr_line' id='line_1_51' title="bbox 0 911 68 3112; baseline 0 0"><span class='ocrx_word' id='word_1_440' title='bbox 0 911 68 3112; x_wconf 95' lang='lat' dir='ltr'><strong> </strong></span> 
     </span>
    </p>
   </div>
  </div>
 </body>
</html>
