1878 3112
388 144 463 186 DE
500 139 762 187 CERIMON.
799 139 986 184 AULAE
1018 139 1243 185 BYZANT.
1280 144 1316 184 1.
1341 145 1412 194 89.
1527 122 1637 191 40'1

144 258 147 262 ·
192 244 299 303 πεζῇ
326 243 491 302 α’πέλθῃ
519 245 592 287 ἐπὶ
618 242 913 299 Naxoptridtav,
953 240 1034 285 εἴτε
1062 239 1286 298 βούλεται,
1324 241 1541 300 δρόμοισιν
1569 243 1646 284 α’ν-

192 306 422 368 τιπεράσῃ,
448 311 523 352 καί
558 311 797 366 ἐνδακιδίζῃ
828 311 875 352 δὲ
902 308 1066 357 πάντως
1089 306 1175 365 χρή
1215 305 1546 365 εὐτρεπισθῆναι
1572 306 1649 350 καὶ

192 375 347 424 ἵππους
385 373 460 418 καί
494 377 605 429 ζῶα,
647 375 716 417 ἵνα
755 377 955 427 δέξωνται
984 372 1116 416 αὔτόν
1142 373 1217 416 καὶ
1256 373 1468 430 α’γάγωσιν
1508 374 1640 429 μέχρι

192 439 491 496 Καλχηδόνος·
547 443 593 484 ἕν
640 443 686 482 δὲ
727 437 974 496 Καλχηδόνι
1024 438 1099 482 τόν
1144 437 1373 496 μα’γιστρον
1418 436 1645 493 ἑτοιμάσαι

169 504 359 562 ὅμητάτα
396 509 470 550 καί
501 508 616 566 αὕτῷ
642 509 716 550 καί
741 513 827 557 τοῖς
868 504 1109 563 α’νθριόποις
1154 506 1311 559 αὐτοῦ,
1356 506 1430 548 καί
1471 508 1683 559 πέμψαιῦ

191 571 268 615 τὸν
309 571 483 615 ὄπτίονα
510 575 592 615 τῶν
628 571 859 629 βαρβάρων
904 571 978 613 καί
1005 567 1243 614 α’ποθέσθαι
1273 571 1389 628 αὐτῷ
1417 569 1643 624 α’νιιλώμα-

189 653 243 680 τα
269 638 414 692 ἕτοιμα
442 640 515 694 τῆς
543 638 703 694 ἡμέρας
720 671 733 693 ,
774 635 800 693 ἢ
828 637 900 680 καί
924 640 1007 680 τῶν
1034 637 1224 693 ἡμερῶν,
1261 631 1321 679 ὧν
1348 636 1438 691 ἔχει
1463 640 1642 692 ποιῆσαι

191 706 238 748 ἐν
264 702 520 760 Χαλκηδόνι.
574 705 647 746 καί
673 706 786 755 ξένια
814 706 862 746 δὲ
889 705 1041 757 πέμπει
1069 704 1200 760 αὐτῇ.
1255 700 1453 760 προσήκει
1494 705 1540 745 δὲ
1568 702 1644 746 τόν

189 769 420 826 μάγιστρον
446 770 615 822 πέμψαι
646 767 781 819 εὐθὺς
807 770 866 820 εἰς
887 766 1114 822 ἄσπασμόν
1142 769 1301 822 αὐτοῦ,
1330 771 1403 810 καί
1430 770 1642 824 ἐρωτῆσαι

142 834 344 889 maviron,
370 837 459 885 πῶς
486 831 612 891 ἦλθε,
654 835 725 877 καί
748 834 807 890 μὴ
838 832 1015 890 ἑσιάνθη
1044 835 1092 876 τί
1112 849 1232 887 ποτε,
1262 833 1336 875 καὶ
1362 833 1506 883 ἁπλῶς
1532 833 1638 877 κατὰ

190 900 239 944 τὸ
270 903 485 957 ἐγχωροῦν
511 902 778 957 θεραπεῦσαι
816 900 954 942 αὐτόν.
1010 898 1095 955 χρη
1127 901 1173 941 δὲ
1198 901 1243 942 ἐν
1270 900 1323 955 τῇ
1359 897 1475 940 πόλει
1514 915 1642 955 προε-

191 970 475 1022 τοιμασθῆναι
509 965 557 1009 τὸ
580 963 764 1022 μητάτον
798 966 927 1008 αὐτοῦ
966 964 1072 1022 πρὸς
1110 963 1188 1021 τὴν
1216 967 1338 1015 α’ξίαν
1368 967 1444 1006 τοῦ
1474 962 1642 1020 ἀνθρώ-

190 1048 274 1075 που
297 1034 371 1075 καί
394 1031 439 1075 τὸ
468 1031 652 1088 πλῆθος,
682 1028 781 1087 ὅπερ
814 1032 1079 1088 ἐπιφέρεται,
1111 1030 1184 1072 καί
1217 1031 1464 1086 εὔτρεπιὲῑαι
1490 1031 1535 1072 ἐν
1560 1030 1641 1071 av’.

190 1100 252 1156 τῷ
285 1095 524 1155 κραββὰτια
565 1098 639 1140 καὶ
675 1095 934 1154 στρώμματα
972 1098 1045 1139 καί
1083 1093 1279 1151 κλιβάνια
1318 1095 1393 1138 καί
1426 1093 1684 1152 α’ρούλλαςι)

139 1163 267 1211 15καὶ
294 1165 505 1220 τραπέζας
531 1165 606 1206 καί
637 1160 814 1220 ὂπέρας,
853 1160 959 1205 ὥστε
989 1163 1245 1219 ὑδροφορεῖν
1282 1163 1358 1204 καί
1392 1160 1471 1211 τὰς
1507 1157 1638 1211 ἄλλας

186 1228 638 1287 ῥυπαρὰςγῦπηρεσίας
677 1229 916 1285 ὑπουργεῖν.
973 1227 1080 1271 cinci
1117 1226 1168 1271 τὰ
1203 1230 1283 1282 μὲν
1322 1225 1579 1284 στρώμματα
1612 1223 1637 1267 ὅ

185 1293 317 1352 κόμης
348 1297 430 1339 τῶν
458 1293 673 1352 πριβάτων
700 1295 809 1338 κατὰ
839 1295 1054 1338 πιττάκιον
1075 1296 1151 1337 τοῦ
1174 1295 1406 1349 μαγίστρου
1431 1290 1607 1334 ἀπολύει
1620 1327 1635 1346 ,

185 1354 278 1418 ἦτοι
298 1361 321 1403 ὅ
357 1359 652 1418 σακκελλάριος
673 1364 750 1404 τοῦ
773 1362 1005 1416 βασιλέως·
1064 1362 1174 1418 (νῦν
1197 1358 1279 1415 γὰρ
1310 1361 1370 1409 εἰς
1399 1357 1532 1401 αὐτόν
1556 1374 1635 1411 με-

185 1422 366 1485 τηνέχθη
396 1426 623 1485 ἧχρείαῆ
679 1426 731 1470 τὰ
767 1429 815 1470 δὲ
851 1427 1087 1484 κραββάτια
1131 1427 1204 1468 καί
1241 1423 1402 1483 σκύφια
1431 1424 1505 1466 καί
1531 1441 1635 1480 τρομ

278 1573 310 1596 2.
334 1555 430 1598 ἔνθα
454 1561 519 1595 καὶ
543 1560 686 1604 δίζηται
709 1559 752 1597 δὲ
775 1561 868 1595 coni.
893 1561 931 1596 R.
1030 1572 1082 1606 ¹7·
1105 1555 1259 1593 ΣΧΟΛ.
1283 1556 1360 1593 τῶν
1379 1553 1525 1592 {daniu-

191 1673 276 1706 cisci
297 1673 344 1707 ad
362 1673 611 1708 Nicomediam
622 1675 724 1716 velit,
748 1676 824 1709 sive
837 1675 925 1708 illuc
942 1673 1076 1715 fretum
1089 1674 1321 1707 interiectum
1332 1671 1500 1708 traiicere
1516 1671 1635 1714 malit,

188 1716 341 1755 arbitrio
353 1732 418 1754 suo
431 1715 501 1765 ipsi
515 1722 569 1753 uti
583 1722 701 1754 liceat.
730 1721 960 1767 Quocunque
977 1721 1123 1755 tandem
1137 1720 1246 1753 modo
1260 1721 1314 1753 ire
1326 1720 1462 1764 cupiat,
1488 1724 1635 1764 oportet

184 1766 240 1800 ibi
258 1777 371 1813 equos
399 1773 436 1800 et
453 1768 570 1800 mulos
587 1769 657 1813 ipsi
674 1768 889 1812 excipiendo
906 1774 944 1801 et
964 1767 1230 1801 Calchedonem
1253 1766 1466 1800 deducendo
1486 1771 1631 1810 praesto

185 1823 275 1847 esse.
299 1816 340 1847 In
349 1813 580 1848 Calchedone
589 1826 674 1848 vero
689 1814 800 1849 debet
817 1816 984 1859 magister
995 1820 1121 1860 parata
1145 1813 1281 1846 habere
1302 1818 1436 1846 metata
1448 1823 1511 1846 seu
1526 1823 1633 1845 man-

184 1860 306 1895 siones
326 1866 364 1894 et
373 1861 487 1906 ipsius
498 1867 535 1895 et
549 1860 768 1895 famulorum
787 1863 864 1894 eius
883 1862 987 1902 usui,
1005 1867 1042 1895 et
1054 1862 1241 1905 optionem
1253 1859 1491 1894 barbarorum
1504 1859 1632 1892 mitte—-

185 1914 237 1949 re,
250 1907 395 1954 ipsique
413 1918 586 1953 expensas
615 1918 827 1941 enumerare
842 1909 960 1953 legato
976 1919 1040 1952 per
1056 1908 1162 1941 illum
1174 1907 1271 1941 diem
1287 1906 1422 1947 diesve,
1439 1911 1530 1952 quos
1545 1906 1630 1942 Cal-

184 1953 348 1988 chedone
379 1954 630 1999 transigendos
661 1954 854 1996 habuerit,
879 1954 1085 1996 faciendas,
1110 1959 1147 1987 et
1167 1954 1276 1987 simul
1295 1964 1361 1999 per
1377 1954 1503 1998 ipsum
1520 1953 1630 1986 xenia·

183 2006 248 2034 seu
264 2001 475 2034 munuscula
492 2012 558 2047 pro
578 2001 686 2034 felice
705 2001 863 2036 adventu
884 2002 1066 2047 peregrini
1083 2001 1190 2034 amici
1210 2001 1377 2043 mittere;
1402 1999 1467 2033 sed
1487 2005 1524 2033 et
1541 2000 1628 2033 mit-

182 2052 280 2088 tere,
311 2047 376 2093 qui
401 2058 486 2089 suo,
518 2049 700 2093 magistri,
731 2050 879 2082 nomine
908 2049 1089 2093 legatum,
1125 2048 1393 2093 quamprimum
1420 2046 1626 2092 appulerit,-

185 2094 346 2128 salutent
362 2099 399 2127 et
414 2095 659 2140 interrogent,
684 2095 869 2142 quomodo
892 2095 1101 2134 advenerit,
1128 2100 1164 2128 et
1184 2100 1271 2127 num
1292 2095 1550 2140 aegrimoniam
1570 2094 1629 2126 in-

185 2139 360 2175 iuriamve
380 2146 418 2174 et
437 2141 705 2175 incommodum
727 2152 852 2187 passus
879 2142 1003 2176 fuerit.
1050 2141 1173 2175 Verbo
1199 2141 1303 2175 decet
1326 2141 1536 2186 magistrum
1556 2152 1623 2185 pro

183 2184 283 2220 vii-ili
304 2197 367 2220 sua
384 2188 503 2232 legato
518 2190 624 2232 'grata
645 2190 767 2222 omnia
789 2194 827 2223 et
844 2189 959 2222 amica
979 2188 1099 2222 officia
1117 2194 1312 2234 praestare.
1360 2190 1442 2233 lpsa
1466 2189 1504 2220 in
1527 2188 1624 2221 Urbe

184 2237 330 2277 oportet
346 2238 522 2268 metatum
541 2246 605 2269 seu
621 2237 846 2269 mansionem
868 2237 945 2269 eius
962 2231 1106 2280 dignam
1124 2236 1238 2280 ipsius
1258 2243 1412 2280 persona
1437 2240 1474 2268 et
1498 2235 1624 2267 multi-

184 2278 319 2319 tudini,
341 2290 450 2324 quam
470 2292 589 2315 secum
609 2282 735 2323 trahit,
758 2282 1063 2316 accommodatam
1083 2283 1306 2327 praeparari,
1330 2283 1369 2315 in
1390 2293 1461 2328 qua
1480 2287 1625 2326 praesto

185 2325 260 2358 sint
282 2324 445 2369 grabbati
478 2339 541 2361 seu
571 2329 674 2370 lecti,
710 2334 747 2362 et
779 2335 951 2363 stromata
992 2339 1057 2361 seu
1096 2329 1301 2373 stragulae,
1339 2334 1376 2362 et
1399 2328 1535 2362 clibani
1559 2339 1625 2361 seu

185 2370 307 2412 fumi,
333 2376 371 2405 et
391 2374 514 2407 arulae
538 2386 602 2408 seu
626 2375 759 2417 foculi,
786 2381 826 2420 et
850 2386 994 2409 mensae
1020 2380 1057 2408 et
1080 2382 1213 2421 operae
1237 2375 1285 2408 ad
1301 2387 1431 2421 aquam
1452 2385 1624 2419 aggeren-

187 2417 269 2450 dam
295 2422 333 2450 et
357 2418 428 2452 alia
458 2422 672 2464 praestanda
705 2422 851 2456 sordida
883 2421 1097 2456 ministeria.
1146 2423 1328 2467 Stragulas
1360 2422 1508 2469 quidem
1534 2421 1623 2453 olim'

185 2463 400 2498 extradebat
433 2471 470 2499 et
496 2469 704 2511 praestabat
735 2477 853 2502 comes
878 2470 1099 2514 privatorum
1130 2468 1178 2501 ad
1214 2469 1375 2513 magistri
1410 2467 1623 2501 mandatum

183 2513 336 2593 flittacIo
356 2512 416 2547 vel
438 2513 608 2547 schedula
634 2515 705 2548 sibi
729 2515 936 2550 exhibenda
962 2516 1220 2560 perscriptum:
1245 2526 1342 2548 nunc
1367 2515 1539 2547 translata
1566 2519 1623 2547 est

212 2570 275 2592 aec
298 2570 382 2592 cura
406 2559 445 2591 in
468 2560 712 2595 saccellarium
735 2562 977 2607 Imperatoris.
1024 2562 1151 2596 Lectos
1187 2567 1309 2594 autem
1333 2566 1370 2593 et
1404 2559 1556 2604 scyphos
1582 2563 1621 2592 et

183 2617 326 2640 mensas
349 2609 387 2638 et
409 2605 532 2639 furnos
558 2611 596 2639 et
618 2608 707 2641 ollas
731 2609 934 2653 praefectus
958 2607 1064 2641 Urbis
1094 2613 1273 2652 praestat,
1307 2612 1343 2640 et
1367 2607 1445 2651 ipse
1470 2617 1621 2652 quoque

184 2652 233 2686 ad
252 2652 444 2697 pittacium
467 2653 638 2696 magistri,
682 2655 796 2688 Focos
829 2660 951 2687 autem
988 2660 1176 2699 praestant
1198 2653 1371 2698 praefecti
1398 2651 1618 2686 fabricarum

186 2697 388 2746 [armorum
426 2698 653 2744 publicarum
692 2711 823 2746 nempe
855 2706 893 2734 et
929 2711 1120 2746 operarum
1150 2699 1363 2746 fabrilium].
1413 2699 1618 2733 Praefectus

231 2766 494 2802 Constantinus
516 2765 694 2812 Por-playn
723 2766 800 2802 Vol.
823 2768 854 2803 Ι.
1309 2769 1354 2802 26
