1878 3112
333 94 364 149 5
378 95 444 162 ¹4
631 111 985 155 CONSTANTmi
1019 102 1501 170 Ponpffmocssm'rr

331 735 408 791 με’.

440 211 555 268 παρᾰ
591 215 665 255 τοῦ
695 212 843 254 λοιποῦ
870 212 1171 266 στρατοπέδου,
1200 211 1318 266 ἧνίκα
1351 216 1568 268 φιλοτιμία
1595 230 1684 268 τις,
1739 212 1769 272 ἦ

439 280 655 332 μαϊουμᾶς
711 276 827 331 παρὰ
868 279 945 318 τοῦ
980 278 1186 329 βασιλέως
1227 277 1369 328 αὐτοῖς
1405 283 1696 338 παρασχεθῇ.)
1738 280 1767 336 ἧ

439 341 554 399 παρὰ
581 345 662 385 τῶν
689 340 863 398 Σάρδων
891 342 1070 399 ᾆδομένη
1094 341 1287 398 εὐφημία
1314 349 1400 394 τοῖς
1427 347 1684 398 βασιλεῦσιν.

386 411 414 453 ⁴.
434 410 494 452 ‘H
528 409 722 463 γενομένη
761 407 977 459 ε’ξώπλισις
1025 409 1099 449 καί
1129 405 1269 458 ἔξοδος
1320 408 1393 450 καί
1439 407 1484 451 τὸ
1524 409 1654 453 ποσὸν
1693 413 1769 466 τῆς

440 474 570 531 (ἳόγας
619 475 693 516 καί
727 476 804 516 τοῦ
840 475 946 515 λαοῦ
978 475 1053 514 τοῦ
1097 473 1398 525 ἀποσταλέντος
1437 473 1542 518 κατὰ
1572 477 1644 531 τῆς
1670 479 1768 518 θεο-

440 541 588 583 λέστου
617 537 790 595 Κρήτης
816 536 924 592 μετὰ
953 540 1029 579 τοῦ
1057 539 1278 593 πατρικίου
1315 537 1516 593 “Ημερίου
1554 542 1628 582 καί
1651 543 1769 595 λογο-

440 607 565 648 θέτου
603 607 678 648 τοῦ
715 603 875 661 δρόμου
924 605 996 646 ἐπὶ
1029 605 1214 654 Λέοντος
1266 605 1341 646 τοῦ
1381 607 1651 661 φιλοχρίστου
1695 607 1764 648 δε-

443 668 610 714 σπότου.
1455 712 1461 717 .

429 736 490 779 Ἡ
511 734 616 779 κατὰ
645 737 720 791 τῆς
748 735 878 791 αὐτῆς
907 736 1130 778 θεολέστου
1169 734 1339 791 Κρήτης
1365 737 1559 792 γενομένη
1594 737 1769 792 ἐκστρα-

440 801 531 844 τεία
566 800 640 843 καί
675 799 814 853 ἔξοδος
853 800 925 842 ἐπὶ
965 802 1287 843 Κωνσταντίνου
1329 802 1403 844 καί
1429 802 1648 856 Ῥωμανύῦ
1685 803 1770 844 τῶν

442 865 852 924 Πορφυρογεννὴτων
878 868 938 915 εἰς
964 865 1183 908 ἰνδικτίονα
1213 865 1261 917 ζ’.

137 933 416 991 Με.ι75.εμς’.
451 930 525 983 Οἷς
563 932 720 989 ὀφείλει
755 931 776 974 ὁ
804 931 1003 986 βασιλεὺς
1041 928 1217 986 ὀνόμασι
1251 934 1377 991 τιμᾷν
1408 938 1494 982 τοῖς
1526 934 1768 987 μεγιστᾶσιν

439 997 514 1042 καί
537 997 719 1054 πρώτοις
746 1000 829 1040 τῶν
856 999 1005 1040 ἐθνῶν.

138 1064 422 1119 ΕΦΙι-α96μζ.
454 1065 505 1107 Οἱ
533 1069 616 1106 τῶν
643 1061 724 1106 ἀπὸ
753 1061 967 1120 διαφόρων
995 1065 1130 1106 ἐθνῶν
1162 1064 1398 1118 ἐρχομένων
1426 1063 1640 1119 πρέσβεων
1666 1059 1768 1118 πρὸς

446 1128 518 1172 τὸν
542 1130 719 1183 βασιλέα
758 1131 1041 1184 χαιρετισμοί.

337 1195 424 1251 μη’.
457 1194 518 1237 Τά
548 1190 653 1236 ἔκτα
680 1196 763 1236 τῶν
791 1195 851 1243 εἷς
887 1193 987 1242 τούς
1028 1191 1217 1242 gamno&
1253 1195 1480 1247 γενομένων
1507 1194 1768 1250 ἐπιγραφῶν.

334 1260 422 1315 μθᾏ
448 1262 569 1303 Εἰσὶν
592 1259 643 1302 τὰ
666 1261 877 1301 ἐκτεθέντα
907 1258 1101 1300 δίδοσθαι
1127 1255 1240 1313 παρὰ
1267 1261 1348 1300 τῶν
1375 1255 1624 1314 ὀφειλόντων
1644 1259 1768 1312 τιμᾶ-

445 1329 551 1368 σθαι
588 1325 632 1368 ἕν
668 1341 713 1367 τε
757 1322 966 1377 α’ξιώμασι
1004 1323 1077 1365 καί
1119 1325 1348 1380 ὄφφικίοις.
1401 1321 1543 1375 καθώς
1578 1321 1768 1380 ὖπῆρχον

442 1392 515 1433 ἐπὶ
540 1391 721 1439 Λέοντος
748 1392 824 1431 τοῦ
854 1392 1124 1446 φιλοχρίστου
1155 1388 1371 1431 δεσπότου.

370 1454 419 1500 ν’.
447 1458 569 1499 Εἰσίν
612 1455 658 1498 αἱ
695 1453 798 1497 κατὰ
835 1456 963 1496 τύπον
1000 1451 1126 1510 ῥόγαι
1163 1455 1245 1497 τῶν
1282 1456 1522 1511 στρατηγῶν
1557 1455 1632 1497 καὶ
1659 1459 1770 1501 κλει-

337 1897 391 1941 44-

336 2082 389 2126 45.

339 2174 394 2219 4⁶·

338 2265 395 2312 47-

339 2360 395 2404 48.

339 2450 397 2498 49-

337 2637 391 2673 50.

444 1524 716 1578 σουραρχῶν,
758 1517 902 1571 καθώς
928 1515 1198 1577 έρῥογεύοντο
1236 1520 1307 1562 ἐπὶ
1333 1521 1518 1571 Λέοντος
1543 1522 1619 1563 τοῦ
1646 1523 1769 1577 φιλο-

442 1589 615 1645 χρίστου
647 1585 863 1630 δεσπότου.

428 1755 543 1789 mulas
566 1767 714 1802 quoque
739 1767 759 1789 a
783 1760 862 1790 toto
894 1757 1054 1790 exercitu
1091 1757 1248 1798 cantari,
1285 1757 1431 1802 quando
1455 1758 1655 1803 Imperator
1678 1759 1767 1804 ipsis
1815 1786 1818 1790 .

430 1804 636 1836 munusculi
663 1804 810 1849 gratuiti
842 1805 1088 1848 erogationem
1119 1809 1183 1837 aut
1215 1805 1410 1837 maiumam
1441 1806 1625 1853 praestat.)
1671 1806 1768 1839 Fau·-

430 1856 483 1883 sta
509 1849 701 1883 Sardorum
727 1860 808 1894 erga
834 1851 1069 1894 Imperatores
1094 1850 1314 1884 acclamatio.

430 1897 483 1930 De
509 1902 710 1937 armatura,
748 1897 921 1942 impensis
954 1897 994 1929 in
1030 1908 1108 1930 eam
1150 1897 1254 1930 sactis
1289 1908 1514 1943 numeroque
1554 1907 1662 1942 rogae
1702 1908 1766 1930 seu

429 1942 692 1987 stipendiorum
726 1949 764 1977 et
795 1943 923 1988 populi
947 1943 1046 1976 missi
1071 1943 1240 1977 adversus
1259 1943 1400 1978 Cretam
1415 1970 1424 1985 ‚
1448 1955 1556 1989 quam
1569 1945 1666 1977 Deus
1685 1954 1768 1989 per-

426 1989 506 2029 dat,
545 1989 635 2022 duce
670 1990 791 2022 classis
824 1990 1007 2030 Himerio,
1051 1990 1204 2034 patricio
1242 1996 1279 2023 et
1308 1990 1491 2035 logotheta
1527 1989 1663 2031 dromi,
1699 1989 1766 2023 sub

426 2036 568 2076 Leone,
590 2035 774 2070 Christum
798 2041 940 2069 amante
964 2036 1130 2069 Domino.

427 2083 480 2114 Dc
507 2082 739 2126 expeditione
765 2082 933 2117 adversus
958 2082 1108 2114 eandem
1134 2082 1362 2116 maledictam
1386 2081 1553 2118 instituta
1578 2081 1645 2114 sub
1671 2083 1769 2117 Con-

431 2127 589 2160 stantino
614 2133 651 2160 et
676 2130 834 2161 Romano
858 2127 1189 2172 porphyrogenitis,
1214 2128 1338 2160 indict.
1356 2129 1432 2161 Vll.

430 2173 574 2217 Quibus
599 2174 907 2218 appellationibus
927 2176 1125 2219 Imperator
1148 2180 1329 2219 magnates
1355 2179 1392 2206 et
1415 2175 1586 2219 primates
1613 2175 1766 2209 aliarum

429 2219 591 2263 gentium
618 2219 795 2252 honorare
824 2220 943 2253 debet.

431 2265 640 2306 romulae,
667 2266 799 2311 quibus
825 2277 845 2299 a
867 2267 976 2302 variis
1002 2266 1169 2311 gentibus
1193 2266 1424 2301 advenientes
1443 2266 1552 2312 legati
1569 2268 1767 2314 Imperato-

430 2322 505 2344 rem
530 2312 697 2345 salutant.
1283 2353 1285 2355 ι

431 2359 623 2392 Formulae
655 2359 844 2392 titulorum
869 2359 975 2392 sacris
999 2358 1130 2392 litteris
1154 2359 1201 2392 ad
1223 2359 1375 2392 aliarum
1402 2361 1563 2404 gentium
1583 2361 1766 2407 principes

432 2404 692 2438 inscribendae.
1208 2405 1209 2414 ³

435 2451 620 2496 Expositio
648 2457 753 2485 taxae
785 2462 848 2485 seu
885 2456 1102 2485 statutorum
1126 2450 1365 2493 tributorum,
1400 2463 1494 2498 quae
1517 2452 1676 2498 pendere
1703 2452 1766 2486 de-

430 2498 518 2531 bent
543 2497 589 2530 ad
617 2499 795 2531 axiomata
833 2511 858 2533 s.
879 2498 1094 2544 dignitates,
1117 2504 1154 2531 et
1177 2498 1224 2531 ad
1257 2499 1376 2533 officia
1417 2510 1443 2532 s.
1469 2499 1676 2532 functiones
1700 2510 1765 2544 pa-

428 2545 561 2577 latinas
596 2547 772 2590 promoti3
806 2545 923 2591 qualis
948 2550 1025 2578 erat
1047 2551 1209 2591 tempore
1232 2546 1383 2588 Leonis,
1404 2545 1586 2579 Christum
1611 2546 1764 2579 amantis

427 2591 585 2626 Domini.

426 2637 614 2682 Expositio
642 2648 806 2671 rouarum
838 2648 901 2671 seu
938 2637 1224 2682 stipendiorum,
1264 2649 1358 2684 quae
1383 2643 1516 2673 statuta
1541 2649 1586 2671 ex
1608 2637 1763 2673 formula

429 2684 593 2730 strategis
618 2689 654 2718 et
675 2663 923 2719 c‘leisurarchis
947 2684 1127 2718 dabantur
1149 2690 1310 2730 tempore
1335 2686 1468 2720 Leonis
1491 2683 1662 2719 eiusdem.
