1878 3112
305 117 671 164 necmmom.
710 118 890 159 AULAE
925 118 1150 160 nYzAN‘r.
1193 122 1246 161 11.
1273 125 1313 170 9.
1422 101 1533 171 543

111 217 306 268 ἐλθόντος
332 220 380 260 δὲ
409 222 485 260 τοῦ
512 221 583 274 τῆς
609 218 896 267 καταστάσεως
921 217 995 260 καί
1017 216 1271 274 μηνύσαντος
1297 226 1382 271 τοῖς
1406 223 1567 278 apat-C

114 283 320 335 ποσίτοις,
344 284 417 332 ,ὥς
445 280 509 325 ὅτι
537 283 560 324 ὅ
587 282 733 337 καιρὸς
760 282 963 338 ἔφθασεν,
1005 285 1264 339 εἰσέρχονται
1290 284 1328 328 οἱ
1354 285 1537 341 πραιπό-

112 363 220 390 σιτοι
247 349 557 403 δηλοποιοῦντες
590 346 660 389 τὸν
688 350 876 400 βασιλέα.
933 346 954 388 ὅ
985 350 1031 390 δὲ
1059 349 1256 401 βασιλεῦς
1282 350 1459 402 ἐξελθών
1485 353 1533 394 ἐκ

107 415 184 455 τοῦ
208 414 401 461 κοιτῶνος
426 413 561 454 αὐτοῦ
587 414 819 467 εἰσέρχεται
857 414 902 454 ἐν
946 415 1003 470 τῷ
1036 414 1348 471 Ἀναστασιακῷ
1376 417 1533 471 τρικλί-

84 475 181 534 ὃνῳ,
208 478 349 534 φορῶν
373 476 418 518 τὸ
447 478 686 532 διβητήσιον
715 477 847 519 αὐτοῦ
872 479 947 518 καί
970 476 1074 526 στὰς
1100 479 1252 532 ἐκεῖσε,
1281 481 1466 522 ἵστανται
1492 479 1532 522 οἱ

109 536 308 596 ἄρχοντες
335 543 407 584 τοῦ
435 545 724 594 κουβουκλείου
754 540 872 583 ἔνθεν
898 538 1089 589 κάκεῖθεν
1107 578 1119 589 .
1176 543 1214 586 οἱ
1241 546 1286 586 δὲ
1314 549 1536 600 σπαθαρω,

108 607 441 661 κουβικουλάριοι
480 608 669 649 ἵστανται
708 601 880 651 ὄπισθεν
915 604 1076 653 αὐτῶν.
1133 606 1172 649 οἱ
1204 610 1250 650 δὲ
1286 625 1531 663 πρωτοσπα-

106 671 250 726 θάριοι
277 671 469 725 εὐνοῦχοι
499 673 688 714 ἵστανται
716 666 885 714 ὄπισθεν
912 674 989 714 τοῦ
1012 674 1229 726 βασιλέως.
1283 681 1536 728 προσκαλεῖ-ι

105 750 178 777 ται
204 737 249 778 δὲ
278 733 299 776 ὅ
327 735 598 790 πραιπόσιτος
622 736 720 786 τούς
745 735 1008 793 βεστὴτορας,
1037 737 1109 779 καὶ
1132 738 1477 793 περιβαλλόμενος
1503 739 1536 781 ὅ,

55 799 300 857 ιοβασιλεὺς
341 800 417 856 τήν
454 798 669 855 χλαμύδα·
690 802 819 844 αὐτοῦ
846 803 898 843 δι’
926 803 1086 855 αὐτῶν,
1125 803 1383 859 ἐξέρχονται.
1437 801 1567 850 elmi>

103 864 315 908 κατελθών
341 862 543 921 ὃοτιάριος
578 866 745 909 ἵσταται
772 869 817 909 ἐν
841 869 900 924 τῷ
924 869 1063 925 βὴλῳ,
1107 869 1182 909 καί
1221 869 1400 924 διῖστησι
1438 866 1528 923 ἅμα

102 933 181 972 τοῦ
221 933 296 986 τῆς
330 929 621 981 καταστάσεως
645 934 900 986 μαγίστρους
926 932 1000 974 καί
1035 935 1275 988 πατρικίους
1301 933 1375 975 καί
1398 950 1529 989 στρα-

101 994 250 1050 τηγούς
277 997 348 1037 καί
375 995 680 1052 ὄφφικιαλίους.
717 996 790 1039 καί
813 997 1099 1052 εἰσερχόμενος
1129 996 1151 1039 ὅ
1179 993 1387 1053 ὄστιὰριος
1409 1000 1530 1041 ἵστα-

101 1076 173 1102 ται
198 1058 310 1107 κάτω
337 1063 381 1102 ἐν
406 1063 462 1117 τῷ
487 1063 613 1120 βήλῳ,
659 1061 806 1111 νεύσας
834 1064 879 1104 δὲ
908 1063 931 1103 ό
959 1060 1154 1116 βασιλεὺς
1177 1063 1232 1119 τῷ
1258 1065 1527 1122 πραιποσίτῳ,

56 1124 127 1166 15ὄ
155 1126 202 1167 δὲ
229 1124 492 1180 πραιπόσιτος
519 1129 577 1184 τῷ
602 1125 820 1184 ὄστιαρίῳ,
863 1126 1021 1180 εἰσάγει
1057 1128 1311 1181 μαγίστρους
1351 1127 1423 1170 καὶ
1445 1144 1528 1170 πα-·

99 1184 280 1246 τρικίους
305 1190 378 1232 καί
401 1190 650 1246 στρατηγοὺς
665 1224 677 1245 ,
721 1193 794 1234 καί
825 1191 1082 1242 εἰσελθόντες
1125 1194 1367 1235 πίπτουσιν.
1424 1194 1528 1235 α’να-

101 1253 280 1299 στάντων
307 1257 353 1298 δὲ
381 1252 530 1309 αὖτῶν,
558 1254 760 1309 λαμβάνει
785 1259 918 1309 νεῦμα
947 1254 968 1297 ὃ
999 1255 1273 1311 πραιπόσιτος
1303 1255 1418 1312 παρὰ
1444 1258 1524 1299 τοῦ

99 1322 314 1374 βασιλέως,
341 1319 413 1362 καί
436 1322 544 1375 λέγει
571 1323 702 1363 ἐκεῖσε
727 1320 1015 1374 ,,κελεύσατε.”
1061 1321 1082 1364 ὃ
1111 1323 1158 1363 δὲ
1183 1321 1381 1375 βασιλεύς
1408 1325 1527 1378 δηρι-

99 1382 314 1439 γευόμενος
341 1383 420 1427 ὑπό
448 1402 490 1428 τε
515 1389 597 1428 τῶν
624 1385 836 1441 ἀρχόντων
862 1389 936 1428 τοῦ
965 1388 1274 1440 κουβουκλείου,
1302 1389 1526 1442 πατρικίων

48 1462 141 1493 ποτε
167 1450 240 1492 καί
263 1453 509 1505 στρατηγῶν,
538 1452 748 1506 ἐξέρχεται
770 1452 815 1492 ἐν
831 1454 887 1508 τῷ
908 1452 1128 1508 Λανουβίῳ
1150 1451 1354 1508 τρικλίνῳ.
1386 1454 1720 1515 i'otav-Ed,1„314
1754 1477 1762 1484 ·

97 1531 167 1557 ται
202 1517 250 1557 δὲ
286 1515 329 1556 οἳ
362 1530 407 1555 τε
433 1515 634 1570 βαρβάτοι
674 1514 1046 1570 πρωτοσπαθάριοι
1081 1517 1155 1556 καί
1191 1515 1214 1556 ὅ
1252 1514 1522 1572 δρουγγάριος
1550 1528 1553 1532 ’

98 1580 172 1634 τῆς
196 1578 338 1634 βίγλης
365 1577 486 1621 ἔνθεν
512 1580 583 1621 καὶ
608 1577 728 1621 ἔνθεν
755 1580 926 1635 πλησίον
961 1581 1035 1634 τῆς
1068 1579 1224 1635 θύρας.
1281 1579 1320 1622 οἱ
1358 1582 1404 1623 δὲ
1439 1599 1520 1624 πα-

99 1734 235 1768 niarius
251 1734 476 1779 praepositis,
500 1735 633 1768 instare
663 1739 826 1779 tempus;
857 1734 894 1768 hi
922 1734 967 1768 ad
997 1735 1190 1769 Dominum
1217 1737 1372 1778 intrant,
1401 1746 1522 1784 eaque·

100 1780 146 1814 (le
170 1792 207 1814 re
230 1786 386 1814 monent.
434 1781 609 1814 Dominus
634 1781 742 1824 igitur
768 1792 787 1814 e
817 1785 966 1815 coetone
991 1782 1154 1825 procedit
1178 1783 1218 1815 in
1246 1783 1515 1826 Anastasiacum

95 1827 315 1867 triclinium,
357 1826 503 1860 indutus
550 1827 727 1860 dibetesio
772 1838 836 1860 suo
857 1852 868 1868 ‚
923 1828 1048 1873 ibique
1083 1828 1192 1861 stanti
1232 1838 1308 1862 sese
1348 1828 1435 1864 hinc
1475 1837 1521 1864 et'

94 1874 218 1914 illine,
250 1871 372 1906 dextra
413 1874 652 1918 sinistraque,
685 1879 873 1919 aggregant
902 1885 1065 1918 proceres
1102 1874 1280 1916 cubicum
1317 1887 1411 1920 pone
1444 1875 1510 1910 hos

95 1917 191 1952 stanit
214 1916 619 1964 s‘patharocubicularii3
653 1920 931 1964 protospatharii
968 1920 1123 1953 eunuchi
1149 1925 1265 1952 autem
1293 1927 1390 1958 stant
1415 1934 1512 1966 pone

93 1964 298 1999 Dominum.
317 1965 446 2011 'Itaque
470 1965 653 2005 ordinatis,
676 1964 822 1999 advocat
840 1966 1062 2010 praepositus
1082 1967 1286 2007 vestitores,
1315 1969 1378 2013 qui
1407 1971 1517 2012 post-'

93 2022 199 2056 quam
225 2011 376 2046 Domino
401 2011 621 2055 chlamydem
646 2011 722 2044 eius
769 2012 1115 2057 circumposuerunt,
1161 2023 1279 2046 rursus
1306 2016 1510 2059 *egrediun-

91 2061 160 2091 tur.
185 2058 265 2091 Post
283 2057 371 2090 haec
382 2057 567 2091 descendit
584 2057 748 2090 ostiarius
765 2058 811 2091 ad
823 2059 955 2098 velum,
970 2058 1096 2103 ibique
1112 2058 1307 2104 subsistens
1321 2055 1432 2106 [ex'tra
1445 2062 1512 2094 ve?

91 2103 180 2149 lum]
206 2115 276 2137 una
296 2115 375 2136 cum
397 2102 645 2137 cerimoniario
673 2103 810 2137 dirimit
833 2109 871 2137 et
891 2103 1055 2138 secedere
1079 2104 1182 2137 iubet
1200 2116 1299 2138 suam
1326 2117 1506 2151 quemque

92 2145 132 2182 in
155 2150 311 2189 classem,
339 2151 522 2195 magistros
542 2155 578 2183 et
596 2150 785 2194 patricios,
804 2153 975 2196 strategos
997 2155 1033 2184 et
1060 2150 1235 2185 officiales.
1261 2152 1412 2186 Peractis
1433 2153 1515 2196 his,'

93 2204 210 2228 rursus
233 2196 343 2229 intrat
366 2197 529 2230 ostiarius
553 2197 591 2229 in
615 2197 888 2238 Anastasiacum‚
914 2196 976 2230 sed
999 2204 1156 2231 remanet
1170 2201 1262 2231 infra
1286 2203 1382 2232 stans
1407 2200 1503 2233 intra

91 2240 218 2273 velum.
244 2241 350 2286 Quod
378 2243 502 2276 videns
526 2243 744 2286 Imperator,
773 2248 899 2276 nutum
929 2242 990 2276 dat
1013 2244 1229 2288 praeposito,
1255 2249 1291 2277 et
1312 2244 1373 2278 hic
1396 2247 1513 2289 porro'

93 2285 155 2319 dat
175 2287 332 2329 ostiari03
356 2288 415 2320 hic
434 2294 562 2326 autem,
581 2299 623 2321 co
642 2294 798 2333 accepto,
822 2289 1018 2322 introducit
1039 2291 1221 2334 magistros
1237 2295 1273 2322 et
1285 2292 1452 2339 patricios
1465 2298 1502 2324 et

92 2336 261 2375 strategos
285 2339 322 2365 et
341 2333 514 2366 officiales.
549 2334 620 2378 Qui
643 2335 787 2378 ingressi
808 2334 915 2368 humo
936 2335 1137 2379 procidunt.
1171 2338 1215 2369 Ut
1241 2342 1359 2369 autem
1383 2348 1502 2370 resur-

91 2383 269 2415 rexerunt.
289 2380 443 2412 monitus
465 2385 554 2412 nutu
578 2382 669 2424 regis
693 2382 914 2424 praepositus
937 2383 1011 2414 ait:
1038 2383 1222 2416 Celeusate
1243 2381 1305 2426 [id
1330 2387 1383 2415 est
1412 2384 1509 2427 ‘pla-*

92 2431 176 2457 ceat
188 2424 306 2464 vobis,
327 2435 453 2467 nempe
484 2426 660 2472 moverel.
696 2427 776 2459 Exit
793 2432 867 2458 tum
886 2428 1101 2470 Imperator,
1116 2429 1266 2471 stipatus
1288 2438 1310 2459 a
1340 2429 1499 2472 proceri-

93 2469 160 2502 hus
180 2469 347 2508 cubiculi,
367 2471 522 2514 patriciis
546 2477 582 2504 et
615 2472 775 2514 strategis
801 2473 839 2504 iu
864 2473 1059 2506 triclinium
1081 2474 1305 2506 Danubium:
1331 2472 1375 2505 ad
1394 2477 1496 2507 cuius

93 2517 287 2559 ingressum
311 2514 355 2548 ab
380 2521 528 2560 utraque
551 2523 648 2560 parte
671 2518 809 2550 barbati
836 2517 1109 2562 protospatharii
1125 2530 1204 2551 cum
1228 2518 1416 2563 drungario
1441 2521 1497 2552 vi-

92 2562 198 2605 giliae
223 2565 325 2594 stant.
373 2562 439 2594 Hic
473 2561 588 2595 denuo
611 2563 803 2607 procidunt
826 2565 864 2596 in
889 2574 1000 2608 genua
1023 2566 1185 2608 patricii,
1209 2565 1352 2608 strategi
1377 2569 1494 2598 totus-

90 2618 162 2651 que
186 2612 336 2640 senatus.
384 2608 430 2640 Ut
453 2613 694 2649 surrexerunt,
724 2610 854 2652 accipit
888 2614 977 2641 nutu
1001 2611 1090 2654 regis
1115 2609 1319 2642 mandatum
1342 2619 1493 2656 praepo-

89 2654 197 2695 situs,
220 2655 287 2700 qui
314 2663 419 2699 porro
450 2653 698 2688 cerimoniario
728 2655 987 2700 communicat3
1022 2660 1058 2689 et
1083 2655 1143 2689 hic
1176 2655 1320 2689 taudem
1343 2656 1493 2693 clamat:
