1748 3126
242 629 386 680 quam
420 611 667 665 desinam,
716 625 855 676 quem
889 607 1098 675 denique
1137 607 1248 656 Vos
1294 608 1491 673 collegii
1531 615 1691 660 vestri

242 715 428 761 honore
458 711 664 775 dignum
688 725 791 756 esse
825 708 1119 755 censuistis?
1152 706 1257 753 Iam
1281 709 1494 771 primum
1528 719 1688 757 autem

245 814 297 858 in
328 811 494 856 limine
530 810 693 873 operis
729 805 863 873 quod
897 803 1154 852 Reisltiani
1188 807 1525 852 commentarii
1550 816 1695 870 parte

247 907 434 957 inedita
482 904 760 959 ornabitur,
803 902 1144 969 praedicanda
1189 904 1313 950 mihi
1359 915 1431 951 est
1465 908 1698 953 memoria

245 1007 285 1056 S
292 1024 327 1056 U
338 1022 506 1055 ΗΜιι.
578 1005 680 1072 Qui
724 1022 872 1071 quum
926 1006 1170 1068 sapienter
1207 1004 1500 1068 intelligeret
1550 1019 1696 1067 quam

238 1108 485 1170 pretiosae
509 1114 667 1152 essent
697 1101 908 1151 schedae
940 1105 1044 1149 viri
1068 1104 1269 1156 summi,
1305 1118 1445 1168 quem
1474 1102 1696 1168 plerique

246 1207 351 1252 eius
384 1205 501 1250 aevi
541 1204 761 1250 homines
806 1201 992 1250 eruditi
1040 1201 1246 1267 superbe
1284 1211 1430 1267 atque
1477 1201 1704 1264 imperite

249 1299 604 1365 despiciebant,
668 1315 778 1354 eas,
840 1299 1067 1363 munifice
1119 1316 1151 1345 a
1204 1297 1364 1345 vidua
1428 1296 1696 1351 redemtus,

250 1396 573 1447 bibliothecae
617 1410 734 1443 suae
775 1398 1002 1459 paravit,
1041 1395 1410 1460 litterarumque
1443 1393 1698 1441 commodo

247 1497 503 1543 servavit:
537 1497 766 1541 servavit
799 1493 936 1540 dico.-
968 1497 1143 1541 etenim
1178 1496 1229 1540 in
1262 1502 1399 1540 tanta
1431 1499 1558 1558 quae
1589 1491 1701 1540 sub·

250 1603 421 1642 secuta
473 1603 548 1639 est
570 1632 573 1635 .
598 1602 877 1656 tempestate
934 1603 1079 1659 atque
1133 1607 1296 1639 rerum
1347 1593 1669 1639 conversione
1683 1627 1698 1646 ,

251 1691 355 1738 nisi·
379 1692 466 1736 vir
487 1689 568 1736 ille
590 1690 1046 1738 ceteris'dissimilis
1059 1689 1113 1755 s
1105 1694 1272 1744 uisset,
1298 1688 1492 1736 labores
1510 1686 1703 1737 Reiskii

251 1799 336 1835 aut
388 1789 688 1836 interiissent
729 1790 900 1853 plane,
947 1801 1034 1837 aut
1067 1789 1318 1854 fortasse,
1361 1788 1479 1841 vili,
1513 1790 1560 1834 si
1577 1787 1703 1849 fieri

247 1892 440 1946 posset,
473 1887 634 1945 pretio
667 1888 900 1948 coempti,
938 1884 1159 1932 Dibdino
1193 1884 1358 1949 aliquo
1389 1894 1597 1947 agente,
1651 1887 1701 1930 in

255 1979 574 2027 Lucullorum
598 1980 917 2030 bibliothecas
946 1982 1136 2030 detrusi
1161 1993 1343 2037 essent,
1372 1981 1503 2030 unde
1519 1995 1701 2047 negant

258 2076 421 2125 redire
457 2082 716 2145 quicquam
750 2081 883 2147 quod
919 2082 1068 2130 semel
1099 2082 1336 2146 sepulcris
1366 2084 1474 2129 istis
1514 2082 1700 2129 illatum

256 2178 333 2222 sit.
403 2174 538 2223 Male
570 2179 636 2223 sit
678 2177 849 2233 vobis,
899 2179 1054 2226 malae
1088 2178 1314 2228 tenebrae
1350 2178 1507 2226 Orci!
1549 2179 1609 2225 N
1607 2196 1700 2226 unc

254 2282 413 2318 autem
441 2274 588 2335 plane
620 2279 871 2324 contraria
906 2282 1095 2326 ratione
1131 2280 1323 2331 evenit,
1371 2288 1423 2324 ut
1461 2288 1578 2342 post
1610 2277 1697 2324 ali-

254 2375 375 2433 quot
406 2376 561 2421 annos
594 2389 701 2421 cum
735 2376 936 2442 reliquis
972 2380 1127 2442 copiis
1161 2375 1441 2424 Suhmianis
1475 2378 1527 2422 in
1560 2373 1698 2422 bibli-

255 2469 476 2517 othecam
488 2468 697 2535 Regiam
721 2473 1050 2524 Hauniensem
1080 2480 1351 2542 migrarent
1366 2498 1379 2534 ,-
1417 2474 1699 2522 huiusmodi

258 2563 453 2614 divitiis
479 2575 649 2617 ornari
673 2571 1035 2638 dignissimam;
1071 2580 1250 2642 quippe
1282 2592 1405 2642 quae
1439 2572 1695 2639 splendore

259 2663 478 2713 codicum
508 2676 796 2731 praesertim.
829 2678 912 2739 qui
946 2675 1013 2723 ad
1047 2675 1233 2723 litteras
1281 2689 1485 2739 graecas
1535 2674 1691 2718 orien-
