1878 3112
278 126 384 195 532
549 139 904 184 CONSTANTlNl
943 136 1425 180 PORPHYROGENlTl

275 248 527 302 τροπολῖται,
556 243 628 282 καί
653 240 755 294 περί
781 254 904 280 τινων
931 240 1276 293 ἐκκλησιαστικῶν
1303 238 1544 280 ὑποθέσεων
1563 239 1709 282 συναί-

275 311 343 368 0⁶⁶
370 307 488 363 λόγον
516 306 540 348 ὅ
567 304 826 361 πατριάρχης
850 309 942 357 μετ’
969 305 1133 356 αὐτῶν,
1174 300 1242 346 οἶα
1270 303 1342 345 καί
1368 299 1447 345 ὅσα
1471 303 1710 358 βούλονται,

276 378 350 418 καί
373 372 482 427 μετά
509 369 657 426 μικρὸν
683 370 865 411 κελεύσει
892 371 968 411 τοῦ
993 368 1263 425 πατριάρχου·
1282 366 1528 410 ἀνίστανται
1553 370 1626 411 καί
1652 371 1713 420 ἐξ·

278 443 470 497 ἔρχονται
496 435 660 485 πάντες.

893 491 1030 533 ΚΕΦ.
1059 487 1108 538 ς’.
1710 503 1736 545 5

236 597 262 629 B
309 592 402 630 Ὅσα
428 593 488 627 δεῖ
514 592 837 638 παραφυλάττειν,
863 591 912 628 ὥς
936 590 1054 626 τανῦν
1078 590 1301 625 ἐπιτελεῖται
1323 591 1344 634 ἢ
1367 590 1437 626 τοῦ
1462 590 1580 636 ἁγίου
1606 591 1671 624 καὶ
1694 624 1696 627 ,

372 650 539 698 μεγάλου
564 653 853 684 Κωνσταντίνου
880 647 1025 690 ἐτήσιος
1041 647 1168 695 μνήμη
1192 650 1256 682 καὶ
1277 641 1319 682 τά
1347 649 1527 694 ἰγκαίνια
1549 650 1626 683 τῶν

376 708 607 756 ἱδρυθέντων
631 710 768 754 τιμίων
792 711 962 754 σταυρῶν
987 706 1028 742 ἐν
1051 707 1100 751 τῷ
1124 707 1193 751 νέῳ
1218 706 1384 752 nazara?
1409 705 1476 740 τοῦ
1495 705 1632 746 Βόνου.

395 794 495 852 Πρὸ
528 795 715 851 ἡμερῶν,
745 789 854 838 ὅσων
882 790 934 836 ἂν
961 792 1209 836 κελεύσωσιν
1238 794 1278 836 οἱ
1305 793 1522 849 δεσπόται,
1561 797 1718 849 γίνεται

285 862 514 919 πρόκενσον
542 863 587 903 ἐν
615 862 674 919 τῷ
700 861 778 917 νέῳ
807 862 994 917 παλατίῳ
1023 861 1082 917 τῷ
1110 861 1186 901 τοῦ
1212 857 1368 912 Βόνου,
1406 861 1481 902 καί
1503 861 1557 917 τῇ
1582 874 1774 915 παρα-ιο

285 929 394 986 μονῇ
421 932 598 969 τελεῖται
637 927 850 975 οἰκειακαῖς
891 925 916 980 ἦ
945 926 1148 979 παννυχίς
1174 926 1234 974 εἷς
1260 923 1359 974 τούς
1385 923 1550 979 τιμίους
1577 923 1650 967 καὶ
1674 924 1724 966 ἅ-
1763 942 1770 945 -

285 994 402 1048 γίους
430 991 657 1047 σταυρούς.
711 990 783 1033 καί
808 990 917 1048 αὐτῇ
943 992 996 1048 τῇ
1036 989 1169 1049 ἡμέρᾳ
1199 989 1298 1046 περὶ
1322 987 1438 1047 ὥραν
1464 987 1501 1046 β’
1527 989 1726 1047 περιβάλ-

95 1070 278 1108 Ms.181.a
289 1063 432 1101 λονται
460 1057 500 1099 οἱ
528 1056 727 1099 δεσπόται
755 1057 807 1098 τοὶ
838 1053 934 1108 ὄξέα
962 1054 1118 1098 τούτων
1146 1058 1438 1112 σκαραμάγγια
1469 1058 1542 1099 καί
1558 1054 1610 1098 τά
1631 1057 1728 1098 τού..

254 1136 373 1170 (ζτων
399 1121 563 1166 σπαθία
578 1156 590 1175 ,
633 1121 705 1163 καί
730 1120 978 1164 ἱππεύουσιν
1005 1121 1087 1164 α’πὸ
1117 1123 1198 1164 τῶν
1225 1124 1378 1176 ἐκεῖσε,
1425 1124 1498 1164 καί
1523 1118 1728 1177 ἀπέρχον-

292 1207 363 1233 ται
391 1192 450 1238 εἷς
478 1187 577 1236 τούς
614 1185 758 1242 ἁγίους
794 1183 1051 1235 ἀποστόλους
1079 1185 1149 1228 διὰ
1175 1189 1247 1242 τῆς
1274 1186 1512 1242 οἷπαγούσης
1539 1184 1639 1228 ὁδοῦ
1667 1186 1778 1236 εἷςι5

293 1254 364 1298 τὸν
391 1251 508 1309 ἅγιον
543 1252 737 1307 Ἰωάννην
774 1250 822 1293 τὸ
852 1251 1122 1308 ξηροκήπιον,
1152 1253 1316 1294 κάκεῖσε
1351 1254 1434 1294 τῶν
1462 1253 1598 1293 ἳππων
1625 1252 1729 1292 α’πο-

294 1322 442 1376 βάντες
464 1319 723 1373 εἰσέρχονται
751 1316 820 1359 διὰ
847 1320 918 1373 τῆς
942 1316 1121 1372 μεγάλης
1149 1317 1279 1372 πύλης
1306 1319 1383 1358 τοῦ
1410 1318 1587 1373 λουτροῦ
1614 1317 1658 1358 ἒν
1672 1309 1729 1373 τῷ

293 1386 497 1441 νάρθηκι,
541 1383 613 1425 καί
637 1382 874 1425 ἐκνεύουσιν
902 1382 1101 1439 ἀριστερὰ
1131 1381 1234 1438 πρὸς
1271 1380 1470 1439 ἀνατολὴν
1491 1379 1568 1425 τοῦ
1594 1378 1731 1425 miros?

294 1450 504 1507 νάρθηκος
532 1450 576 1491 ἐν
603 1451 661 1507 τῷ
689 1450 819 1490 ἐκεῖσε
857 1450 1099 1506 κρεμαμένῳ
1127 1447 1256 1505 βὴλῳ.
1310 1449 1441 1490 ἐκεῖσε
1468 1447 1547 1504 γάρ
1577 1448 1651 1490 καί
1675 1445 1727 1490 τοὶ

296 1513 491 1570 βασιλικά
521 1515 710 1556 ἵστανται
753 1515 896 1555 σελλιἀ
947 1515 1021 1555 καί
1045 1512 1095 1556 τά
1121 1513 1278 1555 τούτων
1305 1514 1575 1570 ηύτρέπισται
1602 1509 1787 1556 ἄλλά-20

297 1584 416 1634 ξιμα,
446 1581 519 1621 καί
545 1577 824 1622 ἀλλάσσουσιν
851 1579 902 1620 τά
928 1595 972 1620 τε
1001 1578 1222 1635 ὃιβητήσια
1258 1575 1398 1622 αὖτῶν
1426 1580 1497 1622 καί
1522 1577 1598 1630 τάς
1623 1583 1733 1634 χλα-

300 1704 389 1738 riter
428 1703 554 1737 eodem
588 1707 749 1748 tempore
797 1707 871 1735 tam
907 1702 1077 1746 syncelli,
1113 1714 1220 1747 quam
1257 1703 1534 1748 metropolitae,
1570 1703 1756 1737 instituit·

298 1750 503 1795 patriarcha
535 1749 765 1783 collationem
802 1754 863 1782 aut
896 1750 1115 1794 colloquium
1141 1748 1186 1782 ‹le
1222 1752 1440 1795 argumentis
1465 1749 1511 1782 ad
1545 1750 1732 1783 ecclesiam

297 1797 587 1841 pertinentibus,
623 1801 713 1841 quot
738 1801 775 1829 et
799 1796 968 1841 qualibus
1005 1797 1125 1828 coetui
1147 1796 1337 1841 placuerit.
1383 1797 1495 1831 Paulo
1531 1802 1614 1842 post
1634 1796 1732 1828 iussu

298 1842 524 1888 patriarchae
550 1847 738 1886 assurgunt
762 1853 886 1875 omnes
912 1847 949 1876 et.
973 1848 1119 1876 exeuut.

940 1931 1032 1965 CAP.
1058 1933 1090 1966 6.

328 2010 568 2044 observanda
591 2013 719 2056 (prout
752 2021 850 2045 nunc
874 2009 1019 2056 quidem
1043 2011 1137 2045 ritus
1162 2015 1233 2054 est)
1257 2012 1298 2046 in
1321 2010 1563 2047 celebratione
1590 2021 1716 2045 annua

331 2069 525 2101 memoriae
548 2068 670 2101 sancti
693 2075 726 2102 et
751 2069 876 2113 magni
901 2069 1159 2109 Constantini,
1186 2077 1220 2103 et
1245 2070 1502 2114 encaeniorum
1525 2079 1716 2102 sacrarum

562 2124 725 2158 crucium
749 2125 790 2157 in
813 2136 911 2158 novo
940 2125 1084 2170 palatio
1113 2125 1208 2158 Boni
1231 2123 1495 2160 dedicatarum.

400 2202 474 2236 Tot
505 2201 633 2234 diebus
669 2206 774 2242 ante,
815 2206 906 2247 quot
934 2202 1091 2234 voluerit
1119 2203 1336 2245 Imperator,
1371 2203 1412 2236 fit
1450 2203 1634 2247 processio
1661 2200 1739 2248 [seu

307 2248 440 2283 transit
470 2249 669 2292 Imperator
701 2259 720 2280 e
745 2259 871 2292 magno
905 2247 1059 2294 palatio]
1087 2249 1126 2280 in
1150 2259 1282 2282 novum
1302 2249 1479 2292 palatium
1503 2249 1614 2291 Boni;
1640 2254 1677 2282 et
1699 2250 1740 2281 in

308 2294 442 2340 vigiliis
468 2293 571 2334 festi,
596 2305 703 2340 quem
729 2293 903 2334 diximus,
929 2294 1000 2326 diei
1029 2295 1211 2338 peragitur
1239 2296 1403 2340 privatim
1431 2295 1484 2342 [in
1507 2297 1657 2340 gratiam
1681 2296 1741 2328 εο-’

309 2341 381 2373 lius
415 2339 617 2374 dominicae
653 2340 857 2374 devotionis
892 2345 929 2372 et
952 2341 1078 2385 procul
1099 2339 1220 2387 vulgo]
1246 2342 1474 2386 pervigilium
1501 2343 1540 2375 in
1563 2342 1739 2375 honorem

310 2387 573 2420 venerabilium
599 2392 636 2419 et
660 2392 862 2419 sanctarum
888 2388 1055 2419 crucium.
1103 2389 1185 2432 Ipso
1207 2393 1326 2420 autem
1350 2389 1415 2422 illo
1440 2389 1532 2422 festo
1561 2388 1620 2422 die
1647 2389 1741 2421 circa

312 2433 438 2465 horam
463 2433 654 2465 secundam
679 2433 837 2465 induunt
861 2433 1007 2466 Domini
1039 2444 1219 2478 purpurea
1246 2445 1309 2467 sua
1337 2435 1576 2480 scaramangia
1601 2439 1638 2468 et
1661 2445 1742 2478 spa-

313 2480 393 2513 thas
421 2490 500 2512 suas
517 2505 526 2520 ‚
552 2484 588 2511 et
611 2479 712 2512 illinc
736 2480 850 2513 avecti
878 2480 915 2512 in
941 2480 1042 2526 equis
1066 2479 1222 2514 tendunt
1245 2481 1291 2514 ad
1315 2481 1440 2514 aedem
1464 2482 1524 2516 SS.
1550 2481 1744 2525 Apostolo-

315 2537 395 2558 rum
421 2537 485 2570 per
509 2527 613 2565 viam,
640 2537 732 2571 quae
758 2525 803 2558 ad
828 2526 932 2558 aedes
959 2527 991 2560 S.
1008 2527 1150 2558 Ioannis
1175 2527 1214 2559 in
1240 2530 1429 2573 xerocepio
1456 2527 1563 2560 ducit.
1589 2529 1635 2560 Ut
1656 2537 1743 2571 pro-

316 2584 362 2617 pe
387 2577 564 2607 venerunt
588 2571 632 2604 ad
657 2573 715 2606 SS.
750 2574 939 2616 Apostolos
954 2599 962 2613 ‚
989 2572 1212 2606 descendunt
1237 2585 1279 2607 ex
1315 2575 1437 2620 equis,
1461 2580 1498 2608 et
1520 2575 1658 2607 intrant
1678 2583 1744 2617 per

319 2630 483 2663 magnam
519 2625 659 2663 portam
687 2618 895 2665 [baptisterii
927 2620 966 2651 in
990 2618 1214 2660 nartheoem,
1249 2621 1544 2665 declinantesque
1575 2620 1622 2652 ad
1653 2619 1743 2651 sini-

321 2671 430 2697 stram
455 2672 576 2699 v‘ersus
600 2666 774 2700 orientem
790 2666 950 2698 eiusdem
975 2665 1152 2699 narthecis
1168 2666 1304 2700 intrant
1330 2668 1424 2700 intra
1446 2667 1566 2702 velum
1591 2666 1644 2698 ibi
1665 2675 1743 2697 sus-

320 2722 493 2756 pensum,
528 2717 623 2746 retro
663 2712 761 2760 quod
793 2712 902 2746 sellae
945 2713 1147 2759 imperiales
1171 2714 1312 2760 positae
1334 2719 1449 2756 stant,
1474 2718 1511 2747 et
1531 2714 1744 2759 praeparata
