1878 3112
527 339 784 388 ΠῙΝΑΞ
825 342 961 386 §TN
1000 341 1152 384 ΘΕΩι

167 455 991 512 TOYAEYTEPOY
1044 452 1510 511 BIBAIOY.

155 677 206 722 α’.
221 675 328 723 Ὅσα
356 681 425 722 δεῖ
445 680 680 736 φυλάττειν,
707 683 803 723 καθ’
829 677 1002 737 ἑκάστην
1036 680 1198 736 ἡμέραν
1225 677 1454 734 ἀνοίγοντος
1478 679 1614 723 fovea.
1626 687 1664 721 1..
1678 689 1744 732 293

229 745 456 798 παλατίου,
495 746 568 787 καί
593 747 665 800 τῆς
701 749 982 802 καθημερινῆς
1009 745 1230 800 ἱσταμένης
1256 742 1626 801 προελεύσεως.Με.
1645 750 1745 797 173.b

145 808 197 864 β’.
216 806 322 854 Ὅσα
350 812 420 853 δεῖ
442 809 781 867 παραφυλάττειν
817 813 862 854 ἐν
887 814 941 868 τῇ
968 809 1210 867 προελεύσει
1243 812 1295 868 τῇ
1320 809 1552 868 καθεκάοτζη

228 878 407 932 κυριακῇ
435 877 674 933 τελουμένῃ.

148 941 198 995 γ’.
219 939 324 984 ‘Dua
362 945 431 984 δεῖ
462 940 817 998 παραφυλάττειν,
860 942 937 984 τοῦ
971 943 1175 996 βασιλέως
1213 943 1551 998 προβαλλομένου

228 1009 468 1061 δομέστικον
503 1008 586 1049 τῶν
621 1009 804 1061 σχολῶν,
841 1002 870 1062 ἢ
896 1004 1172 1063 στρατηγοιὶς,
1211 1002 1239 1061 ἢ
1279 1005 1552 1062 δρουγγάριον

227 1075 310 1115 τῶν
339 1074 522 1126 πλοΐμων
538 1107 550 1126 ,
579 1068 607 1127 ἢ
635 1069 932 1128 σακελλάριον,
962 1067 991 1127 ἢ
1018 1074 1095 1114 τοῦ
1122 1071 1367 1127 σακελλίου,
1409 1069 1438 1128 ἢ
1463 1076 1551 1114 λοι-

225 1137 328 1188 πούς
362 1139 668 1195 ὄφφικιαλίους.

143 1205 195 1246 δ’.
214 1201 320 1247 Ὅσα
348 1206 419 1246 δεῖ
438 1201 777 1260 παραφυλάττειν
798 1202 870 1245 ἐπὶ
898 1204 1120 1259 προαγωγῇ
1144 1202 1386 1260 ᾆαίκτωρος.

151 1266 198 1312 ε’.
215 1265 318 1313 Ὅσα
348 1271 419 1311 δεῖ
439 1269 778 1326 παραφυλάττειν
806 1270 878 1311 ἐπὶ
903 1270 1127 1325 προαγωγῇ
1152 1271 1366 1323 συγκέλου.

147 1333 196 1382 ς’.
217 1331 323 1378 ‘'Oaa
341 1337 422 1379 ,δεῖ
452 1331 811 1390 παραφυλάττειν,
848 1333 906 1383 οὖς
941 1331 995 1375 τὰ
1039 1334 1112 1376 νῦν
1149 1335 1395 1376 ἐπιτελεῖται
1420 1331 1448 1389 ἧ
1476 1337 1554 1376 τοῦ

223 1400 344 1454 άγιόυ
373 1402 446 1442 καί
470 1397 655 1454 μεγάλου
685 1400 1007 1441 Κωνσταντίνου
1038 1398 1198 1454 ἐτήσιος
1222 1399 1376 1454 μνήμη,
1404 1398 1547 1441 ‚caini

224 1467 408 1521 ἐγκαίνια
447 1468 530 1508 τῶν
567 1464 846 1520 ἱδρυνθέντων
886 1463 1035 1518 τιμίων
1072 1466 1266 1519 σταυρῶν
1303 1466 1348 1507 ἐν
1385 1467 1444 1522 τῷ
1470 1463 1548 1522 νέῳ

221 1533 407 1587 παλατίῳ
435 1531 511 1572 τοῦ
538 1527 693 1575 Βόνου.

187 1627 195 1638 .
214 1591 320 1638 Ὅσα
348 1597 417 1636 δεῖ
438 1593 779 1651 παραφυλάττειν
806 1596 851 1637 ἒν
877 1598 928 1652 τῇ
951 1590 1076 1650 ἑορτῇ
1102 1596 1175 1636 καί
1200 1592 1438 1651 προελεύσει
1466 1596 1546 1636 τῶν

222 1661 350 1715 ἁγίων
379 1660 556 1703 πάντων.

152 1594 183 1647 *Γί

545 1805 755 1846 ιΝΒΕΧ
795 1804 1107 1847 cApthJM

276 1906 658 1968 LIBRI
737 1903 1344 1968 SECUNDI.

113 2106 142 2132 ι.
178 2094 280 2139 Quae
303 2097 445 2138 oportet
468 2093 676 2132 observare,
711 2090 856 2136 quando
880 2090 1056 2135 palatium
1081 2089 1247 2136 quotidie
1271 2093 1466 2132 reseratur,
1501 2096 1538 2126 et

178 2140 321 2185 quando
347 2139 557 2185 quotidiana
579 2139 760 2183 processio
785 2138 836 2171 fit.

110 2198 141 2220 2.
177 2187 279 2231 Quae
304 2191 447 2230 oportet
470 2186 658 2219 observare
680 2186 720 2218 in
744 2184 994 2229 processione,
1030 2195 1121 2230 quae
1145 2183 1294 2228 singulis
1317 2183 1446 2217 diebus
1469 2183 1537 2218 ‹lo-

179 2233 320 2265 minicis
344 2233 556 2265 instituitur.

108 2279 139 2311 3.
179 2277 425 2319 Observanda‚
451 2278 594 2324 quando
615 2278 814 2322 Imperator
837 2275 1072 2310 domesticum
1097 2275 1296 2310 scholarum
1321 2281 1384 2310 aut
1406 2281 1535 2310 strate-

176 2335 237 2368 gos
266 2330 328 2357 aut
351 2323 576 2370 drungarium
602 2324 743 2364 classis,
775 2327 838 2356 aut
860 2323 1107 2365 sacellarium,
1138 2328 1200 2357 aut
1222 2323 1366 2356 sacellio
1390 2323 1534 2368 praefe-

176 2375 273 2402 ctum
306 2371 506 2416 reliquosve
531 2371 702 2404 officiales
727 2375 835 2403 creat.

106 2416 139 2461 4.
177 2415 405 2448 Observanda
428 2417 467 2450 in
488 2417 711 2462 promotione
733 2416 891 2450 rectoris.

107 2464 138 2496 5.
176 2462 404 2495 observanda
425 2463 464 2495 in
487 2464 712 2507 promotione
747 2461 906 2506 syncelli.

105 2511 139 2544 6.
176 2507 406 2542 Observanda
429 2509 468 2542 in
492 2520 632 2550 annua,
671 2509 788 2555 qualis
819 2518 915 2540 nunc
945 2505 1146 2552 peragitur,
1180 2505 1423 2539 celebratione
1455 2515 1532 2538 me-

172 2554 306 2587 moriae
331 2553 450 2587 Sancti
483 2560 520 2588 et
543 2555 662 2600 Magni
688 2554 938 2593 Constantini,
975 2557 1012 2586 et
1043 2553 1083 2587 in
1116 2553 1296 2586 encaeniis
1331 2556 1532 2584 sanctarum

175 2600 332 2634 crucium
356 2599 396 2632 in
418 2612 509 2634 novo
533 2601 665 2646 palatio
690 2602 783 2634 Boni
808 2601 966 2634 fixarum.

110 2658 139 2692 7.
177 2645 408 2680 Observanda
452 2647 491 2681 in
532 2647 624 2682 sesto
680 2647 788 2693 eique
838 2645 1007 2680 adiuncta
1056 2644 1282 2691 processione
1331 2648 1531 2678 sanctorum

127 2735 130 2737 ¹
175 2693 344 2727 omnium.
