1832 3112
326 135 397 177 nE
432 133 688 177 mammon.
731 133 909 175 AULAE
952 134 1173 194 amm.
1207 139 1240 177 1.
1270 139 1307 182 ι.
1463 135 1536 189 29

107 240 168 285 οἴς
192 236 340 292 μέρεσι
364 233 447 292 πρὸ
475 236 548 291 τῆς
578 236 661 278 τῶν
694 237 905 277 δεσποτῶν
938 235 1123 286 στάσεως
1149 238 1362 288 ἵστανται,
1410 230 1537 291 ἤγουν

105 299 278 343 ἔνδοθεν
311 301 385 356 τῆς
404 298 687 349 κιονοστασίας
705 301 784 342 τοῦ
813 300 948 356 φόρου
961 334 974 353 ,
1017 300 1057 343 οἱ
1084 303 1131 343 δὲ
1148 303 1225 344 τοῦ
1245 300 1535 354 κουβουκλείου

105 367 153 409 ἐν
169 370 262 416 va&
282 367 435 416 δεξιαῖς
462 361 727 422 ἆναβάθραις
747 366 825 408 τοῦ
847 364 982 408 αὕτοῦ
1007 369 1151 420 κίονος,
1176 365 1214 409 οἱ
1239 367 1286 409 δὲ
1307 368 1434 421 δῆμοι
1451 367 1537 408 τῶν

0 470 1 477 ,
106 430 187 473 δύο
207 432 349 488 μερῶν
368 430 557 473 ἵστανται
584 431 630 473 ἑν
658 437 752 480 ταῖς
783 433 914 474 ἐκεῖσε
944 437 1114 487 μικραῖς
1136 429 1398 488 ἆναβάθραις
1422 431 1538 474 ἄντι-

0 488 2 540 Ῑ
77 496 184 552 5κρὺ
203 497 286 539 τῶν
314 497 547 549 δεσποτῶν,
586 495 776 552 δηλονότι
795 494 875 548 ἔξω
898 499 971 552 τῆς
994 499 1276 546 κιονοστασίας
1298 498 1373 539 τοῦ
1401 499 1538 547 δεξιοῦ

104 562 279 617 μέρους,
316 562 362 603 ἐν
380 555 416 620 ᾦ
437 561 476 604 οἱ
496 563 570 616 τῆς
592 560 823 617 συγκλήτου
849 563 1049 605 ἵστανται.
1104 564 1241 620 (ΚΔ.)
1271 564 1365 605 Καὶ
1385 561 1436 617 δή
1459 565 1535 606 τοῦ
1547 568 1611 603 Ms
1630 570 1683 603 3¹.
1706 580 1726 602 a

104 626 366 682 πατριάρχου
388 622 666 682 οἷνερχομένου
682 627 789 680 μετὰ
808 629 879 683 τῆς
898 627 1051 676 οἰκείας
1071 629 1209 683 λιτῆς,
1246 627 1439 684 προεισέρ
1440 644 1539 682 χον-

47 734 52 738 ,
103 707 177 734 ται
205 689 482 744 μὲνένδοθεν
500 694 574 747 τῆς
594 692 882 743 κιονοστασίας
906 691 946 734 οἱ
971 691 1127 736 ἔκδικοι
1149 691 1258 745 μετὰ
1280 691 1355 743 τὰς
1374 691 1573 737 ἑαυτῶνΒ

103 758 332 811 βακτηρίας
358 754 438 812 πρὸ
464 758 537 812 τῆς
562 758 726 813 πρώτης
753 756 998 811 ἀναβάσεως
1018 758 1092 812 τῆς
1113 758 1354 813 δεσποτικῆς
1385 754 1537 800 ἇνόδου

57 821 184 867 :orosi
210 823 366 875 κίονος,
412 820 486 863 καὶ
517 823 777 878 εἰσέρχονται
798 820 839 864 οἱ
860 826 1159 879 μητροπολῖται
1184 824 1258 865 καὶ
1275 817 1541 879 οἷρχιεπίσκο-

103 901 196 940 ποι,
235 888 308 929 καὶ
327 886 400 943 τὴν
432 886 539 930 κατὰ
569 887 699 930 τύπον
726 887 976 931 ἀποτελοῦσι
1010 886 1310 944 προσκύνησιν,
1349 887 1540 943 δηλονότι

103 950 178 994 διὰ
200 954 278 994 τοῦ
295 954 371 1008 τῆς
397 951 685 1004 καταπόσεως
711 953 785 996 καὶ
817 954 894 996 τοῦ
926 953 1254 1010 ῥεφερενδαρίου
1279 952 1540 1009 προσαγομέ-

102 1031 200 1066 vove
233 1016 309 1060 καὶ
346 1015 446 1069 τούς
486 1015 691 1068 δεσπότας
725 1020 1079 1076 προσκυνοῦντας,
1129 1020 1203 1061 καί
1235 1019 1423 1060 ἵστανται
1459 1020 1539 1071 μὲν

102 1076 219 1125 οὗτοι
240 1084 286 1126 ἔν
306 1085 365 1142 τῷ
394 1082 599 1142 εὐωνύμῳ
627 1087 747 1141 μέρει
763 1086 846 1127 ταῖν
873 1082 1124 1140 ἇναβάθρων
1158 1085 1234 1127 τοῦ
1259 1084 1414 1133 κίονος.
1468 1082 1542 1125 καὶ

55 1148 210 1202 ιόμετά
239 1150 372 1191 ταῦτα
397 1151 654 1205 εἰσέρχονται
685 1150 725 1192 οἱ
758 1148 1110 1207 προπορευὸμενοι
1144 1151 1217 1206 τῆς
1252 1151 1536 1205 ἐκκλησιαστι-

101 1215 177 1268 κῆς
197 1215 313 1270 λιτῆς
338 1214 413 1257 καὶ
437 1215 689 1270 ψάλλοντες,
729 1215 802 1258 καὶ
822 1212 905 1258 εἶθ’
928 1212 1058 1265 οὕτως
1081 1217 1312 1272 εἰσέρχεται
1338 1215 1363 1258 ὅ
1387 1231 1537 1271 πατρι-

102 1275 240 1335 άρχης
268 1279 374 1334 μετά
403 1296 449 1323 τε
475 1282 554 1323 τοῦ
583 1283 766 1338 σταυροῦ
790 1283 864 1324 καὶ
901 1282 977 1323 τοῦ
1014 1281 1253 1336 εὗαγγελίου
1264 1315 1278 1335 ,
1316 1297 1538 1337 παρακρα-

101 1345 300 1398 τούμενος
330 1343 412 1387 ὖπό
447 1349 529 1389 τῶν
555 1346 731 1403 πρώτων
763 1346 837 1389 καί
865 1346 1025 1390 οἰκείων
1057 1343 1211 1388 αὐτοῦ·
1260 1347 1334 1388 καί
1366 1343 1433 1388 ὅτε
1463 1346 1535 1400 τῆς

101 1408 266 1465 πρώτης
285 1413 496 1464 βαθμίδος
517 1414 591 1467 τῆς
613 1414 853 1468 δεσποτικῆς
872 1409 1117 1466 α’ναβὰσεως
1134 1410 1271 1464 ἔλθοι,
1301 1412 1572 1452 ἔπιδίδουσιῦ

53 1479 193 1523 ποτοῖς
216 1476 434 1526 δεσπόταις
455 1475 494 1518 οἱ
523 1479 792 1532 πραιπόσιτοι
822 1476 919 1526 τούς
941 1476 1140 1533 συνήθεις
1176 1475 1327 1532 κηροὺς
1354 1474 1459 1518 κατὰ
1489 1474 1535 1518 τὸ

95 1537 276 1592 εἰωθὸς,
318 1542 392 1582 καί
413 1544 693 1596 προσκυνοῦσι
721 1541 791 1584 τὸν
815 1543 1042 1595 σεβάσμιον
1073 1541 1205 1583 τύπον
1224 1542 1302 1583 τοῦ
1330 1542 1537 1591 ζωοποιοῦ

103 1606 312 1659 σταυροῦ,
350 1601 631 1659 ἀσπαζόμενοι
649 1606 766 1659 τό,τε
786 1604 904 1661 ἅγιον
929 1606 1167 1660 εὐαγγέλιον
1194 1605 1267 1647 καὶ
1299 1603 1427 1646 αὐτὸν
1463 1604 1536 1646 τὸν

105 1666 239 1726 τίμιον
259 1669 463 1725 σταυρὸν,
501 1670 640 1712 ἔπειτα
662 1672 734 1713 τὸν
754 1671 1017 1726 πατριάρχην
1032 1701 1045 1712 .
1098 1672 1172 1712 καὶ
1204 1668 1243 1710 οἱ
1269 1671 1348 1721 μὲν
1384 1668 1536 1710 δεσπό-

97 1747 178 1775 -ται
203 1734 392 1776 ἵστανται
427 1736 472 1777 ἐν
494 1729 527 1793 ᾧ
552 1734 662 1793 τόπῳ
682 1738 754 1778 καί
787 1737 1054 1791 προΐσταντο,
1093 1734 1116 1777 ὅ
1145 1736 1194 1777 δὲ
1218 1732 1400 1789 σταυρὸς
1418 1735 1537 1775 ἵστα-

188 1845 255 1871 10.
264 1834 326 1867 καὶ
337 1838 420 1868 ante
439 1832 588 1880 α’ρχιεπ.
613 1847 681 1871 om.
700 1837 755 1871 ed.
854 1849 904 1872 ιι.
918 1835 1254 1883 προσαγόμενοι-
1268 1831 1535 1881 προσκυνοῦν-

196 1888 257 1917 τες
283 1881 375 1914 coni.
399 1881 525 1917 Leieh.
664 1884 715 1919 16.
747 1882 954 1928 ψάλλονται
972 1882 1027 1918 ed.

102 1980 248 2026 patricii
272 1983 456 2029 ceterique
484 1987 668 2018 senatores
705 1985 744 2016 in
783 1982 910 2016 dextro
942 1982 1056 2016 latere
1090 1986 1173 2016 ante
1197 1981 1433 2016 Dominorum
1459 1986 1534 2015 sta-

104 2028 221 2061 tiones
247 2040 310 2062 seu
336 2028 430 2063 intra
451 2030 592 2071 locum,
623 2029 687 2063 ubi
709 2030 874 2063 columna
896 2029 935 2062 in
959 2029 1038 2062 soro
1062 2034 1178 2062 erecta
1203 2033 1278 2069 est,
1315 2028 1534 2071 subsistunt;

104 2073 317 2108 cubicularii
341 2076 380 2108 in
408 2075 541 2110 dextris
564 2077 642 2110 eius
665 2076 852 2109 columnae
879 2075 1058 2121 gradibus,
1084 2074 1233 2109 duarum
1257 2080 1377 2108 autem
1402 2075 1533 2108 sactio-

103 2126 191 2152 num
213 2120 419 2156 factionarii
442 2123 481 2155 in
518 2133 626 2167 parva
653 2123 746 2156 scala
781 2133 898 2155 coram
922 2122 1108 2161 Dominis,
1142 2122 1283 2155 scilicet
1308 2126 1407 2154 extra
1433 2122 1534 2154 colu-

103 2175 222 2198 mnam
246 2168 287 2200 in
310 2167 434 2202 dextro
458 2170 590 2210 latere,
627 2169 692 2202 ubi
716 2172 896 2202 senatores
920 2173 1028 2208 stant,
1052 2173 1193 2213 praesto
1220 2172 1314 2200 sunt.
1362 2166 1533 2212 (XXIV.)

102 2211 307 2246 Patriarcha
329 2225 408 2248 cum
434 2227 497 2248 suo
533 2216 704 2249 comitatu
726 2216 919 2255 veniente,
954 2214 1160 2247 defensores
1193 2225 1275 2247 suos
1298 2213 1444 2246 baculos
1469 2224 1531 2259 ge-

105 2261 238 2291 stantes
272 2259 366 2293 intra
402 2262 604 2295 columnam
641 2267 724 2295 ante
754 2261 909 2306 primum
943 2261 1059 2294 scalae
1096 2260 1352 2304 Imperatoriae
1383 2259 1530 2304 gradum

25 2332 37 2339 ..
103 2304 328 2348 procedunt,
374 2311 412 2340 et
443 2308 695 2352 metropolitae
732 2312 769 2340 et
802 2306 1061 2351 archiepiscopi
1109 2307 1300 2346 intrantes,
1346 2306 1531 2338 solennem

30 2382 42 2399 ιγ
104 2348 367 2392 adorationem,
411 2354 549 2386 scilicet
580 2365 599 2386 a
632 2353 883 2387 cerimoniario
927 2358 965 2386 et
995 2353 1239 2386 referendario
1275 2351 1320 2384 ad
1356 2352 1529 2386 Dominos

106 2394 305 2430 adorandos
331 2398 489 2440 adducti,
528 2400 687 2439 faciunt,
712 2405 750 2432 et
772 2399 811 2432 in
839 2399 982 2432 sinistro
1006 2399 1119 2433 latere
1146 2398 1316 2444 graduum
1344 2397 1530 2430 columnae

105 2440 256 2475 adstant.
303 2444 445 2478 Deinde
468 2446 575 2490 primi
597 2445 857 2479 ecclesiasticae
879 2456 1031 2490 pompae
1055 2449 1235 2484 canentes,
1270 2448 1393 2488 postea
1417 2443 1532 2488 patri-

15 2490 19 2491 ’
51 2512 53 2515 <
98 2486 213 2520 ‘archa
236 2499 316 2521 cum
339 2501 442 2524 cruce
468 2497 504 2525 et
525 2492 730 2537 evangelio,
772 2502 793 2523 a
827 2490 1019 2536 praedictis
1056 2491 1227 2524 ecclesiae
1263 2495 1299 2522 et
1323 2491 1393 2522 suis
1419 2489 1530 2521 mini-

47 2558 51 2565 Α
106 2535 188 2566 stris
212 2534 376 2578 stipatus,
402 2536 611 2581 ingreditur.
657 2538 704 2571 At
726 2542 915 2582 postquam
935 2536 981 2570 ad
1004 2539 1160 2582 primum
1184 2536 1433 2580 Imperatoriae
1453 2545 1530 2582 sca-

51 2594 54 2595 ’
105 2578 164 2612 lae
189 2580 334 2623 gradum
356 2584 543 2626 pervenit,
582 2583 779 2628 praepositi
810 2594 930 2616 cereos
954 2583 1117 2616 Dominis
1144 2594 1209 2626 pro
1242 2592 1339 2614 more
1370 2580 1528 2620 tradunt,

49 2647 57 2649 -
107 2625 171 2671 qui
204 2628 441 2662 venerandam
473 2629 633 2662 vivificae
666 2630 780 2662 crucis
819 2629 1011 2674 imaginem
1045 2629 1215 2668 adorant,
1262 2632 1334 2660 tam
1368 2631 1528 2660 sanctum

49 2698 55 2709 ,
107 2672 352 2715 evangelium,
397 2685 502 2720 quam
526 2675 638 2720 ipsam
659 2686 796 2709 crucem
811 2700 822 2715 ‚
855 2681 1033 2720 postremo
1056 2672 1290 2720 patriarcham
1313 2673 1527 2708 osculantes.

41 2718 53 2724 ”’
106 2715 255 2752 Domini
287 2730 358 2766 quo
382 2721 536 2765 primum
572 2725 743 2756 steterant
774 2721 854 2756 loco
878 2721 1100 2762 subsistunt,
1137 2731 1222 2754 crux
1244 2720 1283 2755 in
1307 2720 1386 2754 basi
1409 2717 1528 2764 gradi-
