1878 3112
312 117 386 160 nn
421 117 682 162 (ammon.
723 109 904 160 Am
944 115 1169 160 amm.
1207 119 1262 159 11.
1289 116 1359 163 115.
1435 95 1549 155 665

122 211 332 260 ούσιακῶν
361 216 398 259 δ’
422 213 504 259 α’νοὶ
529 217 699 272 ἀνδρῶν,
721 216 797 272 (ιη’.
852 215 1106 273 κατελείφθη
1145 216 1193 258 δὲ
1230 217 1305 258 καί
1327 217 1407 270 μία
1433 213 1561 258 οὖσία

122 282 183 330 εἷς
210 281 257 330 τό
287 279 416 336 κόψαι
439 280 517 337 τήν
543 283 619 337 τῆς
647 278 798 338 ὄγδόης
822 283 1063 330 ι’νδικτίονος
1089 281 1227 336 ξυλήν.
1283 279 1305 322 ὅ
1334 279 1593 338 στρατηγὸςΒ

119 347 197 404 τῆς
221 347 370 401 Σάμου
395 346 504 402 μετὰ
530 349 764 402 χελανδὼον
791 347 1030 404 παμφύλων
1051 344 1085 396 ς’
1108 347 1188 390 ἆνὰ
1218 348 1381 404 α’νδρῶν
1407 346 1467 404 ρν’
1490 347 1567 390 καὶ

119 412 351 467 χελανδήον
379 413 589 455 ούσιακῶν
613 413 645 461 ς’
675 409 755 455 civo}
784 413 948 469 ἀνδρῶν
978 411 1052 469 (ιη’.
1098 409 1391 468 ἆπεστάλησαν
1412 414 1460 455 δὲ
1486 428 1565 466 με-

93 475 175 522 5τᾶ
200 479 280 521 τοῦ
309 479 689 535 πρωτοσπαθαρίου
719 475 911 521 Ἰωάννου
938 478 1013 520 καί
1041 475 1276 535 ἅσηκρήτης
1304 479 1349 521 ἐν
1378 473 1566 536 Ἀφρικῇ

114 542 322 600 χελοίνδια
360 542 394 599 7¹
423 543 496 586 καί
533 542 735 600 δρόμονες
766 542 802 587 δ’
830 543 911 587 ἆνοὶ
951 539 1116 601 ἀνδρῶν
1142 542 1218 587 σκ’.
1273 543 1297 586 ὅ
1331 541 1562 600 στρατηγὸς

121 611 208 654 τόν
245 606 589 667 Κιβυᾷᾆαιωτῶν
623 610 727 664 μετὰ
763 611 996 665 χελανδάυν
1034 609 1275 667 παμφύλων
1310 609 1342 659 ς’
1370 607 1451 652 α’νοὶ
1486 611 1562 654 α’ν·

117 676 230 732 δρῶν
263 673 322 732 ρν’
350 675 424 718 καί
453 677 687 730 χελανδίων
727 672 936 719 οὗσιακῶν
965 677 998 726 ς’
1027 675 1107 718 ἀνά
1138 672 1305 733 ἀνδρῶν
1341 674 1409 732 ρι’·
1440 691 1563 718 κατε·

114 742 270 798 λείφθη
296 742 343 784 δὲ
373 740 448 783 καί
475 743 535 791 εἰς
564 741 742 799 φύλαξιν
770 743 846 784 τοῦ
871 744 1055 796 θέματος
1081 742 1298 799 πάμφυλοι
1326 741 1378 796 β’,
1416 737 1577 788 οὖσαν,

70 805 175 849 ιοκά
204 807 241 849 δ’
241 839 254 850 .
308 810 563 864 κατελείφθη
593 810 640 850 δὲ
669 811 743 851 καί
773 809 834 858 εἰς
859 807 904 851 τὸ
932 807 1066 862 κόψαι
1105 807 1184 865 τήν
1221 809 1296 863 τῆς
1320 805 1469 864 ὀγδόης
1501 809 1565 852 ἶν’

115 873 317 923 δικτίονος
353 872 479 929 ξυλῆν
519 873 661 916 ούσίαι
700 875 754 928 β’.
808 874 1064 931 κατελείφθη
1094 876 1143 918 δὲ
1184 877 1259 918 καί
1295 876 1355 924 εἰς
1383 873 1565 931 φύλαξιν

342 941 364 950 u

114 939 194 980 τοῦ
232 954 362 994 κυρου
400 937 616 996 Στεφάνου
653 941 732 982 τοῦ
767 942 1106 996 γυναικαδελφοῦ
1146 942 1224 983 τοῦ
1273 941 1480 995 βασιλέως
1516 941 1564 983 ἐν

108 1001 252 1062 ‘1²6ch
299 1003 424 1046 οὐσία
463 1004 501 1047 α’
532 1004 607 1047 καὶ
645 1006 862 1062 δρομόνων
899 1003 935 1047 δ’
964 1005 1043 1048 ἀνὰ
1082 1002 1247 1063 ἀνδρῶν
1289 1003 1365 1048 σκ’.
1417 1008 1604 1061 γαλέαιῦ

116 1070 191 1125 τῆς
212 1065 439 1121 ’Λτταλίας
466 1070 527 1114 ιε’.
569 1073 614 1123 ἔξ
643 1072 787 1114 αὔτιόν
813 1074 1066 1130 κατελείφθη
1095 1074 1155 1123 εἰς
1182 1071 1362 1129 φύλαξιν
1386 1075 1464 1115 τοῦ
1488 1074 1565 1115 θέ-

69 1138 252 1188 ιὸματος
277 1138 426 1190 γαλέαι
455 1138 501 1184 ς’.
529 1139 706 1192 γαλαιάι
736 1139 808 1192 τῆς
832 1138 1095 1191 Ἀντιοχείας
1119 1137 1173 1192 β’.
1227 1141 1564 1195 κατελείφθησαν

116 1201 189 1242 καί
215 1195 345 1243 αὗται
373 1202 432 1251 εἷς
460 1201 639 1260 φύλαξιν
665 1206 741 1245 τοῦ
768 1200 902 1246 αὗτοῦ
929 1207 1126 1258 θέματος.
1164 1206 1312 1258 γαλέαι
1340 1206 1411 1260 τῆς
1439 1207 1563 1260 Καρ-

115 1265 283 1308 nowen.
340 1271 677 1325 κατελείφθησαν
717 1271 776 1320 εἷς
817 1268 996 1326 φύλαξιν
1037 1271 1110 1325 τῆς
1150 1269 1276 1325 νήσου
1314 1268 1560 1325 Καρπάθου

114 1333 245 1386 γαλέα
276 1330 328 1374 α’.
368 1332 450 1375 ἀπὸ
477 1335 551 1376 τοῦ
577 1337 760 1389 θέματος
787 1334 1110 1391 Πελοποννήσου
1141 1333 1163 1376 ὅ
1192 1333 1461 1391 τουρμὰρχης
1486 1336 1560 1390 τῆς

115 1397 325 1453 παραλίου
364 1398 469 1452 μετὰ
495 1402 727 1454 χελανδίων
755 1399 805 1442 d'.
860 1399 942 1442 ἀπὸ
971 1403 1052 1443 τῶν
1078 1401 1346 1455 Μαρδαϊτῶν
1374 1402 1458 1441 τῶν
1483 1402 1558 1455 τῆς

61 1462 290 1512 αοΔύσεως
316 1463 534 1518 θεμάτων,
576 1467 868 1520 Νικοπόλεως,
898 1463 1249 1521 Πελοποννήσου,
1278 1465 1555 1522 Κεφαληνίας

100 1524 262 1586 ’ἄνδρες
289 1546 334 1587 y.
1558 1528 1593 1563 D

111 1672 204 1720 gulis
227 1676 322 1708 viros
350 1681 520 1711 centenos
545 1682 692 1712 octonos
728 1677 960 1716 vehentibus,
1031 1678 1110 1713 Una
1142 1690 1286 1726 quoque
1323 1678 1401 1713 usia
1435 1678 1551 1714 relin-

111 1720 293 1767 quebatur
316 1723 362 1756 ad
386 1724 604 1758 caedendam
639 1726 796 1770 ligneam
833 1728 1018 1760 materiam
1061 1725 1140 1773 [pro
1176 1727 1350 1760 aedificiis
1387 1723 1547 1771 publicis

112 1767 307 1814 erigendis]
335 1780 399 1814 per
424 1772 616 1804 instantem
641 1777 802 1806 octavam
836 1774 1075 1807 indictionem
1110 1773 1183 1820 [seu
1215 1785 1350 1807 aunum
1379 1773 1546 1818 proxime

110 1814 345 1862 secuturum].
415 1815 536 1863 [Porro
571 1819 810 1853 mittebantur
845 1821 885 1853 in
927 1819 1083 1866 Cretam]
1120 1825 1292 1866 strategus
1330 1820 1428 1854 Sami
1462 1831 1546 1854 cum

110 1859 310 1894 chelandiis
342 1863 543 1910 pamphylia
580 1877 641 1899 sex
663 1891 673 1906 ,
718 1877 871 1911 quorum
908 1865 1191 1913 unumquodque
1235 1868 1330 1900 viros
1354 1870 1544 1909 *centenos

109 1908 384 1954 quinquagenos
409 1910 597 1952 trahebat,
632 1918 669 1945 et
699 1912 899 1947 chelandiis
932 1914 1064 1947 usiacis
1095 1914 1142 1954 6,
1173 1919 1211 1947 et
1237 1914 1277 1946 in
1301 1924 1425 1947 eorum
1448 1924 1545 1947 uno-

112 1965 259 2000 quoque
282 1954 369 1988 viris
398 1959 469 1991 103.
519 1958 758 1992 Mittebantur
798 1971 944 2006 quoque
975 1971 1054 1992 cum
1084 1960 1218 1992 Ioanne
1252 1959 1543 2005 protospathario

110 2005 150 2034 et
171 2007 328 2035 asecreta
354 2003 395 2035 in
418 2003 573 2037 Africam
596 2005 787 2039 chelandia
811 2008 831 2040 3
857 2013 894 2040 et
922 2007 1110 2040 dromones
1134 2006 1156 2050 4
1173 2033 1182 2048 ,
1206 2006 1382 2040 hanentes
1408 2006 1542 2052 singuli

107 2047 204 2080 viros
229 2047 449 2083 ducentenos
473 2052 627 2085 vicenos.
652 2053 835 2097 strategus
862 2053 1200 2097 Cibyrrhaeotarum
1222 2053 1437 2087 mittebatur
1459 2065 1543 2087 cum

109 2091 311 2128 chelandiis
337 2096 537 2141 pamphylis
564 2109 650 2139 sex,
686 2099 913 2133 trahentibus
938 2101 1087 2144 singulis
1114 2100 1207 2135 viros
1234 2105 1405 2134 centenos
1429 2100 1542 2145 quin-

110 2149 291 2186 quagenos
305 2166 317 2182 ,
355 2149 393 2176 et
416 2143 615 2178 chelandiis
640 2147 770 2180 usiacis
799 2148 822 2181 6
857 2158 934 2180 cum
959 2148 1045 2182 viris
1070 2158 1216 2193 quoque
1244 2147 1404 2181 centenis
1426 2146 1545 2186 denis.

106 2185 418 2233 Relinquebantur
442 2191 480 2223 in
502 2191 720 2236 praesidium
746 2194 950 2237 provinciae
977 2194 1162 2239 pamphyli
1187 2206 1227 2236 2,
1251 2193 1369 2227 usiaca
1391 2191 1541 2227 chelan—

110 2229 171 2264 dia
197 2234 242 2277 43
273 2235 361 2268 item
385 2238 485 2271 usiae
508 2250 528 2271 a
553 2237 599 2271 ad
623 2239 840 2274 caedendam
866 2241 1053 2274 materiam
1087 2253 1151 2286 pro
1177 2247 1300 2275 octava
1322 2240 1541 2286 indictione·

108 2277 225 2312 Etiam
250 2281 288 2313 in
314 2282 431 2315 insula
455 2283 580 2318 Rhodo
604 2284 650 2318 ad
675 2286 937 2320 observandum
962 2287 1156 2321 Dominum
1184 2287 1427 2333 Stephanum,
1465 2286 1541 2319 fra-

108 2327 200 2357 trem
225 2327 484 2372 ImperatriciS,
508 2331 780 2378 relinquebatur
805 2335 883 2367 usia
905 2345 976 2367 una
1002 2341 1039 2368 et
1062 2335 1248 2368 dromonia
1273 2339 1440 2378 quatuor,
1468 2344 1536 2367 22⁰

108 2370 277 2418 qu⁰dq¹¹e
298 2374 567 2415 ⁰¹³³⁵i³ri⁰rum.
612 2379 667 2411 De
696 2379 902 2426 quindecim
925 2381 1035 2426 galeis
1058 2381 1214 2415 Attaliae
1241 2380 1541 2426 relinquebantur

107 2416 154 2450 ad
178 2419 375 2453 custodiam
400 2423 503 2456 istius
527 2425 731 2468 provinciae
759 2427 880 2470 galeae
907 2439 979 2461 sex.
1027 2428 1135 2461 Domi
1169 2437 1315 2474 quoque
1345 2425 1542 2459 manebant

111 2462 203 2496 duae
230 2465 440 2501 Antiochiae
463 2469 583 2513 galeae
608 2472 782 2515 praesidii
806 2484 920 2507 causa.
968 2474 1121 2508 Nautiea
1147 2485 1293 2520 quoque
1317 2474 1370 2505 vis
1395 2471 1539 2505 insulae

109 2509 284 2555 carpathi
309 2511 404 2547 domi
429 2516 619 2549 restitabat
646 2518 800 2552 eundem
827 2520 866 2551 in
896 2520 1015 2555 finem.
1042 2520 1272 2554 consistebat
1294 2524 1370 2551 tum
1395 2529 1437 2551 ea
1462 2523 1540 2551 tota

109 2556 151 2588 in
178 2567 249 2589 una
272 2559 382 2602 galea.
429 2560 662 2605 Expeditioni
687 2565 859 2598 intererat
884 2578 903 2599 e
932 2566 1090 2601 themate
1119 2564 1356 2610 Peloponnesi
1386 2570 1538 2598 turmar-

106 2601 173 2648 cha
214 2615 296 2637 orae
321 2607 518 2641 maritimae
550 2620 630 2642 cum
665 2610 864 2646 chelandiis
885 2619 1050 2657 quatuor.
1107 2612 1365 2646 mardaitarum
1400 2621 1420 2643 e
1448 2621 1537 2657 pro·

105 2649 234 2701 vinciis
258 2651 541 2687 occidentalibus
556 2680 567 2695 ,
590 2660 631 2688 ut
654 2657 849 2703 Nicopoli,
873 2658 1118 2706 Peloponneso
1149 2664 1186 2694 et
1218 2657 1440 2704 Cephaleuia
1470 2667 1535 2693 ex-

104 2700 258 2731 cnorum
283 2696 430 2732 aderant
456 2699 522 2734 viri
553 2705 607 2736 ter
634 2703 746 2738 mille.
