1884 3112
319 124 339 158 1
354 104 425 179 74
557 123 914 166 οοΝεΤΑΝΤιΝι
951 122 1434 170 PORPHYROGENPH
1494 168 1496 171 .

312 225 537 279 ἔρχονται,
577 225 650 265 καί
676 221 759 266 εἶθ’
786 221 920 273 οὕτως
948 225 1110 267 δίδοται
1140 224 1221 267 ἀπὸ
1251 224 1752 282 achivamque-movim·-

305 305 389 342 μον
428 291 475 332 ἐν
512 290 568 346 τῷ
596 291 825 346 λαυσιακῷ.
888 291 963 331 καί
988 291 1240 346 α’πέρχονται
1266 288 1447 344 ἅπαντες
1474 292 1545 336 διὰ
1572 297 1650 336 τοῦ
1673 310 1752 348 μο-

267 353 494 411 Βνοθύρου
524 358 600 397 τοῦ
629 351 746 404 ὄντος
775 354 848 396 ἐπὶ
873 354 946 397 τὸν
972 355 1127 398 εἰδικὸν
1164 359 1209 399 ἐν
1237 360 1291 415 τῇ
1317 361 1501 417 μυστικῇ
1528 360 1659 418 φιάλῃ
1675 362 1752 403 τοῦ

305 419 549 478 τρικόγχου,
591 419 867 475 βαστάζοντες
908 418 1086 471 ἅπαντες
1125 423 1267 466 αὐτῶν
1296 427 1419 481 κηρία
1457 427 1533 481 τῆς
1560 428 1698 483 λιτῆς,
1729 424 1752 468 ὅ

310 489 357 529 δὲ
392 485 595 542 βασιλεύς
637 489 849 543 ἐξέρχεται
888 489 933 530 ἐν
971 490 1029 547 τῷ
1056 491 1409 549 χρυσοτρικλίνῳ,
1439 493 1678 548 ἐξέρχονται
1705 494 1778 536 δὲ5

308 555 384 595 καί
410 552 450 595 οἱ
478 551 604 610 ἱερεῖς
629 552 711 595 ἀπὸ
741 556 816 610 τῆς
833 555 1051 610 ἐκκλησίας
1076 556 1150 597 τοῦ
1177 553 1346 612 φάρου,
1373 557 1654 611 βαστάζοντες
1679 556 1751 601 τὸν

125 617 494 676 Με.83.ασταυρὸν
532 622 606 676 τῆς
645 622 864 676 ἐκκλησίας
872 654 885 675 ,
926 622 1000 663 καί
1023 622 1125 678 παρ’
1153 619 1259 664 αὐτὰ
1289 618 1493 678 ἄρχονται
1516 623 1563 667 τὸ
1591 622 1753 681 ,τροπά-

307 701 400 743 ριον
427 687 503 743 τῆς
529 689 645 742 λιτῆς
671 684 773 743 »τὴν
800 684 942 743 κοινήν
970 684 1246 731 οἶνάστασιν.”
1283 689 1357 732 καὶ
1382 688 1700 747 δηριγευόμενος
1727 684 1750 731 ὅ

300 751 506 808 βασιλεύς
537 752 616 796 ὑπὸ
645 757 728 796 τῶν
754 756 829 796 τοῦ
857 757 1151 809 κουβουκλειόυ
1178 753 1392 810 ἁπάντων,
1422 758 1633 813 διέρχεται
1660 752 1752 800 ὄπι-

306 822 410 862 σθεν
444 821 517 876 τῆς
555 821 670 877 λιτῆς
709 820 783 862 καὶ
812 821 1029 878 ἐξέρχεται
1070 822 1115 865 ἐν
1151 824 1210 880 τῷ
1236 821 1466 882 ἡμικυκλίῳ
1495 821 1651 880 φιάλης
1673 826 1807 866 τοῦτο

305 882 527 942 τρικόγχου
546 921 559 940 ,
603 885 677 929 καὶ
722 889 918 942 δέχονται
953 884 1082 930 ari-cdv
1136 889 1269 931 ἐκεῖσε
1304 890 1516 944 πατρίκιοι
1554 891 1628 932 καί
1653 888 1755 946 σύγ-

303 956 453 1009 κλητος
499 955 575 996 καί
612 955 727 996 πᾶσα
768 953 796 1010 ἦ
838 955 1085 1010 προέλευσις
1100 987 1113 1008 ,
1142 954 1338 997 κάκεῖθεν
1365 950 1598 1012 ἇπέρχεται
1632 960 1756 998 ἶλιτα-

307 1018 441 1063 νεύων
468 1021 513 1062 ἒν
539 1021 592 1078 τῇ
619 1019 761 1078 δάφνῃ
777 1053 788 1072 ,
831 1019 904 1063 καὶ
929 1022 1162 1077 εἰσέρχεται
1189 1022 1252 1070 εἰς
1276 1019 1348 1063 τὸν
1371 1018 1473 1064 ναὸν
1498 1023 1572 1078 τῆς
1597 1019 1755 1078 ὑπερα-

110 1084 404 1142 Ed.L.1032n'ag
434 1085 663 1140 Θεοτόκου,
692 1089 766 1129 καί
792 1082 908 1141 ἅψας
932 1086 1084 1142 κηρούς
1111 1087 1183 1129 καί
1209 1086 1458 1141 εὖξάμενος,
1486 1092 1603 1130 τελεῖ
1621 1089 1754 1131 ἐκεῖσε

306 1149 380 1209 τὴν
407 1153 570 1207 ἐκτενῆ,
598 1151 671 1194 καί
696 1148 926 1208 ἀπέρχεται
953 1155 1013 1202 εἰς
1038 1151 1135 1202 τούς
1162 1152 1399 1210 σταυρούς,
1424 1152 1498 1195 καί
1527 1154 1805 1208 εὖξάμενοςιῦ

309 1218 520 1274 διέρχεται
549 1216 621 1260 διὰ
654 1220 730 1261 τοῦ
758 1217 965 1272 τρικλίνου
993 1219 1067 1262 τοῦ
1097 1219 1388 1274 αὕγουστέως,
1425 1222 1498 1263 καί
1521 1221 1755 1276 εἰσέρχεται

307 1285 369 1336 εἷς
396 1282 471 1327 τὸν
495 1282 598 1327 ναὸν
621 1287 699 1327 μτοῦ
714 1284 833 1340 ἁγίου
851 1284 1202 1342 πρωτομάρτυρος
1223 1284 1456 1342 Στεφάνου,
1484 1286 1612 1328 κοῖκεῖ
1631 1281 1757 1336 εὐξά-

307 1367 431 1408 μενος
452 1355 570 1394 τελεῖ
600 1353 730 1394 ἐκεῖσε
756 1350 831 1408 τήν
858 1353 1020 1408 ἐκτενῆ,
1062 1350 1136 1394 καί
1155 1350 1480 1408 «δηριγευόμενος
1510 1354 1566 1395 δι’
1602 1348 1754 1408 αὗτῶν,

310 1420 526 1475 διέρχεται
555 1417 624 1460 διὰ
653 1420 730 1460 τοῦ
758 1418 1023 1473 αὖγουστέως
1051 1421 1124 1461 καί
1147 1420 1222 1474 τῆς
1250 1415 1404 1472 ἆψίδος
1422 1421 1500 1461 τοῦ
1519 1418 1756 1476 τρικὸγχου,

304 1487 383 1527 καί
417 1486 616 1539 μένουσιν
647 1483 687 1527 οἷ
718 1486 928 1539 βασιλικοὶ
962 1486 1007 1528 ἐν
1047 1487 1098 1542 τῇ
1127 1485 1230 1544 αὐτῇ
1258 1484 1385 1539 ἄψίδι
1412 1486 1489 1528 τοῦ
1516 1484 1807 1541 τρικιῇνχου,2ο

309 1548 638 1607 ὖπερευχόμενοι
678 1550 750 1593 τὸν
788 1551 979 1605 βασιλέα.
1039 1553 1131 1608 (Δ.)
1163 1550 1211 1594 Ὁ
1238 1553 1284 1594 δὲ
1311 1549 1509 1606 βασιλεὺς
1536 1551 1753 1607 δηριγευό-

308 1631 432 1672 μενος
455 1615 538 1659 ὑπὸ
566 1618 649 1660 τῶν
670 1613 892 1674 ’ἀρχόντων
919 1620 998 1660 τοῦ
1025 1619 1341 1672 κουβουκλείου,
1369 1617 1598 1674 πατρικίων
1610 1633 1661 1660 ’τε
1677 1619 1756 1660 καί

306 1685 698 1740 πρωτοσπαθαριῖον
724 1684 797 1725 καί
821 1685 896 1739 τῆς
923 1683 1180 1740 συγκλήτου,
1218 1683 1680 1740 σπαθαροκανδιδάτων
1709 1699 1754 1726 τε

277 1749 388 1792 Βκαί
413 1752 485 1793 ἐπὶ
509 1751 585 1792 τοῦ
613 1748 850 1806 μαγλαβίου
879 1750 952 1793 καί
978 1754 1132 1794 λοιπῶν
1160 1751 1395 1804 οἷκειακῶν,
1434 1751 1643 1807 διέρχεται
1680 1747 1751 1792 διὰ

404 1842 437 1875 3.
464 1840 528 1875 ἐπὶ
546 1838 588 1875 τὰ
610 1841 665 1874 ed.

310 1921 350 1953 in
374 1924 505 1954 terram
529 1921 806 1966 procumbentes
831 1933 911 1956 eum
939 1921 1157 1963 adorarunt,
1191 1922 1339 1967 singulis
1378 1932 1517 1955 crucem
1542 1920 1654 1954 donat
1669 1946 1678 1961 ,
1712 1919 1752 1953 hi

311 1967 434 2000 felicia
459 1968 673 2014 Imperatori
698 1970 899 2014 apprecati‚
936 1969 1084 2006 abeunt.
1133 1969 1192 2002 Sic
1221 1979 1366 2014 quoque
1391 1979 1576 2012 processus
1610 1968 1650 2000 in
1673 1967 1755 1999 lau-

312 2014 407 2047 siaco
431 2026 452 2047 a
476 2015 645 2048 mandato
670 2017 898 2056 instituitur,
937 2027 1134 2062 omnesque
1165 2027 1229 2061 per
1263 2014 1534 2059 monothyram,
1574 2023 1666 2059 quae
1706 2012 1753 2046 ad

311 2062 487 2094 aerarium
510 2062 687 2106 privatum
711 2063 749 2096 in
781 2062 905 2107 phiala
925 2068 1068 2095 secreta
1093 2061 1270 2096 triconchi
1297 2061 1419 2102 ducit,
1448 2071 1568 2095 cereos
1605 2071 1755 2106 proces·

313 2107 468 2142 sionales
492 2114 682 2153 gestantes,
707 2108 918 2154 procedunt,
942 2110 1139 2154 Imperator
1163 2108 1489 2152 chrysotriclinium
1506 2107 1612 2152 petit,
1635 2117 1752 2140 sacer-

314 2153 438 2196 dotes,
471 2167 611 2190 crucem
643 2156 816 2205 ecclcsiae
840 2155 1105 2200 praeferentes,
1141 2167 1160 2189 e
1186 2155 1323 2200 templo
1354 2153 1461 2200 phari
1480 2154 1688 2200 prodeunt,
1716 2158 1754 2187 et

314 2202 453 2235 interea
475 2204 670 2248 troparium
697 2203 959 2249 processionis:
988 2203 1215 2237 Communem
1245 2202 1572 2242 resurrectionem,
1606 2199 1753 2235 exordi-

314 2253 436 2282 untur.
483 2251 697 2295 Imperator,
721 2249 950 2284 cubiculariis
983 2249 1254 2290 comitantibus,
1289 2250 1557 2293 processionem
1588 2248 1754 2293 sequitur

316 2300 355 2329 et
372 2294 613 2341 *hemicyclum
630 2297 775 2344 phialae
801 2295 976 2331 triconchi
994 2297 1100 2341 petit,
1123 2296 1189 2330 ubi
1211 2297 1366 2341 patricii,
1392 2301 1537 2330 senatus
1562 2296 1753 2340 omnisque

313 2353 446 2389 pompa
470 2355 552 2378 eum
576 2345 732 2391 excipit:
757 2343 854 2378 unde
878 2343 924 2377 ad
947 2342 1127 2389 daphnem
1150 2355 1302 2390 pergens
1318 2369 1327 2386 ‚
1351 2344 1527 2389 templum
1553 2342 1589 2376 S.
1614 2343 1753 2386 Deipa-

314 2401 378 2424 rae
403 2391 615 2436 ingreditur,
641 2402 792 2438 cumque
817 2391 927 2425 cercis
953 2392 1109 2424 accensis
1133 2397 1317 2435 precatus,
1343 2397 1526 2424 extensam
1547 2390 1606 2423 ibi
1629 2388 1752 2429 canit,

315 2436 363 2470 ad
387 2448 510 2472 cruces
537 2439 695 2479 accedit,
721 2444 959 2485 precatusque
990 2449 1054 2484 per
1077 2439 1276 2472 triclinium
1299 2437 1493 2484 augustalis
1519 2436 1693 2481 templum
1717 2433 1751 2468 S.

313 2485 425 2530 primi
449 2488 613 2530 martyris
638 2486 812 2532 Stephani
840 2487 961 2526 intrat,
987 2491 1023 2519 et
1045 2490 1222 2531 precatus,
1247 2490 1427 2518 extensam
1454 2484 1508 2518 ibi
1532 2484 1642 2523 canit,
1668 2492 1753 2515 mox

315 2531 362 2565 ab
387 2531 516 2566 iisdem
540 2534 690 2579 stipatus
705 2559 714 2575 ,
749 2542 814 2580 per
840 2533 1024 2578 augustale
1054 2538 1091 2566 et
1113 2531 1292 2566 triconchi
1326 2532 1487 2577 apsidem
1535 2530 1687 2570 transit,
1712 2529 1753 2562 in

316 2578 418 2612 cuius
444 2591 462 2612 a
492 2580 568 2615 side
596 2580 771 2615 triconchi
805 2581 1030 2625 Imperatoris
1057 2580 1233 2621 ministri,
1268 2580 1383 2613 fausta
1408 2579 1554 2613 domino
1579 2585 1752 2622 appreca-

314 2626 408 2667 turi,
438 2593 580 2665 aklsunt.
628 2628 729 2672 (lv.)
775 2626 812 2662 Is
836 2639 942 2673 porro
967 2639 986 2660 a
1004 2627 1200 2672 'praefectis
1237 2626 1417 2667 cubiculi,
1451 2625 1634 2672 patriciis,
1659 2632 1752 2668 pro-

314 2674 547 2716 tospathariis
570 2681 608 2710 et
631 2681 777 2716 senatu,
802 2673 1172 2720 spatharocandidatis
1187 2699 1196 2715 ,
1221 2674 1444 2708 manclavitis
1469 2678 1506 2706 et
1531 2671 1658 2705 ceteris
1685 2667 1753 2702 do-

316 2721 476 2756 mesticis
502 2723 659 2766 cinctus‚
686 2733 758 2770 per
791 2721 935 2760 ianuam
959 2721 1004 2757 ad
1026 2721 1151 2756 fiscum
1179 2722 1359 2768 privatum
1391 2719 1583 2755 ducentem
1619 2715 1750 2751 transit
