1832 3112
301 84 381 158 96
591 103 953 150 CONSTANTlNl
995 90 1482 157 PORPHYROGENITI

299 220 385 259 τως
411 205 486 249 καὶ
509 207 555 250 ἐν
580 213 674 258 ταῖς
707 210 792 251 τῶν
827 211 1067 266 κλητωρίων
1104 213 1395 265 εἶσοδιεξόδοις
1422 217 1584 270 μίνσων
1609 232 1654 261 τε
1684 218 1758 262 καὶ

304 274 459 315 λοιπῶν
484 275 652 328 χρειῶν·
707 276 753 317 ἐν
782 277 830 318 δὲ
855 275 906 333 τῇ
933 274 1082 336 εἰσόδῳ
1108 282 1187 321 τοῦ
1213 278 1302 330 ἐνὸς
1329 278 1505 325 ἑκάστου
1530 285 1683 337 μίνσου
1709 287 1757 329 ἐν

305 334 357 395 τῇ
383 341 569 397 τραπέζῃ
599 337 716 391 ἆξιοῖ
737 339 759 382 ὅ
787 340 987 394 βασιλεὺς
1013 341 1084 386 τόν
1121 344 1387 403 πατριάρχην
1415 347 1522 404 πρὸς
1561 347 1609 392 τὸ
1638 350 1759 392 εὔλο-

303 405 446 460 γῆσαι.
503 404 525 445 ὃ
558 405 604 445 δὲ
631 407 894 462 πατριάρχης
931 410 1211 465 προτρέπεται
1247 411 1351 454 κατὰ
1390 413 1540 467 μίνσον
1566 410 1632 458 ἔνι’
1661 412 1760 457 εκά-

266 482 390 528 Gorty
417 472 700 528 μητροπολίτῃ
729 471 835 514 κατὰ
865 471 942 529 τὴν
969 471 1128 517 ἑαυτοῦ
1170 480 1486 535 προκαθεδριάν
1537 479 1611 522 καὶ
1635 470 1783 525 enno-5

306 541 390 590 γεῖ,
430 538 502 577 καί
528 531 666 592 πάσης
705 538 779 593 τῆς
809 540 887 580 τοῦ
924 542 1150 595 τραπεζίου
1191 539 1446 595 ἀκολουθίας
1480 545 1757 602 τελεσθείσης,

307 598 556 644 ἀνίστανται
566 636 579 656 ,
618 603 692 644 καί
717 602 1047 659 ὑπερευξάμενοι
1074 605 1142 650 τὸν
1170 611 1348 662 βασιλέα
1378 611 1648 667 ἐξέρχονται,
1686 610 1761 654 καὶ

306 666 424 720 μένει
453 665 475 708 ὅ
493 667 706 721 ,βασιλεὺς
730 667 839 723 μετὰ
860 668 990 723 μόνου
1019 675 1095 714 τοῦ
1119 671 1384 731 πατριάρχου
1414 677 1459 719 ἐν
1481 678 1532 734 τῇ
1559 678 1759 735 τραπέζῃ.

305 731 466 783 πιόντες
494 735 540 776 δὲ
568 732 694 777 πάλιν
721 733 825 792 πρὸς
854 732 965 789 ἅπαξ
991 738 1262 794 ἀνίστανται,
1291 742 1364 783 καί
1390 741 1552 792 εὐθέως
1581 741 1603 784 ὅ
1631 746 1759 797 βασι-

135 798 410 850 Με.55.αλεὺς
438 799 732 856 περιβάλλεται
759 800 806 843 τὸ
831 803 977 857 σαγίον
1003 804 1138 846 αὑτοῦ
1148 838 1161 858 ,
1189 810 1518 863 προσκληθέντες
1546 810 1593 852 δὲ
1621 808 1695 851 καί
1720 809 1815 853 uino

312 864 439 921 ἱερεῖς
466 867 739 922 εἰσέρχονται,
769 870 843 910 καί
869 869 1220 924 περιβαλλόμενος
1244 871 1267 913 ὅ
1285 873 1547 930 πατριάρχης
1573 872 1621 916 τὸ
1651 874 1765 928 ὦμο-

312 931 460 990 φὸριον
497 929 634 975 αὖτοῦ
671 934 717 976 ἐν
754 936 807 991 τῇ
846 938 1125 995 προλεχθείσῃ
1177 936 1349 997 καμάρᾳ
1390 937 1461 981 διὰ
1498 941 1580 982 τῶν
1604 939 1765 998 ἱερέων,

312 1000 542 1055 ἐξέρχεται.
579 998 653 1041 καί
676 1002 845 1044 ποιοῦσι
873 1000 947 1044 τὸν
975 1001 1132 1058 στίχον,
1163 1005 1236 1046 καί
1260 1003 1367 1059 μετά
1397 1004 1471 1048 τὸν
1499 1005 1645 1061 στίχον
1672 1008 1766 1050 ἐπι-

314 1065 489 1108 δίδωσιν
518 1062 542 1107 ὅ
571 1066 836 1123 πατριάρχης
872 1068 930 1125 τῷ
963 1071 1134 1122 βασιλεῖ’
1157 1071 1383 1126 εὐλογίας,
1428 1071 1502 1114 καί
1525 1074 1766 1129 ἐξέρχονται

313 1132 353 1175 οἱ
380 1131 518 1188 ἱερεῖς,
543 1132 616 1174 καί
638 1134 996 1188 προσκυνήσαντες
1037 1130 1269 1193 ἀμφότεροι
1297 1136 1501 1193 ἀλλήλους
1529 1134 1610 1192 ὅ,τε
1637 1141 1817 1193 βασι-15

273 1196 414 1248 Βλεύς
441 1196 514 1239 καί
532 1196 555 1239 ὅ
582 1197 847 1254 πατριάρχης
867 1199 941 1242 καί
964 1200 1268 1256 ἀσπασάμενοι,
1298 1202 1321 1244 ὅ
1345 1203 1424 1256 μὲν
1451 1203 1652 1258 βασιλεὺς
1679 1205 1767 1247 εἶσ-

319 1266 489 1320 έρχεται
527 1264 572 1305 ἒν
613 1265 671 1322 τῷ
707 1267 873 1307 κοιτῶνι
901 1261 1060 1321 αὐτοῦ,
1104 1265 1179 1310 τὸν
1208 1269 1255 1311 δὲ
1282 1268 1545 1326 πατριάρχην
1572 1271 1769 1324 λαβόντες

319 1329 358 1372 οἱ
387 1325 585 1386 ἄρχοντες
612 1332 688 1373 τοῦ
714 1332 1009 1386 κουβουκλείου
1041 1335 1113 1376 καί
1141 1333 1180 1377 οἱ
1206 1334 1569 1392 κουβικουλάριοι,
1611 1333 1768 1379 διασώ-

320 1397 465 1449 ζουσιν
494 1394 627 1440 αὖτόν
652 1398 782 1454 μέχρι
809 1398 884 1454 τῆς
911 1397 1043 1456 πύλης
1070 1402 1149 1443 τοῦ
1176 1400 1478 1459 σπαθαρικίου.

937 1501 1077 1543 ΚΕΦ.
1106 1500 1158 1544 ιε’.

1772 1529 1827 1559 20

418 1577 511 1616 Ὅσα
535 1578 597 1615 δεῖ
615 1578 932 1628 παραφυλάττειν
960 1582 1004 1627 τῇ
1027 1581 1248 1627 παρασκευῇ
1270 1580 1337 1625 τῆς
1356 1579 1663 1628 διακαινησίμου.

433 1659 735 1716 Προέρχονται
773 1655 952 1708 ἅπαντες
987 1660 1034 1701 ἐν
1072 1661 1129 1716 τῷ
1169 1660 1358 1717 παλατίῳ
1395 1655 1648 1714 ἧλλαγμένοι
1686 1654 1769 1702 vimi

131 1727 486 1777 Ed.L.58.7oevm5v
510 1727 764 1781 χλανιδίων,
802 1725 861 1775 ὥς
887 1724 1145 1782 προείρηται·
1198 1722 1432 1778 οἷνοίξαντος
1460 1727 1507 1768 δὲ
1531 1727 1608 1768 τοῦ
1635 1729 1774 1768 παλαι

327 1844 386 1870 sae
418 1834 651 1878 Imperatoris
689 1843 805 1878 aeque
827 1843 867 1866 ac
890 1831 1068 1877 appositis
1089 1831 1247 1873 tabulis,
1284 1830 1442 1878 dumque
1469 1830 1598 1866 missus
1624 1835 1661 1864 et
1683 1831 1774 1865 reli-

327 1893 420 1929 quus
441 1886 634 1926 apparatus
667 1880 705 1912 in
725 1879 959 1913 coenaculum
983 1881 1201 1920 afferuntur,
1237 1878 1429 1920 adsident,
1461 1879 1619 1924 dumque
1639 1878 1774 1923 singuli

326 1929 457 1964 missus
481 1927 628 1960 tabulae
654 1927 892 1972 imponuntur
907 1951 916 1967 ,
951 1927 1148 1970 Imperator
1169 1925 1410 1970 patriarcham
1437 1925 1483 1959 ad
1511 1935 1634 1960 eorum
1658 1925 1774 1958 bene-

332 1976 531 2010 dictionem
553 1974 692 2007 invitat.
716 1974 748 2006 Is
766 1974 876 2017 igitur
894 1974 1094 2018 unicuique
1115 1973 1427 2017 metropolitarum
1445 1983 1510 2016 pro
1527 1983 1589 2005 sua
1611 1971 1778 2016 praecel-

328 2022 446 2056 lentia
470 2026 506 2055 et
527 2020 700 2066 dignitate
715 2019 754 2053 id
781 2019 940 2064 iniungit
963 2031 1003 2052 ac
1025 2018 1224 2060 benedicit,
1251 2020 1424 2065 omnique
1441 2029 1583 2052 mensae
1598 2019 1671 2052 ritu
1690 2028 1775 2062 per-

329 2074 424 2109 acto,
446 2073 595 2113 surgunt
620 2073 656 2101 et
666 2067 880 2112 Imperatori
904 2066 1019 2099 fausta
1040 2067 1175 2110 precati
1191 2066 1346 2100 abeunt:
1369 2066 1466 2099 solus
1480 2066 1678 2110 Imperator
1695 2074 1777 2098 etun

330 2114 536 2161 patriarcha
569 2113 615 2146 ad
643 2125 803 2146 mensam
824 2118 993 2147 remanet.
1052 2113 1243 2158 Postquam
1271 2123 1355 2146 vero
1378 2111 1496 2146 adhuc
1521 2112 1631 2146 semel
1649 2116 1777 2156 potum

332 2173 511 2200 sumsere,
538 2161 736 2205 Imperator
756 2171 878 2205 sagum
902 2171 1006 2193 suum
1028 2159 1171 2193 induit:
1199 2161 1316 2193 vocati
1343 2158 1547 2193 sacerdotes
1564 2159 1716 2198 intrant,
1740 2162 1779 2191 et

333 2207 539 2255 patriarcha
569 2206 780 2252 omophorio
807 2219 871 2240 suo
900 2208 939 2240 in
968 2206 1064 2240 dicta
1097 2217 1233 2240 camera
1262 2217 1328 2251 per
1368 2205 1571 2240 sacerdotes
1611 2205 1774 2245 indutus,

335 2255 426 2288 abit.
475 2254 522 2287 Hi
544 2253 700 2287 stichum
731 2254 894 2295 faciunt,
920 2253 1054 2287 deinde
1081 2252 1287 2298 patriarcha
1302 2264 1432 2298 panem
1453 2252 1690 2286 benedictum
1703 2251 1778 2284 Im-

335 2301 496 2348 peratori
529 2300 659 2341 tradit,
705 2301 908 2334 sacerdotes
939 2300 1194 2344 egrediuntur,
1238 2305 1275 2333 et
1309 2305 1502 2344 postquam
1527 2299 1721 2343 Imperator
1742 2301 1781 2331 et

338 2346 544 2394 patriarcha
572 2358 611 2380 se
638 2347 834 2380 adorarunt
858 2353 895 2381 et
917 2348 1137 2387 salutarunt,
1169 2347 1233 2379 ille
1259 2345 1304 2379 ad
1327 2357 1431 2379 suum
1458 2344 1667 2379 cubiculum
1689 2342 1780 2384 abit,

335 2394 577 2440 patriarcham
599 2405 684 2427 vero
710 2393 886 2439 praefecti
923 2394 1091 2427 cubiculo
1123 2398 1160 2426 et
1189 2392 1404 2428 cubicularii
1433 2391 1622 2438 excipiunt
1643 2391 1782 2437 ipsum·

335 2453 410 2489 que
441 2452 557 2488 usque
575 2440 622 2474 ad
648 2439 861 2486 spatharicii
877 2446 1019 2487 portam
1038 2441 1266 2474 comitantur.

964 2525 1059 2560 CAP.
1089 2525 1140 2560 15.

551 2593 792 2630 Observanda
817 2595 857 2628 ἰη
879 2595 1018 2642 vigilia
1039 2594 1264 2642 septimanae
1291 2589 1559 2628 renovationis.

434 2684 570 2719 Omnes
592 2685 727 2719 tunicis
760 2684 852 2719 albis
881 2684 1002 2719 induti
1026 2689 1067 2718 ut
1099 2683 1236 2718 dictum
1274 2687 1330 2717 est
1362 2683 1402 2716 in
1437 2678 1615 2728 palatium
1649 2685 1780 2714 conve-

340 2732 471 2774 niunt,
498 2744 569 2778 quo
589 2737 732 2778 aperto,
764 2733 946 2780 processio
967 2743 1097 2767 novum
1123 2731 1344 2772 triclinium,
1379 2728 1478 2776 quod
1501 2727 1693 2763 Iustiniani
1716 2734 1780 2760 vo-
