1786 3126
198 85 311 122 xxu
692 82 767 122 10.·
806 82 913 124 1AC.
954 77 1153 125 Rsslsxu

310 186 347 240 §-
376 185 418 238 4.
487 187 553 226 De
593 194 770 227 auctore
798 187 912 227 libri.
982 188 1081 228 Fuit
1110 189 1189 229 hoe
1215 203 1317 244 opus
1348 189 1570 243 hactenus,
1606 205 1654 233 ex

198 253 277 292 fide
299 252 627 293 membranarum
653 261 900 304 nostrarum,
929 253 987 294 illi
1014 255 1278 296 Constantino
1299 256 1656 313 Porphyrogenne-

196 327 241 359 to
258 349 270 371 ,
317 320 464 359 Leonis
501 319 699 373 Sapientis
729 319 837 371 filio,
869 320 1006 361 Basilii
1040 322 1275 362 Macedonis
1315 325 1453 378 nepoti
1470 354 1482 376 ,
1522 323 1656 364 tribu-

198 393 304 437 tum,
333 388 448 426 cuius
494 388 600 425 inter
628 386 769 425 doctos
810 392 1055 440 purpuratos
1095 403 1240 443 magna
1286 389 1374 430 laus
1419 398 1460 430 et
1499 391 1658 432 celebre

199 467 349 492 nomen
372 460 447 504 est,
476 460 516 492 et
536 454 601 492 eui
629 452 707 491 alia
731 467 893 507 quoque
911 455 1061 508 ingenii
1080 455 1353 496 industriaeve
1377 465 1656 509 monumenta,

199 527 263 571 ut,
292 527 452 573 praeter
479 519 600 558 modo
630 518 838 559 laudatum
867 523 1072 574 geminum
1102 535 1221 574 opuS,
1247 521 1355 577 'liber
1386 523 1438 563 de
1466 522 1657 564 themati-

199 585 293 636 bus,
324 585 426 625 alius
449 586 499 625 de
527 588 612 625 vita
633 585 797 637 Basilii,
830 587 926 626 item
958 587 1009 626 de
1038 588 1214 640 imagine
1233 586 1438 629 Edessena
1462 588 1623 630 libellus
1642 620 1656 642 ‚

200 653 469 706 imputantur.
504 651 616 709 ¹Ego
643 665 741 690 vero
759 681 771 702 ,
812 666 939 705 quum
965 654 1007 692 in
1029 653 1107 692 hoc
1133 660 1272 693 nostro
1287 683 1300 706 ,
1326 661 1374 694 ut
1400 655 1653 705 inscribitur,

200 718 460 772 Syntagmate
498 718 724 758 invenirem
758 717 869 758 haud
917 733 1045 772 pauca
1061 750 1073 770 ,
1106 721 1190 758 eius
1206 749 1218 770 ,
1255 733 1376 774 quem
1407 720 1506 772 dixi,
1547 721 1660 762 Con-

207 786 371 825 stantini
403 799 564 825 excessu
591 786 831 839 posteriora,
860 799 942 825 non
972 787 1144 841 margini
1170 794 1320 839 assuta,
1348 787 1417 827 sed
1447 787 1500 827 ab
1520 788 1662 828 eadem

202 866 326 891 manu
343 881 355 902 ,
387 865 492 905 quae
533 858 667 891 cetera
696 853 832 890 omnia
861 854 1057 904 exaravit,
1085 867 1167 892 uno
1193 854 1385 894 continuo
1402 853 1471 893 filo
1494 855 1660 894 intexta:

200 919 317 972 coepi
346 918 397 958 de
420 924 584 957 auctore
614 917 773 972 fideque
799 919 1088 973 inscriptionis,
1114 926 1153 959 et
1178 919 1356 974 vulgaris
1377 919 1508 961 famae
1531 921 1664 969 amhiz¹

205 998 316 1037 gere.
373 984 477 1023 Sunt
507 991 642 1024 autem
676 984 769 1023 illae
793 984 1140 1025 characteristic-ae
1175 993 1406 1041 temporum
1438 994 1559 1026 notae
1585 986 1664 1026 hae

206 1046 463 1105 praecipuae.
521 1050 572 1089 In
598 1049 668 1089 illo
702 1052 848 1104 capite,
882 1051 991 1106 quod
1026 1060 1287 1093 monumenta
1308 1052 1547 1107 sepulcralia
1578 1053 1663 1092 lm-

206 1125 442 1172 peratorum
473 1116 734 1157 CPtanorum
758 1125 991 1172 percenset,
1025 1119 1097 1173 (est
1120 1119 1163 1158 id
1185 1117 1279 1159 libri
1300 1119 1663 1174 secundiquadra-

207 1186 405 1238 gesimum
437 1183 671 1237 secundum)
699 1186 876 1225 occurrit
915 1183 1024 1225 illius
1063 1186 1188 1239 ipsius
1222 1186 1502 1238 Constantini,
1542 1200 1664 1241 quem

208 1249 327 1291 liceat
350 1251 559 1291 doctrinae
594 1253 722 1306 gratia
741 1252 971 1306 Sapientem
1007 1251 1059 1291 ad
1091 1253 1216 1307 patris
1247 1253 1395 1293 Leonis
1439 1252 1666 1307 exemplum

208 1318 426 1372 appellare,
452 1333 556 1358 urna
585 1333 678 1358 cum
700 1318 778 1358 hoc
813 1318 969 1373 elogio:
1001 1314 1193 1371 Λάρναξ,
1217 1318 1263 1360 ἒν
1293 1310 1332 1376 ᾦ
1354 1315 1575 1360 ἀπόκειται
1585 1317 1667 1360 Λέ-

210 1399 270 1424 ων
295 1408 319 1416 -
346 1409 369 1416 -
393 1381 473 1425 σὺν
512 1384 571 1440 τῷ
602 1381 681 1440 υἱῷ
713 1384 1018 1441 Κωνσταντίνῳ
1034 1416 1046 1437 ,
1076 1380 1250 1440 ὕστερον
1270 1382 1582 1439 τελευτήσαντι,
1608 1385 1669 1442 τῷ

209 1449 602 1506 Πορφυρογεννήτῳ
620 1484 633 1503 ‚
676 1451 830 1499 Urna,
872 1452 917 1491 in
965 1465 1050 1506 qua
1093 1453 1206 1493 iacet
1235 1452 1321 1492 Leo
1351 1475 1371 1483 -
1400 1475 1423 1485 -
1453 1466 1545 1493 cum
1557 1450 1668 1508 filio

211 1518 489 1558 Constantino
518 1519 947 1574 Porphyrogenncto,
979 1518 1052 1572 qui
1080 1519 1278 1574 deinceps
1305 1527 1493 1560 mor-tuus
1523 1519 1586 1573 (id
1610 1519 1671 1558 est

210 1583 331 1639 longo
350 1592 534 1638 tempore
552 1593 644 1640 post
660 1587 835 1640 positum
856 1586 962 1640 patri
976 1592 1283 1624 monumentum
1294 1587 1380 1625 vita
1395 1585 1608 1625 defimetus
1628 1591 1670 1624 et

209 1652 252 1690 in
281 1659 496 1705 paternum
527 1651 733 1691 tumulum
757 1651 904 1704 illatus)
922 1649 1031 1705 fuit.
1099 1650 1271 1703 Aliquot
1299 1652 1516 1690 interiectis
1539 1651 1669 1691 versi-

208 1716 285 1756 bus
321 1723 570 1757 memoratur
598 1718 761 1768 Basilii,
789 1717 913 1770 vulgo
953 1716 1239 1770 Bulgaroctoni
1277 1716 1391 1768 dicti,
1429 1725 1670 1756 monumen-

211 1790 318 1834 tum,
349 1785 419 1837 qui
448 1783 552 1823 filius
573 1785 744 1823 Romani
765 1784 950 1834 iunioris,
990 1796 1116 1836 nepos
1143 1797 1265 1836 supra
1298 1782 1395 1822 dicti
1417 1782 1671 1822 Constantini

212 1848 430 1902 Sapientis,
466 1863 572 1887 anno
599 1857 691 1902 post
712 1850 777 1888 avi
804 1848 961 1887 obitum
982 1848 1224 1901 sexagesimo
1241 1840 1394 1901 ‘quinto
1414 1849 1519 1887 vivis
1536 1861 1672 1887 exces-

215 1916 283 1954 sit.
341 1914 526 1954 Tandem
546 1927 708 1968 quoque
744 1915 874 1967 capite
914 1921 1023 1952 sexto
1046 1920 1087 1952 et
1112 1914 1373 1966 nonagesimo
1401 1913 1524 1966 primi
1555 1911 1669 1964 libri,

213 1993 287 2018 seu
308 1981 450 2033 quinto
480 1986 520 2018 et
546 1981 779 2030 centesimo,
813 1978 1034 2018 secundum
1060 1978 1388 2023 membrananlm
1415 1985 1670 2032 computum,

214 2053 422 2098 narratur,
452 2044 551 2099 quid
581 2045 634 2084 A.
666 2045 711 2084 C.
737 2044 818 2099 963
845 2059 869 2083 a
892 2058 1029 2083 mense
1049 2045 1199 2084 Martio
1218 2058 1347 2098 usque
1366 2043 1418 2083 ad
1438 2043 1671 2098 Augustum

214 2112 260 2151 in
290 2111 362 2151 illo
388 2113 618 2166 interregno
658 2111 884 2164 contigerit,
916 2109 1026 2163 quod
1050 2110 1224 2150 Romani
1251 2110 1420 2150 iunioris
1449 2123 1671 2162 excessum,

219 2184 260 2217 et
296 2177 333 2216 N
338 2177 518 2231 ieephori
541 2177 704 2218 Phocac
741 2176 997 2231 tyrannidem
1020 2176 1258 2228 intercedit,
1291 2183 1331 2216 et
1372 2190 1453 2230 qua
1481 2175 1549 2215 hic
1581 2190 1672 2216 eam

216 2245 375 2283 ratione
395 2245 601 2283 invaserit.
655 2245 764 2283 Haec
795 2256 901 2282 anno
929 2249 1021 2296 post
1048 2243 1247 2297 Sapientis
1270 2242 1523 2282 Constantini
1537 2255 1671 2281 exces-

20 2322 118 2360 Edj,
130 2322 312 2358 vnlsum
342 2317 486 2364 quarto
509 2312 778 2364 contigerunt.
836 2309 979 2348 Palam
998 2310 1121 2363 igitur
1149 2317 1224 2361 est,
1254 2308 1354 2348 haee
1377 2308 1430 2348 ab
1459 2307 1531 2348 illo
1548 2307 1670 2347 scribi

215 2386 257 2418 et
283 2379 325 2417 in
351 2377 570 2431 Syntagma
598 2391 716 2416 suum
741 2375 881 2415 inferri
907 2390 990 2415 non
1023 2377 1216 2429 potuisse.
1283 2373 1395 2426 Quid
1420 2387 1516 2428 ergo
1542 2379 1670 2413 statu-

220 2444 398 2484 endum?
453 2443 598 2482 Unum
631 2449 811 2496 superest
841 2450 911 2482 aut
933 2442 1106 2481 alterum
1133 2449 1321 2482 statuere:
1353 2441 1439 2480 sive
1471 2441 1671 2479 iuniorem

219 2511 531 2554 Constantinum
543 2510 994 2563 Porphyrogennetum,
1007 2509 1177 2548 Romani
1191 2507 1335 2559 filium,
1356 2506 1667 2561 SapientisCon-

218 2573 380 2616 stantini
423 2584 635 2631 nepotem,
667 2577 798 2630 operis
831 2577 956 2615 nostri
989 2582 1193 2614 auctorem
1230 2588 1330 2626 esse,
1358 2574 1425 2613 cui
1465 2573 1669 2612 ademtum

218 2641 405 2683 librarius
427 2657 500 2697 per
525 2656 702 2683 errorem
729 2656 805 2681 avo
827 2642 1027 2682 tribuerit:
1059 2648 1127 2681 aut
1148 2654 1232 2680 esse
1260 2640 1424 2693 quidem
1456 2640 1540 2679 eius
1559 2638 1668 2678 Con-‘-
