1878 3112
279 77 396 139 388³
565 98 922 144 CONSTANrm
977 95 1462 142 PORPHYROGENJTI

239 282 268 317 B
894 254 1034 295 ΚΕΦ.
1061 250 1138 295 κε’.

377 353 452 389 Τοῦ
479 353 600 387 αὐτοῦ’
623 352 789 400 Πέτρου.
829 349 922 387 Ὅσα
947 351 1009 386 δεῖ
1029 351 1364 399 παραφυλάττειν,
1399 350 1462 389 ὅτε
1486 353 1641 399 γένηται

722 419 999 468 αὔγουσπέλιος
1025 418 1048 464 ἧ
1069 419 1299 459 α’νθύπατος.

397 530 458 575 Tel
487 530 683 586 μανδάτα
713 531 873 573 δι’δεται
903 533 955 589 τῇ
984 529 1065 588 πρὸ
1093 532 1197 585 μιᾶς
1225 536 1444 588 σιλεντίου,
1472 536 1547 576 καί
1566 532 1635 576 τὸν
1656 531 1736 576 αὖα

278 595 524 654 γουστάλιον
567 598 887 652 Ἀλεξανδρείας
932 596 1142 640 ἔπαυσεν.
1200 600 1275 640 καί
1312 598 1418 652 μετὰ
1455 598 1501 669 τὸ
1537 598 1759 654 γενέσθαιό

279 663 415 708 πάντα
441 663 492 706 τά
523 666 567 715 ἐξ
594 662 722 713 ἔθους
761 666 935 706 δίδωσιν
980 665 1093 722 αὐτῷ
1121 665 1395 708 κωδικέλλια.
1451 666 1528 707 οὔκ
1556 666 1735 721 εὔχαρι·-

275 738 434 775 στεῖται
464 732 510 773 δὲ
540 730 563 772 ὅ
591 728 823 784 βασιλεύς,
853 730 910 780 ὥς
938 731 1010 772 ἒπί
1035 733 1120 773 τῶν
1146 726 1285 774 ἄλλων
1312 731 1543 788 α’ρχόντων.
1601 732 1736 787 κόμης

82 816 230 856 Ms.155.
246 797 360 855 ἶ,γοὶρ
389 794 738 853 κονσιστωριανὸς
764 795 946 851 γίνεται,
991 795 1066 839 ἐὰν
1093 796 1152 852 μὴ
1182 795 1274 852 ἔχει
1302 793 1414 840 ἄλλο’
1434 795 1621 853 ἀξίωμα,
1662 800 1738 840 καί

245 865 346 918 Calc
373 862 451 913 τὰς
477 864 630 916 μίνσας
654 860 764 916 μετὰ
793 864 876 906 τῶν
903 863 1092 918 κομήτων
1120 865 1311 907 ἵσταται.
1366 867 1659 921 συνεξέρχεται
1687 865 1735 906 δὲ

276 936 364 980 τοῖς
391 928 608 986 ἐπάρχοις,
637 930 711 970 καί
738 924 787 970 οὗ
818 928 1049 984 κράξουσιν
1079 929 1197 988 αὐτῷ
1218 931 1277 972 τὰ
1305 932 1495 987 σκρινία.
1548 929 1657 973 ἐπὰν
1676 930 1788 977 Ἰδὲιο

277 998 506 1053 συνεξὲλθῃ
535 997 665 1050 μέχρι
693 997 767 1050 τῆς
796 993 959 1051 ῥιγίας,
1003 998 1149 1052 φορῶν
1175 993 1220 1038 vo*
1252 992 1558 1053 ἇτραβατικὸν,
1587 993 1735 1048 οὕτως,

279 1059 336 1111 ὥς
363 1058 466 1115 ἔχει,
496 1057 759 1115 συγκάθηται
787 1063 843 1119 τῷ
872 1060 1046 1119 ἐπάρχῳ
1076 1063 1158 1103 τῶν
1186 1063 1442 1117 πραιτορίων
1470 1063 1530 1112 εἷς
1555 1059 1603 1104 τὸ
1635 1056 1737 1116 ὅχη-

276 1144 340 1182 μα
370 1128 529 1179 αὐτοῦ,
573 1127 647 1167 καί
685 1127 916 1181 α’πέρχεται
943 1130 1075 1182 μέχρι
1113 1130 1190 1169 τοῦ
1217 1129 1502 1184 πραιτωρίου,
1548 1128 1623 1168 καί
1648 1128 1742 1169 ἐκεῖ

277 1195 555 1253 κατέρχεται,
602 1194 676 1233 καί
716 1194 1032 1247 συνεισέρχεται
1071 1195 1132 1242 εἰς
1158 1192 1203 1234 τὸ
1242 1197 1436 1249 σε’κρετον
1464 1194 1620 1246 αὐτοῦ,
1663 1194 1739 1234 καί

277 1256 546 1302 συντάττεται
575 1257 690 1315 αὕτῷ
717 1258 792 1298 καί
818 1254 1045 1314 ἀναχωρεῖ.
1102 1257 1150 1300 τὸ
1182 1258 1287 1301 αὐτὸ
1319 1261 1366 1301 δὲ
1393 1261 1538 1315 σχῆμα
1564 1259 1782 1314 γίνεταιι5

278 1327 353 1367 καί
388 1326 433 1367 ἐν
459 1326 519 1384 τῷ
554 1324 797 1382 Ἠλυρικῷ,
829 1326 904 1366 καί
935 1322 1200 1380 συγκάθηται
1239 1323 1263 1366 ὅ
1293 1324 1537 1374 ἀνθύπατος
1573 1330 1658 1374 τοῖς
1688 1326 1732 1368 ε’-

279 1389 476 1448 πάρχοις.

378 1529 429 1553 11.
455 1517 610 1555 ΣΧΟΛ.
644 1516 710 1560 τῆς
730 1516 936 1562 βασιλικῆς.

922 1650 1018 1686 CAP.
1046 1651 1118 1687 85.-

394 1733 456 1768 Ex
482 1730 606 1768 eodem
628 1732 749 1767 Petro.
800 1715 1063 1771 Οὗεενυαηᾰᾶ,
1088 1727 1238 1776 quando
1263 1737 1415 1764 creatur
1433 1728 1643 1775 Augustalis

855 1795 922 1823 aut
949 1787 1162 1822 Proconsul.

372 1892 493 1927 Pridie
517 1896 716 1938 antequam
741 1890 941 1923 cerimonia
967 1889 1049 1931 fiat,
1074 1889 1298 1934 significatur
1317 1889 1514 1923 crastinum
1539 1889 1727 1924 silentium

281 1950 346 1985 per
379 1939 621 1976 mandatores»,
667 1939 751 1982 Ipso
787 1937 920 1970 deinde
947 1936 1006 1969 die
1033 1941 1070 1968 et
1093 1941 1176 1968 actu
1208 1937 1367 1980 primum
1401 1936 1550 1981 quidem
1582 1937 1730 1970 exuitur

282 1998 347 2019 sua
373 1987 570 2031 dignitate,
596 1985 661 2030 qui
685 1984 860 2017 hactenus
887 1983 981 2024 fuit,
1006 1982 1205 2027 augustalis
1233 1983 1492 2027 Alexandriae3
1518 1982 1603 2016 dein
1629 1994 1729 2015 crea-

281 2037 343 2066 tur
377 2044 490 2066 novus
524 2031 656 2064 ritibus
690 2031 885 2064 consuetis,
935 2031 981 2062 Ut
1013 2031 1135 2062 omnia
1169 2035 1315 2073 peracta
1348 2034 1445 2070 sunt,
1478 2040 1572 2075 quae
1604 2030 1731 2071 decet,

281 2079 397 2112 tradit
431 2081 631 2124 Imperator
665 2088 759 2111 novo
797 2077 979 2121 augustali
1011 2087 1094 2108 suos
1127 2075 1324 2110 codicillos.
1373 2076 1456 2109 Non
1486 2081 1608 2109 tamen
1643 2075 1729 2109 ideo

282 2125 410 2159 laudes
436 2132 473 2159 et
497 2126 694 2171 gratiarum
718 2124 877 2157 actiones
903 2122 1037 2167 accipit
1061 2133 1080 2154 a
1106 2122 1330 2167 proceribus,
1356 2127 1397 2154 ut
1413 2122 1506 2156 solet
1529 2128 1612 2167 post
1636 2124 1729 2156 alios

282 2179 423 2206 creatos
465 2174 703 2217 magistratus.
751 2170 874 2204 Novus
913 2170 1010 2201 enim
1045 2169 1263 2212 augustalis,
1303 2170 1334 2202 si
1366 2169 1474 2201 aliam
1514 2168 1730 2214 dignitatem

284 2231 360 2253 non
394 2218 548 2260 habeat,
581 2220 623 2252 fit
654 2221 797 2250 tantum
834 2227 952 2250 comes
986 2216 1290 2256 consistorianus,
1323 2220 1378 2256 et,
1415 2216 1562 2261 quando
1597 2217 1730 2250 missae

286 2267 420 2300 dantur
442 2277 508 2311 pro
534 2266 605 2298 isto
630 2268 808 2297 conventu
823 2288 832 2304 ‚
868 2268 1035 2307 aggregat
1059 2273 1096 2295 se
1123 2261 1317 2294 comitibus
1344 2263 1617 2296 consistorianis
1642 2264 1731 2296 reli-

286 2314 388 2360 qui³;
414 2323 434 2346 e
459 2313 596 2358 palatio
622 2317 743 2344 autem
769 2309 1028 2343 excedentibus
1053 2309 1244 2350 omnibus,
1278 2309 1354 2342 exit
1378 2309 1456 2354 ipse
1481 2321 1562 2343 cum
1585 2310 1730 2356 praefe-

285 2361 376 2402 ctis,
407 2360 549 2393 scriniis
577 2358 695 2392 fausta
719 2357 790 2402 ipsi
816 2356 1004 2401 sigillatim
1029 2367 1103 2388 non
1127 2356 1410 2389 acclamantibus
1472 2357 1628 2403 Quando
1654 2357 1731 2390 ita-

284 2418 357 2454 que
383 2417 463 2440 cum
495 2406 687 2452 praefectis
716 2404 825 2436 simul
857 2403 1051 2436 excesserit
1075 2407 1112 2435 et
1145 2404 1351 2448 pervenerit
1375 2415 1491 2448 usque
1523 2404 1570 2437 ad
1593 2404 1729 2448 regiam

284 2452 468 2501 [portam]
496 2454 535 2486 in
559 2452 758 2486 atrabatica
784 2455 884 2485 veste
901 2476 910 2491 ,
945 2461 1054 2495 quam
1080 2450 1191 2494 gerit,
1217 2450 1314 2491 talis,
1341 2450 1458 2496 qualis
1485 2456 1558 2492 est,
1582 2451 1728 2484 inscen-

284 2501 340 2534 dit
364 2512 437 2534 una
462 2512 542 2533 cum
566 2498 750 2545 praefecto
781 2497 1048 2543 praetoriorum
1075 2497 1113 2529 in
1139 2497 1217 2529 cius
1244 2508 1406 2538 currum,
1442 2497 1480 2529 in
1509 2509 1583 2544 quo
1607 2497 1729 2543 pergit

283 2559 402 2594 usque
446 2546 494 2580 ad
525 2546 768 2592 praetorium3
817 2543 870 2576 ibi
903 2542 1093 2578 descendit
1117 2554 1137 2575 c
1163 2554 1289 2584 curru,
1323 2549 1360 2576 et
1392 2544 1501 2577 simul
1524 2543 1728 2590 ingreditur

283 2606 367 2628 cum
399 2594 583 2640 praefecto
608 2594 647 2627 in
674 2592 751 2625 eius
784 2595 984 2630 secretum,
1026 2594 1063 2622 et
1085 2590 1137 2622 ibi
1164 2591 1244 2624 vale
1269 2591 1339 2635 ipsi
1366 2590 1474 2632 dicit,
1507 2603 1548 2624 ac
1572 2591 1622 2624 sic
1646 2595 1727 2623 tan-

284 2642 367 2674 dem
401 2642 498 2675 solus
541 2641 687 2674 domum
720 2637 808 2671 abir.
857 2638 899 2670 In
931 2638 1075 2681 Illyrico
1109 2636 1206 2670 idem
1245 2636 1456 2670 observatur
1491 2643 1596 2671 tenor
1634 2637 1727 2670 circa

283 2688 548 2734 proconsulem.
598 2687 690 2722 Nam
715 2691 752 2719 et
778 2685 910 2730 Illyrici
932 2684 1127 2730 proconsul
1152 2684 1289 2718 assidet
1311 2684 1514 2731 praesectis.
