1878 3112
392 154 464 194 DE
494 147 753 196 OERIMON.
792 145 972 189 AULAE
1011 145 1238 189 ΒῩΖΑΝΤ.
1272 141 1306 188 i.
1327 148 1400 194 91.
1510 128 1629 197 413

184 252 315 308 ζεὸων
339 254 400 302 εἷς
428 250 503 294 τὸν
528 250 792 304 numanam,
831 247 910 303 τὴν
936 248 1182 304 ἐκκλησίαν,
1210 248 1269 306 μ’)
1299 243 1532 300 &mog-‚22⁶5
1553 248 1631 290 τοῦ

180 319 433 363 ἐπισκόπου·
487 317 512 359 ὁ
538 315 619 372 γὰρ
663 317 886 365 ἐπίσκοπος
913 317 987 356 καί
1015 314 1038 356 ὅ
1065 318 1215 371 κλῆρος
1242 315 1376 358 αὐτοῦ
1402 317 1631 371 προέλαβεν

183 389 243 436 εἰς
269 384 345 440 τὴν
381 381 567 438 μεγάλην
594 381 836 435 ἐκκλησίαν·
891 379 1163 437 πρεσβύτεροι
1201 382 1247 422 δὲ
1288 380 1549 437 εὑρίσκονται
1585 382 1631 423 ἐν

181 454 240 493 τῶ
275 451 526 492 παπιλιῶνι·
585 445 641 505 (ἦ
672 448 718 488 δὲ
745 447 823 488 τοῦ
849 448 1104 495 παπιλιῶνος
1133 448 1389 502 προσηγορία
1416 443 1629 502 Ῥωμαϊκῆ

156 494 273 567 ὅέστι
302 517 450 571 Papili.
497 511 518 556 ὃ
544 513 624 570 γὰρ
655 515 833 567 λέγεται,
864 509 890 552 ὃ
917 514 1114 554 καλοῦσιν
1143 509 1390 567 οἱἛλληνες
1418 513 1631 567 ψυχάριον

181 581 228 625 τὸ
253 580 477 634 πετάμενον
505 581 603 636 περὶ
629 578 706 628 τὰς
733 576 926 633 κράμβας
952 579 1025 619 καί
1050 577 1104 619 τὰ
1134 575 1257 620 λοιπὰ
1287 577 1476 631 λάχανα·
1519 579 1631 620 ἐπει-

182 647 235 703 δὴ
266 641 430 689 οὖντά
466 645 831 701 παραπετάσματα
863 645 939 685 τοῦ
981 645 1239 703 παπιλ-εῶνος
1266 641 1396 686 ἔοικεν
1422 650 1507 694 τοῖς
1532 661 1632 686 πτε-

175 718 272 771 ,ροῖς
300 713 375 756 τοῦ
417 711 607 768 ζωυφίου
635 710 815 762 τούτου,
855 708 926 751 διὰ
951 712 1073 752 τοῦτο
1102 708 1140 751 οἱ
1163 709 1362 769 Ῥωμαῖοι
1389 713 1664 758 παπιλιῶιάΒ

182 778 311 826 αὐτὸν
348 779 586 835 καλοῦσιν.)
644 778 716 817 καί
742 775 1000 829 ἀποθέμενος
1029 775 1053 816 ὅ
1082 773 1283 829 βασιλεὺς
1318 775 1366 818 ἐν
1393 777 1450 833 τῷ
1475 792 1635 829 μουτα-

134 846 320 902 ιοτωρίῳ
348 840 420 886 τόν
447 845 678 898 στέφανον,
718 842 954 895 εἰσέρχεται
979 839 1056 882 καί
1089 835 1282 894 εὔχεται,
1320 842 1392 883 καί
1414 839 1541 886 πάλιν
1560 845 1635 893 ἒξ-

183 909 407 966 ερχόμενος
450 913 600 964 φορεῖ,
649 907 724 949 καί
765 905 945 961 κάθηται
982 908 1115 964 λευκῷ
1142 908 1285 966 ἵππῳ,
1321 909 1395 950 καί
1424 909 1635 965 ἐπιτρέπει

182 979 270 1024 τοῖς
308 969 513 1030 ἄρχουσιν
550 974 749 1025 καθίσαι,
812 973 888 1013 καί
922 968 1219 1024 ὄψικευόμενος
1255 970 1424 1028 ἔρχεται
1461 974 1522 1023 εἷς
1559 973 1634 1018 τὸν

182 1037 302 1096 ἅγιον
326 1038 521 1094 Ἰωάννην
547 1036 619 1080 τὸν
644 1035 903 1092 βαπτιστήν,
931 1035 1005 1079 καὶ
1029 1037 1074 1079 ἐν
1090 1039 1149 1095 τῷ
1172 1037 1451 1097 μουτατωρίῳ
1478 1041 1536 1097 τῷ
1562 1040 1634 1081 εὕ-

182 1107 448 1162 τρεπισθέντι
487 1105 653 1159 ἐπαίρει
689 1101 760 1146 τὸν
799 1103 1030 1159 στέφανον,
1079 1102 1153 1144 καί
1193 1103 1367 1146 δίδωσιν
1404 1103 1534 1147 αὐτὸν
1575 1105 1635 1163 τῷ

133 1172 460 1229 ι5πραιποσίτῳ·
489 1169 510 1212 ὅ
540 1171 588 1211 δὲ
613 1167 880 1224 πραιπόσιτος
908 1167 1105 1210 ὑποκάτω
1133 1167 1335 1222 βαστάζει
1362 1169 1522 1225 av‘rdv,
1552 1172 1696 1220 zalus,
1715 1188 1824 1224 1621,

181 1234 252 1280 ὅτε
289 1237 456 1293 εἰσέλθῃ
486 1237 547 1285 εἰς
578 1234 655 1290 τὴν
682 1236 919 1289 τράπεζαν,
958 1234 1204 1277 ἐπιδίδωσιν
1232 1232 1347 1294 αὐτῷ
1374 1236 1444 1278 τὸν
1472 1238 1631 1295 στέφα-

179 1319 268 1356 νον,
295 1302 369 1344 καί
392 1301 632 1355 ἐπιτίθησιν
661 1300 795 1342 αὐτὸν
814 1299 886 1342 ἐπὶ
903 1297 978 1354 τὴν
1007 1299 1134 1354 ἁγίαν
1161 1297 1384 1356 τράπεζαν,
1412 1305 1487 1345 καί
1511 1304 1631 1346 ἐπαί-

179 1385 247 1425 ρει
271 1366 399 1409 πάλιν
427 1368 501 1408 καί
526 1367 700 1407 δίδωσιν
726 1364 855 1408 αὐτὸν
882 1367 941 1423 τῷ
969 1368 1227 1424 πραιποσίτῳ
1242 1400 1254 1419 ,
1283 1367 1358 1408 καί
1397 1372 1667 1426 προσφέρεις

179 1433 396 1488 κειμήλια,
426 1429 495 1476 οἷα
523 1431 744 1486 βούλεται,
772 1431 1089 1487 ὑπουργοῦντος
1116 1434 1192 1473 τοῦ
1219 1432 1394 1488 κόμητος
1420 1437 1504 1476 τῶν
1532 1453 1631 1491 πρι-

126 1498 334 1555 ῃοβᾰτων.
391 1499 463 1541 κατ’
498 1498 787 1554 εἰσερχόμενος
815 1498 874 1547 εἰς
896 1495 944 1539 τὸ
970 1499 1258 1553 μουτατώριον
1286 1506 1414 1556 φορεῖ
1434 1498 1509 1544 τὸν
1535 1504 1630 1545 στό-

182 1634 263 1670 stri.
311 1633 416 1667 Tunc
448 1632 623 1667 accedunt
655 1629 751 1666 terni
776 1644 796 1666 e
820 1634 944 1679 quavis
978 1632 1130 1674 schola,
1163 1634 1296 1680 quibus
1325 1634 1387 1670 dat
1422 1636 1625 1682 legaturas3

182 1686 258 1714 tum
284 1679 377 1714 fiunt
412 1680 573 1725 computi
616 1677 834 1724 [praesentis
860 1681 903 1714 in.
931 1680 1067 1713 aerario
1094 1680 1243 1724 publico
1268 1683 1484 1730 privatoque
1511 1695 1625 1728 pecu-

179 1726 283 1773 niae]
323 1731 360 1759 et
380 1732 691 1769 'consummantur
737 1726 796 1759 vel
830 1726 1058 1764 clauduntur.
1104 1727 1187 1761 Post
1212 1739 1255 1761 ea
1285 1735 1431 1773 peracta
1453 1730 1531 1764 abit
1554 1733 1627 1764 lm·

178 1779 325 1819 perator
349 1772 460 1818 pedes
490 1773 529 1805 in
561 1773 787 1817 papilionem
811 1783 875 1806 seu
902 1774 1123 1814 tentorium,
1156 1774 1250 1808 illud
1276 1787 1406 1821 nempe
1440 1778 1539 1823 quod
1564 1789 1626 1811 ec—

179 1820 324 1854 clesiam
359 1826 574 1854 castrensem
598 1817 772 1856 exhibet.
806 1831 878 1865 quo
902 1824 1065 1864 tempore
1090 1832 1164 1854 non
1191 1821 1295 1855 adest
1317 1824 1507 1868 episcopus
1540 1823 1625 1870 [seu

179 1865 384 1912 patriarcha
421 1866 623 1909 CPtanusJ.
671 1865 788 1898 Praeit
823 1866 919 1899 enim
953 1867 1017 1899 ille
1048 1878 1127 1900 cum
1159 1879 1224 1903 suo
1261 1869 1356 1903 clero
1387 1871 1427 1904 in
1462 1881 1626 1916 magnam

178 1913 387 1947 ecclesiam:
427 1913 491 1946 sed
517 1910 649 1947 adsunt
681 1912 884 1956 presbyteri
909 1913 948 1946 in
982 1913 1181 1958 papilione.
1229 1913 1318 1960 (Est
1341 1922 1463 1951 nutem
1485 1919 1623 1963 papilio

176 1959 291 1997 dIctio
325 1960 484 1992 Romana
514 1959 572 1992 vel
611 1958 760 1998 Latina,
800 1958 1005 2004 significans
1035 1958 1127 1993 illud
1159 1962 1412 1997 animalculu'm
1442 1965 1501 1998 vel
1524 1966 1624 1999 inse-

181 2011 306 2047 ctnm,
340 2005 440 2052 quod
458 2005 551 2039 circa
573 2005 740 2039 cramben
765 2010 802 2039 et
826 2006 896 2039 alia
920 2006 1019 2039 olera
1043 2006 1231 2046 obvolitat‚
1278 2011 1381 2044 Ratio
1407 2011 1624 2056 appellatio-

175 2053 235 2086 nis
256 2052 347 2086 haec
369 2058 434 2086 est.
480 2051 569 2086 Vela
594 2052 792 2097 papilionis
822 2053 879 2085 vel
906 2053 1068 2094 tentorii,
1095 2055 1204 2088 variis
1228 2056 1411 2090 coloribus
1436 2057 1622 2100 distincta,

177 2099 342 2133 referunt
365 2098 606 2132 similitudine
630 2099 703 2131 alas
727 2099 826 2132 illius
850 2099 1079 2141 animalculi,
1105 2101 1203 2147 quod
1226 2103 1378 2137 Romani
1396 2105 1620 2150 papilionem

179 2145 374 2190 appellant.
423 2146 475 2178 Ex
507 2157 550 2178 eo
574 2146 720 2186 factum,
747 2150 788 2178 ut
812 2145 943 2179 insecti
967 2158 1101 2181 nomen
1125 2150 1283 2183 tentorio
1309 2163 1456 2198 quoque
1471 2151 1619 2185 'adhae-

173 2183 305 2237 Zerit.)
350 2192 392 2225 In
417 2191 516 2225 hune
549 2193 673 2237 itaque
699 2191 920 2237 papilionem
947 2193 1061 2228 intrat
1083 2194 1302 2239 Imperator,
1337 2202 1374 2231 et
1398 2203 1480 2243 post
1503 2200 1618 2243 depo-

177 2237 283 2272 sitam
306 2238 345 2271 in
379 2239 575 2272 mutatorio
614 2249 781 2272 coronam
826 2238 881 2272 ihi
916 2249 1042 2284 preces
1069 2241 1115 2274 ad
1141 2243 1258 2276 Deum
1282 2242 1392 2287 facit3
1427 2244 1490 2279 sed
1514 2246 1618 2278 illinc

178 2294 339 2327 egressus
359 2285 514 2328 imponit
534 2285 605 2318 sibi
620 2285 788 2328 deinceps
814 2296 980 2319 coronam
1007 2298 1140 2329 rursus,
1165 2293 1204 2322 et
1224 2290 1407 2324 inscendit
1429 2293 1469 2325 in
1483 2303 1618 2336 equum

178 2328 325 2372 album3
362 2330 517 2376 dataque
554 2330 821 2375 magistratibus
856 2333 963 2365 venia
994 2334 1131 2377 pariter
1155 2336 1195 2369 in
1219 2347 1331 2382 equos
1355 2349 1437 2372 suos
1464 2339 1613 2372 inscen-

179 2373 312 2416 ciendi,
345 2377 510 2419 procedit
533 2377 572 2410 in
598 2377 776 2424 obsequio
800 2375 845 2410 ad
873 2377 1000 2412 aedem
1025 2380 1059 2413 S.
1086 2381 1232 2416 Ioannis
1259 2383 1451 2428 Baptistae.
1499 2384 1611 2418 Cuius

178 2421 218 2454 in
241 2423 457 2463 mutatorio,
491 2422 588 2468 quod
612 2430 695 2458 aute
717 2425 793 2458 eius
824 2423 1017 2459 adventum
1047 2434 1299 2473 praeparatum
1334 2429 1425 2472 fuit,
1459 2429 1614 2474 deponit

178 2478 347 2500 coronam
373 2474 410 2501 et
431 2470 636 2513 praeposito
661 2471 790 2510 tradit,
817 2471 880 2516 qui
906 2482 984 2504 eam
1007 2474 1173 2508 manibus
1198 2475 1363 2509 demissis
1391 2482 1522 2521 gesmt3
1550 2489 1612 2510 ac-

179 2512 398 2558 cedentique
421 2514 467 2548 ad
503 2526 661 2549 mensam
685 2518 744 2551 vel
776 2517 890 2551 altare
925 2518 1083 2554 Domino
1109 2532 1229 2554 rursus
1253 2523 1413 2567 porrigit.
1460 2523 1516 2555 Ibi
1532 2523 1613 2557 Do—

178 2560 299 2592 minus
331 2571 411 2594 eam
440 2561 479 2594 iu
510 2572 607 2596 sacra
637 2573 761 2597 mensa
799 2563 971 2608 deponit;
1008 2575 1124 2612 eoque
1157 2567 1275 2607 sacto,
1298 2569 1398 2601 tollit
1428 2580 1547 2602 rursus
1573 2575 1611 2604 et

179 2604 302 2639 reddit
331 2606 561 2650 praeposito,
599 2613 637 2642 et
662 2610 803 2643 cimelia
834 2621 896 2642 seu
934 2618 1167 2646 monumenta
1200 2613 1350 2647 donaria
1376 2617 1478 2648 offert
1498 2616 1612 2650 eccle-

179 2653 274 2692 siae,
308 2652 428 2698 qualia
450 2653 547 2693 vult,
571 2657 701 2689 comite
727 2657 946 2700 privatarum
971 2667 1013 2690 ea
1036 2658 1107 2703 ipsi
1140 2661 1379 2694 ministrante.
1428 2662 1523 2695 Dein
1549 2674 1612 2696 re-

177 2709 299 2734 versus
324 2698 364 2733 in
388 2700 621 2734 mutatorium
646 2702 769 2735 induit
790 2713 958 2736 coronam
973 2728 984 2744 ‚
1008 2709 1045 2737 et
1067 2705 1250 2740 inscendit
1273 2707 1314 2741 in
1338 2717 1494 2754 equum5
1518 2721 1608 2756 ,quo
