1884 3112
244 109 351 144 202
510 109 867 153 CONSTANTINI
908 113 1388 158 PORPHYROGENITI

240 207 390 251 λόνι-ων
414 209 552 252 αὐτῶν
576 213 728 263 ἐξιέναι
744 211 820 262 τὰς
846 209 1033 270 άργυρᾶς
1052 218 1126 259 τοῦ
1151 217 1500 273 χρυσοτρικλίνου
1529 218 1676 273 πύλας,

241 274 369 323 αὕλεῖ
384 273 429 317 τὸ
442 279 633 332 χρυσοῦν
654 272 834 334 ὄργανον
848 313 861 333 ,
900 279 974 323 καί
997 279 1051 324 τά
1075 283 1182 340 μέρη
1203 283 1476 339 άκτολογοῦσι
1488 317 1502 337 ,
1535 285 1678 334 καθώς

239 340 496 397 προείρηται.

862 457 1004 499 ΚΕΦ.
1026 454 1084 510 μ’.

423 540 516 578 Ὅσα
533 541 592 578 δεῖ
620 544 934 591 παραφυλάττειν
952 545 1024 591 ἐπὶ1
1049 549 1217 596 στεψίμῳ
1237 548 1458 596 αὐγούστης.
1679 551 1706 594 5

210 649 239 682 B
343 629 578 687 Ἐξέρχεται
604 631 627 674 ὅ
653 633 854 688 βασιλεῦς
874 635 933 685 εἷς
954 634 1029 677 τὸν
1049 635 1294 693 αὖγουστέα,
1320 642 1464 696 φορῶν
1483 638 1557 695 τὴν
1573 645 1681 695 χλα-

236 697 354 752 μύδα
382 698 656 754 ἐστεμμένος,
685 699 759 742 καί
782 706 896 742 ποιεῖ
916 701 1179 758 προαγωγὰς,
1218 706 1292 747 καί
1317 705 1416 762 περὶ
1448 702 1564 763 ὤραν
1591 706 1681 762 τρί-

237 771 314 819 την
340 766 566 816 καθέζεται
602 767 730 819 μέσον
766 767 844 808 τοῦ
869 769 1104 823 τρικλίνου.
1161 767 1184 811 ὅ
1214 771 1261 812 δὲ
1287 773 1362 827 τῆς
1389 772 1682 822 καταστάσεως

237 830 470 887 εὐτρεπίζει
496 829 550 874 τὰ
577 834 700 887 βῆλα,
729 832 789 882 ὥς
817 831 906 888 ἔχει
932 833 960 891 ἧ
989 834 1207 891 συνήθεια,
1235 839 1308 879 καί
1330 835 1524 880 νεύουσιν
1546 835 1586 878 οἱ
1614 838 1683 879 δε-

237 897 393 940 σπόται
432 898 492 956 τῷ
528 901 812 958 πραιποσίτῳ,
861 900 934 942 καί
970 900 1185 957 ἐξέρχεται
1222 901 1330 956 μετὰ
1358 898 1582 959 ὄστιαρίων
1609 903 1735 950 naim

236 964 435 1020 βεργίων,
462 965 535 1007 καί
559 969 855 1021 προσκαλεῖται
880 967 1007 1022 ,Βῆλον
1034 964 1074 1020 ά,
1102 965 1200 1018 τούς
1225 970 1495 1025 μαγίστρους·
1523 969 1575 1023 β’,
1602 986 1684 1011 πα-

237 1032 451 1084 τρικίους·
488 1032 636 1086 τρίτον,
666 1029 767 1080 τούς
794 1032 1101 1089 συγκλητικούς,
1130 1031 1329 1088 ὑπάτους,
1358 1035 1556 1090 κόμητας,
1583 1051 1684 1078 καν-

239 1094 446 1149 διδάτους,
491 1093 573 1139 ἆπό
603 1095 800 1154 ἐπάρχων
827 1098 901 1140 καί
926 1099 1241 1155 στρατηλάτας,
1269 1102 1380 1156 βῆλα
1407 1102 1531 1156 βῆλα.
1586 1100 1607 1143 ὅ
1637 1102 1684 1143 δὲ

239 1159 506 1218 πατριάρχης
533 1161 706 1218 ἔρχεται
735 1161 806 1205 διὰ
834 1165 908 1219 τῆς
947 1163 1132 1222 δάφνης,
1169 1165 1244 1207 καί
1267 1167 1501 1222 εἰσέρχεται
1527 1166 1587 1216 εἷς
1613 1165 1684 1208 τὸν

239 1222 358 1281 ἅγιον
385 1229 598 1285 Στέφανον
625 1229 698 1271 καὶ
722 1230 938 1284 ἐκδέχεται
963 1230 1061 1280 τούς
1090 1231 1314 1285 δεσπότας,
1357 1231 1431 1274 καί
1456 1228 1523 1274 ὅτε
1549 1233 1737 1277 elasa-15

203 1296 352 1335 Οθωσι
378 1292 432 1336 τά
467 1295 578 1351 βῆλα
608 1294 742 1338 πάντα
767 1297 840 1338 καί
868 1299 1148 1354 πληρωθῶσι,
1197 1297 1389 1340 νεύουσιν
1418 1296 1459 1340 οἱ
1487 1298 1686 1339 δεσπόται

240 1361 300 1417 τῷ
329 1361 614 1420 πραιποσίτῳ,
654 1364 728 1405 καί
754 1362 984 1418 ἀπέρχεται
1016 1363 1091 1406 καί
1113 1367 1407 1419 προσκαλεῖται
1433 1361 1506 1406 τὸν
1537 1379 1686 1419 πατρι-

240 1426 400 1482 άρχην,
447 1429 520 1470 καί
546 1429 780 1484 εἰσέρχεται
821 1430 880 1478 εἰς
907 1427 976 1472 τὸν
1008 1431 1262 1486 αὖγουστέα.
1318 1432 1392 1472 καί
1420 1432 1635 1485 ἐξέρχεται,
1656 1428 1684 1483 ἢ

237 1494 472 1549 βουλομένη
512 1497 772 1551 πεφθῆναι,
827 1492 1105 1552 ὄψικευομένη
1146 1494 1230 1538 ὑπὸ
1272 1497 1348 1554 τοῦ
1381 1495 1684 1550 κουβουκλείου,

241 1558 315 1602 καί
337 1560 567 1617 ἐγείρονται
609 1559 649 1603 οἱ
682 1559 878 1605 δεσπόται
909 1564 982 1605 καί
1009 1563 1268 1619 ἀπέρχονται
1298 1560 1403 1604 ἔνθα
1435 1563 1605 1604 ἵσταται
1635 1557 1741 1603 τὸαο

68 1625 481 1681 Με-93-αοῖντιμιῖτιον
508 1623 598 1683 ἅμα
625 1629 703 1670 τοῦ
727 1629 1015 1687 πατριάρχου,
1063 1628 1137 1671 καὶ
1164 1631 1240 1685 τῆς
1271 1626 1500 1684 αὖγοόστης
1525 1629 1684 1686 φορού-

334 1744 366 1779 5.
392 1746 458 1787 τῆς
490 1744 577 1792 aoy.
602 1746 659 1780 ed.
767 1758 798 1792 7.
822 1739 1071 1797 προσαγορᾶς
1095 1747 1154 1784 ed.
1285 1759 1319 1794 9.
1334 1745 1356 1790 ἤ
1378 1757 1448 1782 om.
1470 1747 1531 1786 ed,
1632 1749 1687 1783 13.

336 1792 601 1839 στρατηλάτων
622 1793 678 1827 ed.

243 1893 445 1928 triclinium
478 1905 559 1928 cum
596 1895 774 1941 obsequio
797 1895 976 1938 cubiculi,
996 1898 1249 1941 magistrorum
1265 1900 1303 1929 et
1317 1896 1550 1941 patriciorum
1567 1904 1684 1939 egres-

245 1941 297 1981 si,
311 1940 406 1974 dum
436 1951 455 1974 e
484 1943 601 1986 portis
622 1942 724 1976 aurei
752 1942 906 1976 triclinii
927 1945 1106 1987 argenteis
1124 1942 1321 1988 procedere
1339 1943 1487 1983 volunt,
1512 1953 1687 1986 organum

244 1997 395 2022 aureum
409 1987 597 2034 pulsatur,
631 1994 669 2022 et
686 1989 883 2032 factiones,
915 2001 1005 2036 quas
1025 1990 1203 2032 diximus,
1226 1990 1502 2023 acclamationes
1522 1988 1686 2025 recitant.

869 2079 962 2115 CAP.
987 2079 1044 2124 4ο.

566 2148 808 2185 Observanda
831 2150 873 2183 in
892 2149 1135 2185 coronatione
1161 2151 1360 2196 Augustae.

340 2232 530 2277 Egreditur
541 2235 742 2279 Imperator
774 2233 821 2266 ad
844 2238 1081 2278 augusteum,
1118 2244 1250 2266 corona
1288 2237 1325 2265 et
1362 2232 1549 2276 chlamyde
1581 2243 1688 2265 orna-

249 2283 308 2312 tus
322 2304 332 2320 ,
351 2282 597 2324 promotiones
616 2281 703 2315 facit
732 2285 770 2313 et
785 2281 877 2313 circa
905 2280 1030 2313 horam
1050 2281 1195 2313 tertiam
1214 2280 1253 2312 in
1276 2280 1397 2312 medio
1415 2280 1575 2312 triclinio
1599 2280 1690 2312 resi-

252 2325 327 2362 det.
373 2326 655 2362 Cerimoniarius
673 2327 775 2368 vela,
799 2328 853 2360 uti
870 2338 946 2360 mos
973 2332 1046 2368 est,
1072 2327 1236 2368 ordinat,
1264 2327 1492 2372 praepositus
1512 2337 1596 2359 vero
1610 2352 1620 2367 ‚
1639 2326 1689 2358 si-

250 2383 322 2418 gno
342 2383 364 2406 a
384 2375 548 2411 Dominis
577 2375 662 2409 dato
677 2401 686 2415 ‚
711 2386 790 2407 cum
822 2375 979 2407 ostiariis
1013 2374 1197 2418 virgisque
1222 2373 1368 2418 prodit,
1403 2384 1444 2406 ac
1471 2373 1592 2407 velum
1612 2373 1688 2417 pri-

249 2431 371 2461 mum,
406 2423 613 2467 magistros3
645 2421 867 2462 secundum,
905 2421 1094 2467 patricios,
1132 2421 1301 2461 tertium,
1332 2425 1528 2461 senatores,
1555 2419 1688 2452 deinde

251 2468 440 2510 consules,
465 2471 635 2511 comites,
659 2468 887 2510 candidatos,
912 2468 1156 2514 expraefectos
1182 2477 1223 2499 ac
1242 2467 1334 2499 belli
1367 2468 1494 2507 duces,
1527 2466 1688 2511 singulos

249 2515 291 2547 in
320 2515 411 2549 velis
432 2518 527 2558 suis,
551 2518 707 2550 arcessit,
755 2515 963 2550 Patriarcha
986 2526 1051 2560 per
1073 2514 1253 2559 daphnem
1277 2514 1323 2547 ad
1340 2514 1374 2548 S.
1394 2513 1590 2559 Stephani,
1614 2514 1690 2546 Do-

250 2561 371 2597 minos
402 2568 635 2609 excepturus,
658 2565 778 2604 venit,
810 2574 851 2596 ac
885 2562 975 2597 velis
1005 2562 1172 2594 omnibus
1206 2561 1374 2605 ingressis
1394 2561 1572 2606 nulloque
1602 2558 1692 2592 defi-

253 2608 392 2651 ciente,
415 2611 563 2644 Domini
588 2612 795 2656 praeposito
814 2611 954 2655 signum
972 2609 1077 2648 dant,
1103 2609 1166 2653 qui
1189 2608 1286 2648 abit,
1316 2607 1557 2653 patriarcham
1586 2610 1692 2639 vocat

254 2659 292 2689 et
309 2662 523 2701 augusteum
547 2659 761 2703 ingreditur.
810 2659 914 2691 Tunc
930 2657 1086 2691 Domina
1105 2666 1236 2687 corona
1255 2654 1416 2687 ornanda
1429 2680 1438 2695 ,
1464 2665 1483 2686 a
1506 2653 1691 2686 cubicula-

254 2701 318 2739 riis
336 2705 487 2750 stipata,
509 2705 694 2752 procedit,
718 2705 867 2740 Domini
888 2708 1038 2749 surgunt
1055 2708 1092 2736 et
1113 2701 1159 2735 ad
1178 2701 1298 2736 locum
1311 2728 1320 2744 ,
1350 2701 1415 2735 ubi
1445 2711 1506 2734 ara
1531 2699 1691 2745 reposita
