1832 3112
0 2726 60 2792 &⁷
28 2676 43 2713 »1-
14 2398 45 2658 '-<sz⁴·-1‘-kz'm'{f³“
30 2351 31 2354 Α

311 151 384 191 DE
432 146 693 191 CEmMON.
739 146 918 187 AULAE
947 144 1169 188 BYzANT.
1205 147 1238 187 1.
1264 147 1305 191 5.
1495 128 1527 184 5
1541 149 1560 185 1

131 250 414 306 ἅρτοπωλῶν.
458 247 825 306 ὖποστρεφόμενος
865 246 889 289 ὅ
919 246 1044 299 αὖτὸς
1073 246 1291 304 δήμαρχος
1317 249 1450 303 ,μετὰ
1486 251 1567 291 τοῦ

129 314 266 370 δήμου
293 317 373 358 τοῦ
399 312 583 372 (involvo,
611 317 801 356 ποιοῦσιν
827 315 917 355 ἐκεῖ
939 311 1080 368 δοχὴν.
1105 311 1158 356 τὰ
1188 316 1234 357 δὲ
1259 316 1335 371 τῆς
1354 314 1567 371 εὖφημίας

130 374 237 422 ἔκτα
263 375 434 438 ᾅδονται
459 381 572 436 παρά
601 395 646 421 τε
666 379 750 422 τῶν
765 381 953 434 κρακτῶν
981 380 1055 420 καί
1078 381 1156 420 τοῦ
1183 381 1299 432 λαοῦ,
1327 379 1468 430 καθώς
1495 380 1570 422 καὶ

130 446 178 487 ἒν
195 451 287 496 ταῖς
316 449 482 495 λοιπαῖς
511 447 669 499 δοχαῖς.
713 443 816 500 δοχὴ
851 445 881 496 ζ’
919 445 964 486 ἐν
991 445 1050 502 τῷ
1076 443 1205 503 φόρῳ.
1246 446 1413 499 δέχεται
1435 449 1566 489 ἐκεῖσε

102 509 155 553 56
184 510 443 567 δημοκράτης
469 512 554 553 τῶν
574 512 826 566 Πρασίνων,
852 504 981 565 ἤγουν
1005 506 1027 551 ὃ
1051 509 1336 564 ἑκσκοὺβιτος,
1362 510 1468 564 μετὰ
1489 515 1567 554 τοῦ

127 578 355 633 περατικοῦ
384 577 521 632 δήμου
551 577 635 618 τῶν
669 575 915 632 Πρασίνων.
966 574 1021 618 τὰ
1050 578 1098 618 δὲ
1123 577 1196 631 τῆς
1224 573 1434 633 εὖφημίας
1461 573 1570 620 ἔκτα

126 636 301 700 ᾅδονται
326 641 443 699 παρά
466 658 510 685 τε
541 644 625 684 τῶν
655 644 843 697 κρακτῶν
867 641 941 684 καὶ
967 643 1045 684 τοῦ
1075 644 1205 696 λαοῦ,
1246 641 1388 692 καθώς
1419 645 1492 685 καί
1519 645 1605 692 ἕνα

127 713 222 757 ταῖς
242 712 407 757 λοιπαῖς
434 709 589 762 δοχαῖς.
617 706 719 763 δοχὴ
744 707 771 763 η’
799 710 844 750 ἐν
873 709 932 766 τῷ
952 708 1206 766 πραιτωρίῳ.
1245 710 1412 763 δέχεται
1437 710 1569 751 ἐκεῖσε

130 771 155 814 ὅ
184 775 402 830 δήμαρχος
429 775 512 815 τῶν
539 774 754 826 Βενέτων,
790 771 897 826 μετὰ
933 774 1012 815 τοῦ
1040 772 1174 829 δήμου
1204 777 1279 816 τοῦ
1304 776 1468 816 λευκοῦ.
1514 773 1569 816 τὰ

79 840 179 882 ιοδὲ
217 841 290 894 τῆς
325 839 535 895 εὐφημίας
577 833 682 880 ἄκτα
717 833 891 896 ᾅδονται
931 841 1046 896 παρά
1078 855 1123 882 τε
1165 842 1248 882 τῶν
1279 841 1470 896 κρακτῶν
1499 839 1574 883 καὶ

130 905 205 946 τοῦ
237 905 369 957 λαοῦ,
413 903 557 953 καθώς
585 902 658 946 καὶ
684 905 732 946 ἐν
758 909 850 954 ταῖς
879 908 1044 954 λοιπαῖς
1073 907 1230 959 δοχαῖς.
1269 907 1314 948 ἕν
1347 907 1395 947 δὲ
1418 908 1477 963 τῷ
1503 922 1571 948 τε-

130 968 310 1027 λευταίῳ
335 964 448 1026 οἴκτῳ
472 969 663 1024 λέγουσιν
682 967 721 1011 οῖ
741 970 930 1026 κράκται·
966 973 1130 1023 ,,καλῶς
1151 966 1280 1027 ἦλθεν
1307 971 1334 1027 ἡ
1358 971 1570 1027 ἀναίρεσις

128 1035 211 1076 τῶν
239 1035 315 1090 τῆς
340 1030 520 1090 ”Αγαρ.”
565 1033 587 1078 ὅ
613 1034 724 1086 λαός·
763 1034 1068 1091 ,,πολυχρόνιον
1092 1036 1255 1092 ποιήσει
1282 1035 1306 1079 ὅ
1348 1037 1455 1087 Θεὸς
1493 1036 1570 1091 τὴν

130 1097 261 1157 ἁγίαν
283 1099 502 1153 βασιλείαν
529 1117 607 1151 σας
630 1101 691 1150 εἷς
717 1099 848 1143 πολλὰ
871 1099 984 1157 ἔτη.”
1013 1100 1117 1157 δοχὴ
1142 1101 1183 1144 θ’
1203 1104 1248 1145 ἐν
1271 1104 1330 1160 τῷ
1358 1118 1466 1158 φουρ
1474 1103 1570 1159 νικῷ

81 1161 206 1206 ῐότοῦ
233 1163 412 1206 Μιλίου.
435 1162 801 1223 ὗποστρεφόμενος
825 1165 847 1208 ὅ
877 1163 1007 1217 αὖτὸς
1034 1167 1251 1223 δήμαρχος
1276 1170 1358 1210 τῶν
1379 1169 1570 1210 Βενέτων

69 1284 78 1291 .
127 1226 236 1282 μετὰ
260 1230 335 1272 τοῦ
361 1229 496 1286 δήμου
525 1234 601 1274 τοῦ
629 1234 805 1287 λευκοῦ,
847 1238 966 1274 ποιεῖ
987 1235 1117 1276 ἐκεῖσε
1145 1231 1286 1290 δοχὴν.
1332 1232 1384 1275 τὰ
1416 1235 1462 1275 δὲ
1493 1235 1568 1289 τῆς

129 1291 344 1351 εὖφημίας
371 1290 479 1338 ἇκτα
508 1291 680 1355 ᾅδονται
710 1296 825 1354 παρά
845 1314 890 1341 τε
919 1301 1002 1341 τῶν
1027 1299 1216 1356 κρακτῶν
1250 1299 1324 1341 καὶ
1349 1301 1424 1341 τοῦ
1446 1300 1569 1352 λαοῦ,

130 1358 273 1410 καθώς
295 1363 370 1403 καί
396 1363 442 1403 ἐν
466 1367 558 1411 ταῖς
586 1367 749 1412 λοιπαῖς
768 1365 926 1418 δοχαῖς.
956 1365 1028 1407 καὶ
1046 1363 1172 1407 πάλιν
1187 1363 1295 1418 μετὰ
1316 1362 1465 1420 μικρὸν
1496 1368 1570 1420 τῆς

128 1423 323 1482 τοιαύτης
353 1428 482 1484 δοχῆς
515 1429 684 1482 δέχεται
715 1428 739 1471 ὅ
764 1429 1025 1486 δημοκράτης
1046 1433 1128 1472 τῶν
1149 1430 1404 1486 Πρασίνων,
1444 1426 1570 1486 ἤγουν

78 1489 156 1533 2οὸ
190 1491 431 1544 δομ“έστικος
461 1495 542 1536 τῶν
581 1495 868 1549 ἐκόκουβίτων.
928 1494 982 1537 τὰ
1019 1497 1066 1538 δὲ
1101 1497 1175 1551 τῆς
1217 1496 1430 1551 εὖφημίας
1465 1491 1571 1537 ἅκτα

131 1552 304 1615 ᾅδονται
334 1560 449 1614 παρά
482 1575 526 1601 τε
556 1562 641 1602 τῶν
670 1563 857 1615 κρακτῶν
888 1564 960 1603 καί
989 1563 1065 1603 τοῦ
1083 1563 1212 1615 λαοῦ,
1253 1560 1396 1610 καθώς
1426 1564 1498 1603 καί
1527 1563 1612 1603 ὲνΙ)

131 1628 225 1672 ταῖς
259 1626 422 1673 λοιπαῖς
449 1625 606 1678 δοχαῖς.
673 1626 746 1668 καὶ
781 1627 906 1668 πάλιν
941 1626 1046 1679 μετὰ
1082 1625 1232 1682 μικρὸν
1267 1629 1339 1682 τῆς
1375 1626 1571 1682 τοιαύτης

134 1688 262 1742 δοχῆς
282 1689 451 1742 δέχεται
478 1689 499 1731 ὃ
533 1690 791 1747 δημοκράτης
820 1694 902 1734 τῶν
925 1694 1139 1745 Βενέτων,
1167 1687 1292 1747 ἤγουν
1322 1690 1343 1733 ὅ
1375 1693 1570 1745 δομέστι-

134 1766 203 1802 κος
222 1754 305 1795 τῶν
332 1755 508 1809 σχολῶν,
536 1758 596 1805 εἰς
624 1755 669 1799 τὸ
703 1755 922 1812 κάγκελλον
944 1758 1018 1812 τῆς
1045 1760 1218 1813 χαλκῆς.
1246 1756 1298 1799 τὰ
1326 1758 1372 1799 δὲ
1398 1759 1470 1813 τῆς
1498 1757 1571 1799 εὔ-

230 1865 259 1887 ι.
287 1852 535 1902 ἄρτοπουλῶν
547 1854 626 1895 cod.
722 1868 756 1895 α.
777 1858 945 1893 ποιῶσιν
967 1858 1044 1893 cod.
1143 1860 1194 1904 14.
1217 1858 1277 1902 ἔτη
1298 1858 1400 1894 deest
1422 1860 1461 1893 in
1490 1858 1567 1894 cod.

81 1987 84 1990 ,
134 1956 214 1980 rum
229 1954 310 1977 cum
328 1945 484 1979 factione
503 1957 621 1990 russa3
646 1951 726 1982 acta
743 1957 827 1982 vero
847 1947 1111 1983 acclamationis
1129 1960 1150 1983 a
1169 1949 1374 1983 cantoribus
1392 1954 1430 1983 et
1451 1962 1570 1996 popu-

131 1992 169 2026 lo
194 1996 236 2025 ut
257 1990 297 2024 in
323 1991 451 2025 ceteris
485 1994 755 2039 receptionibus
789 1996 997 2031 recitantur.
1045 2007 1150 2029 sex-ra
1182 1996 1228 2029 ad
1253 1997 1428 2030 fornicem
1450 1999 1568 2043 pisto-

133 2050 230 2073 rum:
257 2043 417 2072 reversus
446 2039 543 2074 idem
565 2040 733 2074 tribunus
760 2052 841 2075 cum
866 2043 989 2084 russis,
1012 2041 1176 2077 dominos
1191 2043 1246 2076 ibi
1271 2044 1417 2088 excipit.
1442 2044 1568 2077 Accla-

132 2086 306 2119 nationis
332 2090 453 2118 autem
477 2092 555 2120 acta
582 2098 603 2122 a
623 2088 917 2133 praecentoribus
946 2095 983 2124 et
1018 2090 1154 2135 populo
1181 2096 1223 2124 ut
1253 2090 1292 2122 in
1315 2092 1444 2124 ceteris
1469 2102 1570 2124 rece-

131 2130 322 2177 ptionibus
347 2137 550 2170 cantantur.
599 2145 746 2168 sum-uu
771 2136 811 2168 in
834 2136 936 2170 foro:
985 2141 1055 2170 stat
1077 2136 1131 2169 ibi
1157 2137 1324 2182 princeps
1341 2138 1571 2172 Prasinorum

134 2189 199 2212 seu
223 2177 412 2212 excubitor
436 2190 516 2213 cum
539 2176 676 2226 populo
700 2183 856 2216 Prasino.
905 2183 1180 2216 Acclamationis
1214 2194 1298 2216 vero
1335 2190 1414 2217 acta
1439 2196 1459 2217 a
1483 2195 1569 2217 can-

133 2224 275 2260 toribus
300 2230 338 2258 et
358 2227 493 2271 populo
521 2233 562 2260 ut
593 2229 632 2260 in
668 2229 795 2262 ceteris
820 2230 1088 2274 receptionibus
1120 2235 1320 2265 cantantur,
1370 2242 1505 2264 ocnvA
1530 2231 1569 2264 in

134 2271 335 2305 Praetorio:
371 2278 442 2306 stat
465 2273 519 2306 ibi
537 2273 702 2308 tribunus
726 2275 946 2310 Venetorum
974 2288 1054 2310 cum
1080 2277 1214 2322 populo
1244 2275 1338 2310 albo.
1386 2278 1568 2310 Acclama-

133 2317 244 2352 tionis
276 2329 361 2351 vero
386 2324 464 2352 acta
500 2331 521 2352 a
553 2322 761 2355 cantoribus
787 2327 823 2355 et
845 2323 982 2368 populo
1016 2328 1058 2356 ut
1081 2327 1119 2355 in
1142 2323 1271 2356 ceteris
1297 2323 1567 2367 receptionibus

133 2369 333 2398 cantantur.
382 2366 561 2402 Postremo
587 2373 748 2402 cantores
775 2368 922 2403 dicunt:
946 2369 1099 2404 Pulchre
1119 2371 1226 2403 venit
1251 2370 1403 2405 exitium
1428 2372 1569 2413 Agara-

134 2421 285 2452 norum;
309 2413 488 2455 populus:
513 2414 749 2460 longaevam
781 2415 880 2450 Deus
908 2427 1052 2450 sacram
1088 2417 1316 2451 maiestatem
1341 2424 1501 2450 vestram
1526 2417 1568 2448 in

135 2456 266 2490 multos
290 2468 407 2491 annos
420 2458 582 2504 faciat!
630 2473 723 2495 noxa
758 2461 796 2494 in
827 2462 963 2497 fornice
986 2463 1104 2495 Milii:
1138 2474 1298 2496 revexsus
1324 2462 1421 2495 idem
1446 2461 1568 2494 Vene-

135 2507 254 2535 torum
288 2504 455 2546 tribunus
480 2516 560 2539 cum
590 2509 725 2552 populo
757 2508 866 2549 albo,
904 2510 1140 2553 Imperatores
1166 2509 1218 2541 ibi
1243 2509 1388 2553 excipit.
1445 2508 1570 2541 Accla-

134 2549 302 2581 mationis
325 2559 408 2582 vero
433 2557 510 2585 acta
534 2563 554 2585 a
577 2555 870 2598 praecentoribus
898 2561 933 2588 et
946 2556 1082 2600 populo
1110 2560 1150 2588 ut
1174 2556 1212 2588 in
1238 2556 1364 2588 ceteris
1388 2554 1569 2599 receptio-

134 2593 243 2627 nibus
269 2599 465 2628 cantantur.
513 2597 594 2633 Nou
617 2602 742 2645 procul
773 2601 859 2634 inde
892 2603 1058 2646 princeps
1083 2602 1308 2635 prasinorum
1345 2612 1406 2634 seu
1440 2600 1566 2633 ‹lome-

133 2640 245 2674 sticus
269 2640 518 2676 excubitorum
540 2645 672 2679 iterum
696 2646 808 2681 adest.
840 2648 1116 2681 Acclamationis
1140 2658 1223 2681 vero
1248 2653 1327 2680 acta
1350 2659 1369 2679 a
1394 2657 1567 2691 praecen-

134 2686 275 2720 toribus
300 2691 337 2720 et
360 2689 494 2733 populo
519 2696 560 2725 ut
585 2692 624 2726 in
654 2695 780 2729 ceteris
814 2694 1082 2739 receptionibus
1112 2694 1312 2730 cantantur,
1358 2693 1438 2726 Nou
1459 2693 1565 2737 longe

134 2732 220 2767 inde
242 2733 462 2769 Venetorum
487 2737 654 2785 princeps
687 2744 751 2774 seu·
788 2739 1003 2775 domesticus
1032 2739 1231 2774 scholarum
1255 2741 1384 2774 iterum
1417 2740 1455 2772 in
1479 2750 1566 2772 can-
