<?xml version="1.0" encoding="UTF-8"?>
<!DOCTYPE html PUBLIC "-//W3C//DTD XHTML 1.0 Transitional//EN"
    "http://www.w3.org/TR/xhtml1/DTD/xhtml1-transitional.dtd">
<html xmlns="http://www.w3.org/1999/xhtml" xml:lang="en" lang="en">
 <head>
  <title>
</title>
<meta http-equiv="Content-Type" content="text/html;charset=utf-8" />
  <meta name='ocr-system' content='tesseract 3.04.00' />
  <meta name='ocr-capabilities' content='ocr_page ocr_carea ocr_par ocr_line ocrx_word'/>
</head>
<body>
  <div class='ocr_page' id='page_1' title='image "./corpusscriptorum07niebuoft_0088.png"; bbox 0 0 1832 3112; ppageno 0'>
   <div class='ocr_carea' id='block_1_1' title="bbox 268 115 1388 159">
    <p class='ocr_par' dir='ltr' id='par_1_1' title="bbox 268 115 1388 159">
     <span class='ocr_line' id='line_1_1' title="bbox 268 115 1388 159; baseline 0.007 -8"><span class='ocrx_word' id='word_1_1' title='bbox 268 118 297 151; x_wconf 83' lang='lat'>2</span> <span class='ocrx_word' id='word_1_2' title='bbox 308 119 336 152; x_wconf 81' lang='lat'><em>2</em></span> <span class='ocrx_word' id='word_1_3' title='bbox 511 116 868 158; x_wconf 84' lang='lat' dir='ltr'><strong>CONSTANTINI</strong></span> <span class='ocrx_word' id='word_1_4' title='bbox 906 115 1388 159; x_wconf 84' lang='lat' dir='ltr'>PORPHYROGENITI</span> 
     </span>
    </p>
   </div>
   <div class='ocr_carea' id='block_1_2' title="bbox 86 212 1817 1872">
    <p class='ocr_par' dir='ltr' id='par_1_2' title="bbox 86 212 1817 1872">
     <span class='ocr_line' id='line_1_2' title="bbox 258 212 1710 272; baseline 0 -13"><span class='ocrx_word' id='word_1_5' title='bbox 258 216 449 266; x_wconf 78' lang='grc' dir='ltr'><strong><em>,πολλοὺς</em></strong></span> <span class='ocrx_word' id='word_1_6' title='bbox 486 215 559 258; x_wconf 80' lang='grc' dir='ltr'><em>καί</em></span> <span class='ocrx_word' id='word_1_7' title='bbox 596 215 785 269; x_wconf 74' lang='grc' dir='ltr'><strong><em>ἀγαθοὺς</em></strong></span> <span class='ocrx_word' id='word_1_8' title='bbox 826 213 1002 270; x_wconf 83' lang='grc' dir='ltr'><strong><em>χρόνους</em></strong></span> <span class='ocrx_word' id='word_1_9' title='bbox 1031 214 1053 256; x_wconf 84' lang='grc' dir='ltr'>ὅ</span> <span class='ocrx_word' id='word_1_10' title='bbox 1089 213 1186 265; x_wconf 76' lang='grc' dir='ltr'><strong><em>θεὸς</em></strong></span> <span class='ocrx_word' id='word_1_11' title='bbox 1215 212 1364 270; x_wconf 80' lang='grc' dir='ltr'><strong><em>ἆγάγοι</em></strong></span> <span class='ocrx_word' id='word_1_12' title='bbox 1391 215 1465 272; x_wconf 80' lang='grc' dir='ltr'><strong><em>τὴν</em></strong></span> <span class='ocrx_word' id='word_1_13' title='bbox 1492 219 1710 271; x_wconf 82' lang='grc' dir='ltr'><strong><em>βασιλείαν</em></strong></span> 
     </span>
     <span class='ocr_line' id='line_1_3' title="bbox 269 280 1711 338; baseline 0.001 -16"><span class='ocrx_word' id='word_1_14' title='bbox 269 281 429 334; x_wconf 73' lang='grc' dir='ltr'><strong><em>ὖμῶν.”</em></strong></span> <span class='ocrx_word' id='word_1_15' title='bbox 482 283 567 323; x_wconf 76' lang='grc' dir='ltr'><strong><em>τῶν</em></strong></span> <span class='ocrx_word' id='word_1_16' title='bbox 608 283 654 323; x_wconf 84' lang='grc' dir='ltr'><strong><em>δὲ</em></strong></span> <span class='ocrx_word' id='word_1_17' title='bbox 710 282 786 321; x_wconf 83' lang='grc' dir='ltr'><strong><em>τοῦ</em></strong></span> <span class='ocrx_word' id='word_1_18' title='bbox 824 280 1114 334; x_wconf 85' lang='grc' dir='ltr'><strong><em>κουβουκλείου</em></strong></span> <span class='ocrx_word' id='word_1_19' title='bbox 1155 280 1262 334; x_wconf 83' lang='grc' dir='ltr'><strong><em>μετὰ</em></strong></span> <span class='ocrx_word' id='word_1_20' title='bbox 1303 285 1387 324; x_wconf 79' lang='grc' dir='ltr'><strong><em>τῶν</em></strong></span> <span class='ocrx_word' id='word_1_21' title='bbox 1427 282 1711 338; x_wconf 82' lang='grc' dir='ltr'><strong><em>πραιποσίτων</em></strong></span> 
     </span>
     <span class='ocr_line' id='line_1_4' title="bbox 271 343 1712 406; baseline 0.001 -18"><span class='ocrx_word' id='word_1_22' title='bbox 271 345 486 400; x_wconf 79' lang='grc' dir='ltr'><strong><em>ἐξιόντων,</em></strong></span> <span class='ocrx_word' id='word_1_23' title='bbox 531 347 869 402; x_wconf 73' lang='grc' dir='ltr'><strong><em>ὑποστρέφουσιν</em></strong></span> <span class='ocrx_word' id='word_1_24' title='bbox 901 343 940 386; x_wconf 82' lang='grc' dir='ltr'><strong><em>οἷ</em></strong></span> <span class='ocrx_word' id='word_1_25' title='bbox 968 345 1191 401; x_wconf 78' lang='grc' dir='ltr'><strong><em>δεσπόται,</em></strong></span> <span class='ocrx_word' id='word_1_26' title='bbox 1218 346 1292 389; x_wconf 77' lang='grc' dir='ltr'><strong><em>καὶ</em></strong></span> <span class='ocrx_word' id='word_1_27' title='bbox 1314 349 1371 405; x_wconf 76' lang='grc' dir='ltr'><strong><em>τῷ</em></strong></span> <span class='ocrx_word' id='word_1_28' title='bbox 1401 349 1494 406; x_wconf 74' lang='grc' dir='ltr'><strong><em>Θεῷ</em></strong></span> <span class='ocrx_word' id='word_1_29' title='bbox 1523 344 1712 402; x_wconf 81' lang='grc' dir='ltr'><strong><em>οἷπευχα-</em></strong></span> 
     </span>
     <span class='ocr_line' id='line_1_5' title="bbox 271 409 1712 471; baseline 0.001 -17"><span class='ocrx_word' id='word_1_30' title='bbox 271 415 510 469; x_wconf 85' lang='grc' dir='ltr'><strong><em>ριστοῦσιν,</em></strong></span> <span class='ocrx_word' id='word_1_31' title='bbox 548 409 680 466; x_wconf 71' lang='grc' dir='ltr'><strong><em>εὐχὴν</em></strong></span> <span class='ocrx_word' id='word_1_32' title='bbox 719 409 994 461; x_wconf 72' lang='grc' dir='ltr'><strong><em>ἀποδιδόντες</em></strong></span> <span class='ocrx_word' id='word_1_33' title='bbox 1020 413 1065 454; x_wconf 81' lang='grc' dir='ltr'><strong><em>έν</em></strong></span> <span class='ocrx_word' id='word_1_34' title='bbox 1100 414 1155 468; x_wconf 81' lang='grc' dir='ltr'><strong><em>τῇ</em></strong></span> <span class='ocrx_word' id='word_1_35' title='bbox 1182 410 1309 471; x_wconf 85' lang='grc' dir='ltr'><strong><em>κόγχῃ</em></strong></span> <span class='ocrx_word' id='word_1_36' title='bbox 1337 415 1415 455; x_wconf 78' lang='grc' dir='ltr'><strong><em>τοῦ</em></strong></span> <span class='ocrx_word' id='word_1_37' title='bbox 1444 414 1579 455; x_wconf 72' lang='grc' dir='ltr'><strong><em>αὐτοῦ</em></strong></span> <span class='ocrx_word' id='word_1_38' title='bbox 1603 430 1712 470; x_wconf 90' lang='grc' dir='ltr'><strong><em>χρυ-</em></strong></span> 
     </span>
     <span class='ocr_line' id='line_1_6' title="bbox 272 471 1739 535; baseline -0.001 -14"><span class='ocrx_word' id='word_1_39' title='bbox 272 478 560 535; x_wconf 86' lang='grc' dir='ltr'><strong><em>σοτρικλίνου,</em></strong></span> <span class='ocrx_word' id='word_1_40' title='bbox 603 480 648 519; x_wconf 80' lang='grc' dir='ltr'><strong><em>ἐν</em></strong></span> <span class='ocrx_word' id='word_1_41' title='bbox 676 471 710 535; x_wconf 76' lang='grc' dir='ltr'><em>ᾧ</em></span> <span class='ocrx_word' id='word_1_42' title='bbox 739 475 958 532; x_wconf 76' lang='grc' dir='ltr'><strong><em>ἱστόρηται</em></strong></span> <span class='ocrx_word' id='word_1_43' title='bbox 995 477 1021 533; x_wconf 80' lang='grc' dir='ltr'><em>ἦ</em></span> <span class='ocrx_word' id='word_1_44' title='bbox 1050 480 1128 519; x_wconf 77' lang='grc' dir='ltr'><strong><em>τοῦ</em></strong></span> <span class='ocrx_word' id='word_1_45' title='bbox 1156 479 1324 534; x_wconf 81' lang='grc' dir='ltr'><strong><em>Κυρίου</em></strong></span> <span class='ocrx_word' id='word_1_46' title='bbox 1352 477 1471 534; x_wconf 74' lang='grc' dir='ltr'><strong><em>ἡμῶν</em></strong></span> <span class='ocrx_word' id='word_1_47' title='bbox 1499 478 1572 521; x_wconf 75' lang='grc' dir='ltr'><strong><em>καὶ</em></strong></span> <span class='ocrx_word' id='word_1_48' title='bbox 1599 480 1739 528; x_wconf 83' lang='grc' dir='ltr'><strong><em>Θεοῦ5</em></strong></span> 
     </span>
     <span class='ocr_line' id='line_1_7' title="bbox 270 541 1716 601; baseline 0 -14"><span class='ocrx_word' id='word_1_49' title='bbox 270 544 562 601; x_wconf 77' lang='grc' dir='ltr'><strong><em>θεανδρίκελος</em></strong></span> <span class='ocrx_word' id='word_1_50' title='bbox 601 542 700 598; x_wconf 81' lang='grc' dir='ltr'><strong><em>ἁγία</em></strong></span> <span class='ocrx_word' id='word_1_51' title='bbox 737 541 858 584; x_wconf 80' lang='grc' dir='ltr'><strong><em>εἰκών</em></strong></span> <span class='ocrx_word' id='word_1_52' title='bbox 897 543 969 585; x_wconf 78' lang='grc' dir='ltr'><strong><em>ἐπὶ</em></strong></span> <span class='ocrx_word' id='word_1_53' title='bbox 1005 541 1162 598; x_wconf 74' lang='grc' dir='ltr'><strong><em>θρόνου</em></strong></span> <span class='ocrx_word' id='word_1_54' title='bbox 1202 546 1483 601; x_wconf 75' lang='grc' dir='ltr'><strong><em>καθεζομένη,</em></strong></span> <span class='ocrx_word' id='word_1_55' title='bbox 1524 545 1598 587; x_wconf 77' lang='grc' dir='ltr'><strong><em>καὶ</em></strong></span> <span class='ocrx_word' id='word_1_56' title='bbox 1634 541 1716 587; x_wconf 57' lang='grc' dir='ltr'><strong><em>εἶθ)</em></strong></span> 
     </span>
     <span class='ocr_line' id='line_1_8' title="bbox 271 607 1719 668; baseline -0.001 -15"><span class='ocrx_word' id='word_1_57' title='bbox 271 608 400 659; x_wconf 73' lang='grc' dir='ltr'><strong><em>οὕτως</em></strong></span> <span class='ocrx_word' id='word_1_58' title='bbox 428 611 693 665; x_wconf 78' lang='grc' dir='ltr'><strong><em>εἰσέρχονται</em></strong></span> <span class='ocrx_word' id='word_1_59' title='bbox 729 611 775 652; x_wconf 77' lang='grc' dir='ltr'><strong><em>ἐν</em></strong></span> <span class='ocrx_word' id='word_1_60' title='bbox 801 610 858 665; x_wconf 73' lang='grc' dir='ltr'><strong><em>τῷ</em></strong></span> <span class='ocrx_word' id='word_1_61' title='bbox 886 607 986 666; x_wconf 74' lang='grc' dir='ltr'><strong><em>ἱερῷ</em></strong></span> <span class='ocrx_word' id='word_1_62' title='bbox 1025 610 1164 651; x_wconf 71' lang='grc' dir='ltr'><strong><em>αὐτῶν</em></strong></span> <span class='ocrx_word' id='word_1_63' title='bbox 1191 610 1369 652; x_wconf 73' lang='grc' dir='ltr'><strong><em>κοιτῶνι.</em></strong></span> <span class='ocrx_word' id='word_1_64' title='bbox 1419 610 1505 668; x_wconf 82' lang='grc' dir='ltr'><strong><em>χρὴ</em></strong></span> <span class='ocrx_word' id='word_1_65' title='bbox 1535 613 1583 654; x_wconf 84' lang='grc' dir='ltr'><strong><em>δὲ</em></strong></span> <span class='ocrx_word' id='word_1_66' title='bbox 1610 611 1719 653; x_wconf 84' lang='grc' dir='ltr'><strong><em>εἶδέ-</em></strong></span> 
     </span>
     <span class='ocr_line' id='line_1_9' title="bbox 271 673 1712 731; baseline -0.002 -12"><span class='ocrx_word' id='word_1_67' title='bbox 271 694 364 730; x_wconf 90' lang='grc' dir='ltr'><strong><em>ναι,</em></strong></span> <span class='ocrx_word' id='word_1_68' title='bbox 410 673 477 717; x_wconf 77' lang='grc' dir='ltr'><strong><em>ὅτι</em></strong></span> <span class='ocrx_word' id='word_1_69' title='bbox 504 674 610 717; x_wconf 78' lang='grc' dir='ltr'><strong><em>κατὰ</em></strong></span> <span class='ocrx_word' id='word_1_70' title='bbox 650 673 727 730; x_wconf 78' lang='grc' dir='ltr'><strong><em>τὴν</em></strong></span> <span class='ocrx_word' id='word_1_71' title='bbox 753 674 869 727; x_wconf 81' lang='grc' dir='ltr'><strong><em>τάξιν</em></strong></span> <span class='ocrx_word' id='word_1_72' title='bbox 909 673 1067 731; x_wconf 80' lang='grc' dir='ltr'><strong><em>ταύτην</em></strong></span> <span class='ocrx_word' id='word_1_73' title='bbox 1105 675 1179 717; x_wconf 81' lang='grc' dir='ltr'><em>καί</em></span> <span class='ocrx_word' id='word_1_74' title='bbox 1215 674 1287 718; x_wconf 85' lang='grc' dir='ltr'><strong><em>τὸν</em></strong></span> <span class='ocrx_word' id='word_1_75' title='bbox 1312 673 1712 719; x_wconf 78' lang='grc' dir='ltr'><strong><em>τύπονέπιτελεῖται</em></strong></span> 
     </span>
     <span class='ocr_line' id='line_1_10' title="bbox 93 739 1717 798; baseline -0.001 -13"><span class='ocrx_word' id='word_1_76' title='bbox 93 741 297 798; x_wconf 69' lang='lat' dir='ltr'><strong><em>Ed.L.141‘7&#39;</em></strong></span> <span class='ocrx_word' id='word_1_77' title='bbox 320 759 363 785; x_wconf 85' lang='grc' dir='ltr'><strong><em>τε</em></strong></span> <span class='ocrx_word' id='word_1_78' title='bbox 391 742 490 796; x_wconf 77' lang='grc' dir='ltr'><strong><em>ἁγία</em></strong></span> <span class='ocrx_word' id='word_1_79' title='bbox 517 742 590 783; x_wconf 82' lang='grc' dir='ltr'><em>καί</em></span> <span class='ocrx_word' id='word_1_80' title='bbox 615 741 774 796; x_wconf 78' lang='grc' dir='ltr'><strong><em>μεγάλη</em></strong></span> <span class='ocrx_word' id='word_1_81' title='bbox 802 739 977 797; x_wconf 73' lang='grc' dir='ltr'><strong><em>κυριακὴ</em></strong></span> <span class='ocrx_word' id='word_1_82' title='bbox 1012 743 1089 783; x_wconf 81' lang='grc' dir='ltr'><strong><em>τοῦ</em></strong></span> <span class='ocrx_word' id='word_1_83' title='bbox 1115 739 1259 795; x_wconf 82' lang='grc' dir='ltr'><strong><em>πάσχα</em></strong></span> <span class='ocrx_word' id='word_1_84' title='bbox 1288 739 1362 783; x_wconf 79' lang='grc' dir='ltr'><strong><em>καὶ</em></strong></span> <span class='ocrx_word' id='word_1_85' title='bbox 1384 740 1411 797; x_wconf 84' lang='grc' dir='ltr'><em>ἦ</em></span> <span class='ocrx_word' id='word_1_86' title='bbox 1440 741 1540 796; x_wconf 81' lang='grc' dir='ltr'><strong><em>ἅγιά</em></strong></span> <span class='ocrx_word' id='word_1_87' title='bbox 1566 757 1717 796; x_wconf 84' lang='grc' dir='ltr'><strong><em>πεντη-</em></strong></span> 
     </span>
     <span class='ocr_line' id='line_1_11' title="bbox 271 804 1776 864; baseline 0.001 -13"><span class='ocrx_word' id='word_1_88' title='bbox 271 807 394 864; x_wconf 81' lang='grc' dir='ltr'><strong><em>κοστὴ</em></strong></span> <span class='ocrx_word' id='word_1_89' title='bbox 436 806 508 849; x_wconf 75' lang='grc' dir='ltr'>καί</span> <span class='ocrx_word' id='word_1_90' title='bbox 532 804 559 862; x_wconf 82' lang='grc' dir='ltr'><em>ἢ</em></span> <span class='ocrx_word' id='word_1_91' title='bbox 587 805 832 861; x_wconf 72' lang='grc' dir='ltr'><strong><em>θεολαμπὴς</em></strong></span> <span class='ocrx_word' id='word_1_92' title='bbox 858 805 1184 863; x_wconf 75' lang='grc' dir='ltr'><strong><em>μεταμορφωσις</em></strong></span> <span class='ocrx_word' id='word_1_93' title='bbox 1216 804 1244 862; x_wconf 78' lang='grc' dir='ltr'><em>ἥ</em></span> <span class='ocrx_word' id='word_1_94' title='bbox 1280 823 1325 849; x_wconf 86' lang='grc' dir='ltr'><strong><em>τε</em></strong></span> <span class='ocrx_word' id='word_1_95' title='bbox 1364 807 1463 862; x_wconf 81' lang='grc' dir='ltr'><strong><em>ἆγία</em></strong></span> <span class='ocrx_word' id='word_1_96' title='bbox 1499 807 1574 850; x_wconf 73' lang='grc' dir='ltr'><strong><em>καὶ</em></strong></span> <span class='ocrx_word' id='word_1_97' title='bbox 1606 809 1776 863; x_wconf 78' lang='grc' dir='ltr'><strong><em>γενέ-ιο</em></strong></span> 
     </span>
     <span class='ocr_line' id='line_1_12' title="bbox 274 861 1817 929; baseline -0.001 -13"><span class='ocrx_word' id='word_1_98' title='bbox 274 879 394 923; x_wconf 77' lang='grc' dir='ltr'><strong><em>θλιος</em></strong></span> <span class='ocrx_word' id='word_1_99' title='bbox 430 874 503 915; x_wconf 81' lang='grc' dir='ltr'><strong><em>τοῦ</em></strong></span> <span class='ocrx_word' id='word_1_100' title='bbox 531 872 700 927; x_wconf 79' lang='grc' dir='ltr'><strong><em>Κυρίου</em></strong></span> <span class='ocrx_word' id='word_1_101' title='bbox 738 872 860 927; x_wconf 74' lang='grc' dir='ltr'><strong><em>ἡμῶν</em></strong></span> <span class='ocrx_word' id='word_1_102' title='bbox 887 874 961 914; x_wconf 84' lang='grc' dir='ltr'><em>καί</em></span> <span class='ocrx_word' id='word_1_103' title='bbox 995 874 1105 915; x_wconf 82' lang='grc' dir='ltr'><strong><em>Θεοῦ</em></strong></span> <span class='ocrx_word' id='word_1_104' title='bbox 1132 870 1250 928; x_wconf 75' lang='grc' dir='ltr'><strong><em>ἒορτή</em></strong></span> <span class='ocrx_word' id='word_1_105' title='bbox 1290 872 1363 915; x_wconf 82' lang='grc' dir='ltr'>καί</span> <span class='ocrx_word' id='word_1_106' title='bbox 1397 871 1423 929; x_wconf 83' lang='grc' dir='ltr'><strong><em>ἦ</em></strong></span> <span class='ocrx_word' id='word_1_107' title='bbox 1464 872 1562 929; x_wconf 80' lang='grc' dir='ltr'><strong><em>ἆγία</em></strong></span> <span class='ocrx_word' id='word_1_108' title='bbox 1587 872 1721 929; x_wconf 79' lang='grc' dir='ltr'><strong><em>ὖπέρ-</em></strong></span> <span class='ocrx_word' id='word_1_109' title='bbox 1810 861 1817 871; x_wconf 44' lang='lat'><strong>⁸</strong></span> 
     </span>
     <span class='ocr_line' id='line_1_13' title="bbox 275 935 1722 997; baseline -0.001 -15"><span class='ocrx_word' id='word_1_110' title='bbox 275 945 464 995; x_wconf 88' lang='grc' dir='ltr'><strong><em>λαμπρος</em></strong></span> <span class='ocrx_word' id='word_1_111' title='bbox 491 940 575 980; x_wconf 82' lang='grc' dir='ltr'><strong><em>τῶν</em></strong></span> <span class='ocrx_word' id='word_1_112' title='bbox 603 938 753 994; x_wconf 84' lang='grc' dir='ltr'><strong><em>φώτων</em></strong></span> <span class='ocrx_word' id='word_1_113' title='bbox 779 938 933 994; x_wconf 82' lang='grc' dir='ltr'><strong><em>ἦμέρα.</em></strong></span> <span class='ocrx_word' id='word_1_114' title='bbox 1007 941 1124 997; x_wconf 83' lang='lat' dir='ltr'><strong><em>(IZ.)</em></strong></span> <span class='ocrx_word' id='word_1_115' title='bbox 1156 937 1254 995; x_wconf 79' lang='grc' dir='ltr'><strong><em>Χρὴ</em></strong></span> <span class='ocrx_word' id='word_1_116' title='bbox 1291 936 1531 994; x_wconf 77' lang='grc' dir='ltr'><strong><em>γινώσκειν,</em></strong></span> <span class='ocrx_word' id='word_1_117' title='bbox 1577 935 1643 982; x_wconf 78' lang='grc' dir='ltr'><strong><em>ὅτι</em></strong></span> <span class='ocrx_word' id='word_1_118' title='bbox 1667 939 1722 996; x_wconf 80' lang='grc' dir='ltr'><strong><em>τῇ</em></strong></span> 
     </span>
     <span class='ocr_line' id='line_1_14' title="bbox 277 1002 1723 1063; baseline -0.001 -16"><span class='ocrx_word' id='word_1_119' title='bbox 277 1003 373 1063; x_wconf 69' lang='grc' dir='ltr'><strong><em>ἁγία</em></strong></span> <span class='ocrx_word' id='word_1_120' title='bbox 401 1006 474 1046; x_wconf 80' lang='grc' dir='ltr'><em>καί</em></span> <span class='ocrx_word' id='word_1_121' title='bbox 510 1002 666 1061; x_wconf 77' lang='grc' dir='ltr'><strong><em>μεγάλῃ</em></strong></span> <span class='ocrx_word' id='word_1_122' title='bbox 706 1005 884 1061; x_wconf 83' lang='grc' dir='ltr'><strong><em>κυριακῇ</em></strong></span> <span class='ocrx_word' id='word_1_123' title='bbox 924 1002 1116 1055; x_wconf 80' lang='grc' dir='ltr'><strong><em>ἐξιόντων</em></strong></span> <span class='ocrx_word' id='word_1_124' title='bbox 1149 1005 1232 1046; x_wconf 76' lang='grc' dir='ltr'><strong><em>τῶν</em></strong></span> <span class='ocrx_word' id='word_1_125' title='bbox 1271 1005 1482 1047; x_wconf 75' lang='grc' dir='ltr'><strong><em>δεσποτῶν</em></strong></span> <span class='ocrx_word' id='word_1_126' title='bbox 1520 1003 1623 1047; x_wconf 72' lang='grc' dir='ltr'><strong><em>κατὰ</em></strong></span> <span class='ocrx_word' id='word_1_127' title='bbox 1651 1002 1723 1046; x_wconf 80' lang='grc' dir='ltr'><strong><em>τὸν</em></strong></span> 
     </span>
     <span class='ocr_line' id='line_1_15' title="bbox 278 1067 1721 1126; baseline 0.001 -16"><span class='ocrx_word' id='word_1_128' title='bbox 278 1068 581 1126; x_wconf 79' lang='grc' dir='ltr'><strong><em>προειρήμενον</em></strong></span> <span class='ocrx_word' id='word_1_129' title='bbox 618 1069 748 1111; x_wconf 80' lang='grc' dir='ltr'><strong><em>τύπον</em></strong></span> <span class='ocrx_word' id='word_1_130' title='bbox 797 1069 870 1112; x_wconf 76' lang='grc' dir='ltr'><strong><em>καὶ</em></strong></span> <span class='ocrx_word' id='word_1_131' title='bbox 896 1069 1190 1112; x_wconf 75' lang='grc' dir='ltr'><strong><em>ἄλλασσόντων</em></strong></span> <span class='ocrx_word' id='word_1_132' title='bbox 1224 1068 1278 1112; x_wconf 87' lang='grc' dir='ltr'><strong><em>τοὶ</em></strong></span> <span class='ocrx_word' id='word_1_133' title='bbox 1306 1067 1468 1112; x_wconf 71' lang='grc' dir='ltr'><strong><em>ἑαυτῶν</em></strong></span> <span class='ocrx_word' id='word_1_134' title='bbox 1498 1068 1721 1126; x_wconf 81' lang='grc' dir='ltr'><strong><em>διβητήσια</em></strong></span> 
     </span>
     <span class='ocr_line' id='line_1_16' title="bbox 86 1132 1779 1192; baseline 0.002 -14"><span class='ocrx_word' id='word_1_135' title='bbox 86 1137 322 1179; x_wconf 67' lang='grc' dir='ltr'><strong><em>Με.98.1&gt;ὲν</em></strong></span> <span class='ocrx_word' id='word_1_136' title='bbox 349 1137 404 1192; x_wconf 75' lang='grc' dir='ltr'><strong><em>τῷ</em></strong></span> <span class='ocrx_word' id='word_1_137' title='bbox 425 1136 594 1176; x_wconf 73' lang='grc' dir='ltr'><strong><em>κοιτῶνι</em></strong></span> <span class='ocrx_word' id='word_1_138' title='bbox 620 1135 694 1190; x_wconf 77' lang='grc' dir='ltr'><strong><em>τῆς</em></strong></span> <span class='ocrx_word' id='word_1_139' title='bbox 721 1132 925 1191; x_wconf 80' lang='grc' dir='ltr'><strong><em>Δάφνης,</em></strong></span> <span class='ocrx_word' id='word_1_140' title='bbox 954 1132 1024 1177; x_wconf 77' lang='grc' dir='ltr'><strong><em>ὅτε</em></strong></span> <span class='ocrx_word' id='word_1_141' title='bbox 1052 1136 1385 1190; x_wconf 72' lang='grc' dir='ltr'><strong><em>ἅποσυναχθῶσι</em></strong></span> <span class='ocrx_word' id='word_1_142' title='bbox 1412 1135 1562 1186; x_wconf 80' lang='grc' dir='ltr'><strong><em>πάντες</em></strong></span> <span class='ocrx_word' id='word_1_143' title='bbox 1590 1135 1628 1179; x_wconf 80' lang='grc' dir='ltr'><strong><em>οἱ</em></strong></span> <span class='ocrx_word' id='word_1_144' title='bbox 1651 1135 1779 1190; x_wconf 69' lang='grc' dir='ltr'><strong><em>τῆςιό</em></strong></span> 
     </span>
     <span class='ocr_line' id='line_1_17' title="bbox 282 1199 1723 1259; baseline 0.001 -17"><span class='ocrx_word' id='word_1_145' title='bbox 282 1200 508 1256; x_wconf 79' lang='grc' dir='ltr'><strong><em>συγκλήτου</em></strong></span> <span class='ocrx_word' id='word_1_146' title='bbox 554 1202 598 1243; x_wconf 83' lang='grc' dir='ltr'><strong><em>έν</em></strong></span> <span class='ocrx_word' id='word_1_147' title='bbox 648 1202 706 1259; x_wconf 76' lang='grc' dir='ltr'><strong><em>τῷ</em></strong></span> <span class='ocrx_word' id='word_1_148' title='bbox 744 1199 919 1257; x_wconf 82' lang='grc' dir='ltr'><strong><em>πόρτηκι</em></strong></span> <span class='ocrx_word' id='word_1_149' title='bbox 957 1204 1030 1244; x_wconf 79' lang='grc' dir='ltr'><strong><em>τοῦ</em></strong></span> <span class='ocrx_word' id='word_1_150' title='bbox 1070 1200 1252 1256; x_wconf 83' lang='grc' dir='ltr'><strong><em>μεγάλου</em></strong></span> <span class='ocrx_word' id='word_1_151' title='bbox 1291 1205 1502 1258; x_wconf 83' lang='grc' dir='ltr'><strong><em>τρικλίνου</em></strong></span> <span class='ocrx_word' id='word_1_152' title='bbox 1544 1203 1629 1243; x_wconf 76' lang='grc' dir='ltr'><strong><em>τῶν</em></strong></span> <span class='ocrx_word' id='word_1_153' title='bbox 1667 1200 1723 1243; x_wconf 56' lang='grc' dir='ltr'><strong><em>ιδ’</em></strong></span> 
     </span>
     <span class='ocr_line' id='line_1_18' title="bbox 283 1264 1724 1326; baseline -0.001 -17"><span class='ocrx_word' id='word_1_154' title='bbox 283 1265 544 1320; x_wconf 79' lang='grc' dir='ltr'><strong><em>ἇκκουβίτων</em></strong></span> <span class='ocrx_word' id='word_1_155' title='bbox 571 1265 646 1308; x_wconf 77' lang='grc' dir='ltr'><strong><em>καὶ</em></strong></span> <span class='ocrx_word' id='word_1_156' title='bbox 683 1269 727 1309; x_wconf 76' lang='grc' dir='ltr'><strong><em>ἐν</em></strong></span> <span class='ocrx_word' id='word_1_157' title='bbox 754 1270 813 1325; x_wconf 76' lang='grc' dir='ltr'><strong><em>τῷ</em></strong></span> <span class='ocrx_word' id='word_1_158' title='bbox 842 1264 1065 1326; x_wconf 81' lang='grc' dir='ltr'><strong><em>ὄνοποδίῳ,</em></strong></span> <span class='ocrx_word' id='word_1_159' title='bbox 1095 1269 1358 1323; x_wconf 83' lang='grc' dir='ltr'><strong><em>εἰσέρχονται</em></strong></span> <span class='ocrx_word' id='word_1_160' title='bbox 1381 1266 1420 1310; x_wconf 85' lang='grc' dir='ltr'><strong><em>οἶ</em></strong></span> <span class='ocrx_word' id='word_1_161' title='bbox 1441 1265 1724 1324; x_wconf 76' lang='grc' dir='ltr'><strong><em>πραιπόσιτοι,</em></strong></span> 
     </span>
     <span class='ocr_line' id='line_1_19' title="bbox 247 1330 1726 1388; baseline 0.002 -17"><span class='ocrx_word' id='word_1_162' title='bbox 247 1333 356 1375; x_wconf 81' lang='grc' dir='ltr'><strong><em>Βκαί</em></strong></span> <span class='ocrx_word' id='word_1_163' title='bbox 380 1333 747 1388; x_wconf 78' lang='grc' dir='ltr'><strong><em>ὖπομιμνήσκουσι</em></strong></span> <span class='ocrx_word' id='word_1_164' title='bbox 774 1332 873 1383; x_wconf 80' lang='grc' dir='ltr'><strong><em>τούς</em></strong></span> <span class='ocrx_word' id='word_1_165' title='bbox 902 1333 1125 1387; x_wconf 82' lang='grc' dir='ltr'><strong><em>δεσπότας,</em></strong></span> <span class='ocrx_word' id='word_1_166' title='bbox 1154 1334 1227 1375; x_wconf 81' lang='grc' dir='ltr'><em>καί</em></span> <span class='ocrx_word' id='word_1_167' title='bbox 1251 1333 1479 1388; x_wconf 79' lang='grc' dir='ltr'><strong><em>βάλλουσιν</em></strong></span> <span class='ocrx_word' id='word_1_168' title='bbox 1509 1331 1548 1375; x_wconf 80' lang='grc' dir='ltr'><strong><em>οἱ</em></strong></span> <span class='ocrx_word' id='word_1_169' title='bbox 1577 1330 1726 1375; x_wconf 84' lang='grc' dir='ltr'><strong><em>δεσπό-</em></strong></span> 
     </span>
     <span class='ocr_line' id='line_1_20' title="bbox 281 1395 1725 1454; baseline 0 -14"><span class='ocrx_word' id='word_1_170' title='bbox 281 1416 353 1440; x_wconf 86' lang='grc' dir='ltr'><strong><em>ται</em></strong></span> <span class='ocrx_word' id='word_1_171' title='bbox 382 1396 434 1441; x_wconf 82' lang='grc' dir='ltr'><strong><em>τὰ</em></strong></span> <span class='ocrx_word' id='word_1_172' title='bbox 464 1395 626 1440; x_wconf 74' lang='grc' dir='ltr'><strong><em>ἑαυτῶν</em></strong></span> <span class='ocrx_word' id='word_1_173' title='bbox 654 1399 890 1453; x_wconf 85' lang='grc' dir='ltr'><strong><em>τζιτζάκια,</em></strong></span> <span class='ocrx_word' id='word_1_174' title='bbox 930 1402 1005 1442; x_wconf 84' lang='grc' dir='ltr'><em>καί</em></span> <span class='ocrx_word' id='word_1_175' title='bbox 1040 1401 1280 1454; x_wconf 82' lang='grc' dir='ltr'><strong><em>ἐξέρχονται</em></strong></span> <span class='ocrx_word' id='word_1_176' title='bbox 1321 1398 1393 1442; x_wconf 73' lang='grc' dir='ltr'><strong><em>διὰ</em></strong></span> <span class='ocrx_word' id='word_1_177' title='bbox 1431 1401 1505 1442; x_wconf 79' lang='grc' dir='ltr'><strong><em>τοῦ</em></strong></span> <span class='ocrx_word' id='word_1_178' title='bbox 1541 1398 1725 1453; x_wconf 80' lang='grc' dir='ltr'><strong><em>μεγάλου</em></strong></span> 
     </span>
     <span class='ocr_line' id='line_1_21' title="bbox 283 1463 1786 1520; baseline 0.001 -13"><span class='ocrx_word' id='word_1_179' title='bbox 283 1467 530 1518; x_wconf 76' lang='grc' dir='ltr'><strong><em>ἀκκουβίτου</em></strong></span> <span class='ocrx_word' id='word_1_180' title='bbox 559 1466 640 1506; x_wconf 76' lang='grc' dir='ltr'><strong><em>τῶν</em></strong></span> <span class='ocrx_word' id='word_1_181' title='bbox 669 1464 727 1507; x_wconf 73' lang='grc' dir='ltr'><strong><em>ιθ’</em></strong></span> <span class='ocrx_word' id='word_1_182' title='bbox 757 1466 1037 1520; x_wconf 83' lang='grc' dir='ltr'><strong><em>ἆκκουβίτων,</em></strong></span> <span class='ocrx_word' id='word_1_183' title='bbox 1077 1464 1370 1519; x_wconf 84' lang='grc' dir='ltr'><strong><em>ὄψικευόμενοι</em></strong></span> <span class='ocrx_word' id='word_1_184' title='bbox 1408 1463 1490 1507; x_wconf 74' lang='grc' dir='ltr'><strong><em>ὕπὸ</em></strong></span> <span class='ocrx_word' id='word_1_185' title='bbox 1526 1466 1602 1508; x_wconf 80' lang='grc' dir='ltr'><strong><em>τοῦ</em></strong></span> <span class='ocrx_word' id='word_1_186' title='bbox 1629 1481 1786 1510; x_wconf 75' lang='lat' dir='ltr'>nov-20</span> 
     </span>
     <span class='ocr_line' id='line_1_22' title="bbox 283 1528 1728 1588; baseline 0.001 -17"><span class='ocrx_word' id='word_1_187' title='bbox 283 1531 501 1585; x_wconf 85' lang='grc' dir='ltr'><strong><em>βουκλείου</em></strong></span> <span class='ocrx_word' id='word_1_188' title='bbox 540 1530 612 1572; x_wconf 73' lang='grc' dir='ltr'><strong><em>καί</em></strong></span> <span class='ocrx_word' id='word_1_189' title='bbox 646 1532 728 1574; x_wconf 78' lang='grc' dir='ltr'><strong><em>τῶν</em></strong></span> <span class='ocrx_word' id='word_1_190' title='bbox 767 1534 1038 1586; x_wconf 81' lang='grc' dir='ltr'><strong><em>μαγλαβιτῶν</em></strong></span> <span class='ocrx_word' id='word_1_191' title='bbox 1075 1531 1148 1574; x_wconf 80' lang='grc' dir='ltr'><em>καί</em></span> <span class='ocrx_word' id='word_1_192' title='bbox 1180 1533 1253 1587; x_wconf 79' lang='grc' dir='ltr'><strong><em>τῆς</em></strong></span> <span class='ocrx_word' id='word_1_193' title='bbox 1280 1528 1516 1588; x_wconf 69' lang='grc' dir='ltr'><strong><em>ἑταιρείας,</em></strong></span> <span class='ocrx_word' id='word_1_194' title='bbox 1554 1531 1728 1583; x_wconf 81' lang='grc' dir='ltr'><strong><em>ἱσταμέ-</em></strong></span> 
     </span>
     <span class='ocr_line' id='line_1_23' title="bbox 285 1593 1730 1656; baseline -0.001 -18"><span class='ocrx_word' id='word_1_195' title='bbox 285 1612 367 1638; x_wconf 83' lang='grc' dir='ltr'><strong><em>νων</em></strong></span> <span class='ocrx_word' id='word_1_196' title='bbox 396 1597 510 1654; x_wconf 79' lang='grc' dir='ltr'><strong><em>δεξιᾷ</em></strong></span> <span class='ocrx_word' id='word_1_197' title='bbox 538 1598 612 1638; x_wconf 83' lang='grc' dir='ltr'><em>καί</em></span> <span class='ocrx_word' id='word_1_198' title='bbox 637 1593 834 1656; x_wconf 73' lang='grc' dir='ltr'><strong><em>ἀριστερᾷ</em></strong></span> <span class='ocrx_word' id='word_1_199' title='bbox 861 1599 934 1640; x_wconf 82' lang='grc' dir='ltr'><strong><em>τοῦ</em></strong></span> <span class='ocrx_word' id='word_1_200' title='bbox 961 1599 1150 1641; x_wconf 79' lang='grc' dir='ltr'><strong><em>τοιούτου</em></strong></span> <span class='ocrx_word' id='word_1_201' title='bbox 1179 1599 1404 1654; x_wconf 81' lang='grc' dir='ltr'><strong><em>τρικλίνου,</em></strong></span> <span class='ocrx_word' id='word_1_202' title='bbox 1433 1597 1480 1640; x_wconf 76' lang='grc' dir='ltr'><strong><em>ἐν</em></strong></span> <span class='ocrx_word' id='word_1_203' title='bbox 1509 1598 1556 1640; x_wconf 82' lang='grc' dir='ltr'><strong><em>δὲ</em></strong></span> <span class='ocrx_word' id='word_1_204' title='bbox 1582 1599 1640 1654; x_wconf 82' lang='grc' dir='ltr'><strong><em>τῷ</em></strong></span> <span class='ocrx_word' id='word_1_205' title='bbox 1661 1598 1730 1638; x_wconf 88' lang='grc' dir='ltr'><strong><em>δε-</em></strong></span> 
     </span>
     <span class='ocr_line' id='line_1_24' title="bbox 284 1660 1731 1721; baseline 0.001 -19"><span class='ocrx_word' id='word_1_206' title='bbox 284 1663 361 1718; x_wconf 75' lang='grc' dir='ltr'><strong><em>ξιῷ</em></strong></span> <span class='ocrx_word' id='word_1_207' title='bbox 387 1663 508 1718; x_wconf 81' lang='grc' dir='ltr'><strong><em>μέρει</em></strong></span> <span class='ocrx_word' id='word_1_208' title='bbox 535 1664 612 1704; x_wconf 76' lang='grc' dir='ltr'><strong><em>τοῦ</em></strong></span> <span class='ocrx_word' id='word_1_209' title='bbox 648 1660 780 1705; x_wconf 82' lang='grc' dir='ltr'><strong><em>αὗτοῦ</em></strong></span> <span class='ocrx_word' id='word_1_210' title='bbox 815 1664 1023 1721; x_wconf 89' lang='grc' dir='ltr'><strong><em>τρικλίνου</em></strong></span> <span class='ocrx_word' id='word_1_211' title='bbox 1065 1666 1311 1716; x_wconf 74' lang='grc' dir='ltr'><strong><em>καθέζονται</em></strong></span> <span class='ocrx_word' id='word_1_212' title='bbox 1350 1665 1395 1707; x_wconf 76' lang='grc' dir='ltr'><strong><em>ἐν</em></strong></span> <span class='ocrx_word' id='word_1_213' title='bbox 1434 1667 1521 1712; x_wconf 83' lang='grc' dir='ltr'><strong><em>τοῖς</em></strong></span> <span class='ocrx_word' id='word_1_214' title='bbox 1553 1667 1731 1717; x_wconf 85' lang='grc' dir='ltr'><strong><em>χρυσοῖς</em></strong></span> 
     </span>
     <span class='ocr_line' id='line_1_25' title="bbox 288 1726 1731 1787; baseline 0.001 -18"><span class='ocrx_word' id='word_1_215' title='bbox 288 1727 360 1774; x_wconf 77' lang='grc' dir='ltr'><strong><em>καὶ</em></strong></span> <span class='ocrx_word' id='word_1_216' title='bbox 385 1729 595 1778; x_wconf 71' lang='grc' dir='ltr'><strong><em>διαλίθοις</em></strong></span> <span class='ocrx_word' id='word_1_217' title='bbox 631 1728 823 1779; x_wconf 84' lang='grc' dir='ltr'><strong><em>σελλίοις.</em></strong></span> <span class='ocrx_word' id='word_1_218' title='bbox 876 1729 950 1773; x_wconf 76' lang='grc' dir='ltr'><em>καί</em></span> <span class='ocrx_word' id='word_1_219' title='bbox 973 1728 1055 1773; x_wconf 74' lang='grc' dir='ltr'><strong><em>εἷθ’</em></strong></span> <span class='ocrx_word' id='word_1_220' title='bbox 1082 1727 1211 1782; x_wconf 74' lang='grc' dir='ltr'><strong><em>οὕτως</em></strong></span> <span class='ocrx_word' id='word_1_221' title='bbox 1239 1731 1473 1787; x_wconf 82' lang='grc' dir='ltr'><strong><em>εἰσέρχεται</em></strong></span> <span class='ocrx_word' id='word_1_222' title='bbox 1502 1726 1540 1783; x_wconf 82' lang='grc' dir='ltr'><strong><em>ὅ,</em></strong></span> <span class='ocrx_word' id='word_1_223' title='bbox 1562 1743 1608 1771; x_wconf 86' lang='grc' dir='ltr'><strong><em>τε</em></strong></span> <span class='ocrx_word' id='word_1_224' title='bbox 1636 1726 1731 1784; x_wconf 76' lang='grc' dir='ltr'><strong><em>ῥαί-</em></strong></span> 
     </span>
     <span class='ocr_line' id='line_1_26' title="bbox 388 1817 1732 1872; baseline 0.001 -16"><span class='ocrx_word' id='word_1_225' title='bbox 388 1836 398 1856; x_wconf 81' lang='lat'>1</span> <span class='ocrx_word' id='word_1_226' title='bbox 411 1836 438 1856; x_wconf 85' lang='lat'><strong><em>1.</em></strong></span> <span class='ocrx_word' id='word_1_227' title='bbox 466 1822 571 1868; x_wconf 76' lang='grc' dir='ltr'><strong><em>ἡμῶν</em></strong></span> <span class='ocrx_word' id='word_1_228' title='bbox 586 1823 682 1858; x_wconf 71' lang='grc' dir='ltr'><strong><em>Θεοῦ</em></strong></span> <span class='ocrx_word' id='word_1_229' title='bbox 705 1844 747 1850; x_wconf 89' lang='lat'><strong><em>—-</em></strong></span> <span class='ocrx_word' id='word_1_230' title='bbox 764 1826 827 1858; x_wconf 79' lang='grc' dir='ltr'><strong><em>καὶ</em></strong></span> <span class='ocrx_word' id='word_1_231' title='bbox 853 1825 945 1870; x_wconf 70' lang='grc' dir='ltr'><strong><em>ἁγία</em></strong></span> <span class='ocrx_word' id='word_1_232' title='bbox 961 1825 1016 1859; x_wconf 90' lang='lat' dir='ltr'>ed.</span> <span class='ocrx_word' id='word_1_233' title='bbox 1094 1839 1144 1872; x_wconf 89' lang='lat'><strong><em>¹9·</em></strong></span> <span class='ocrx_word' id='word_1_234' title='bbox 1167 1827 1319 1860; x_wconf 88' lang='grc' dir='ltr'><em>ΣΧΟΛ.</em></span> <span class='ocrx_word' id='word_1_235' title='bbox 1337 1826 1492 1867; x_wconf 79' lang='grc' dir='ltr'><strong><em>Ἰστέον,</em></strong></span> <span class='ocrx_word' id='word_1_236' title='bbox 1513 1822 1572 1859; x_wconf 84' lang='grc' dir='ltr'><strong><em>ὅτι</em></strong></span> <span class='ocrx_word' id='word_1_237' title='bbox 1590 1817 1636 1859; x_wconf 68' lang='lat' dir='ltr'><strong><em>uie</em></strong></span> <span class='ocrx_word' id='word_1_238' title='bbox 1655 1825 1732 1865; x_wconf 90' lang='grc' dir='ltr'><strong><em>τζι-</em></strong></span> 
     </span>
    </p>
   </div>
   <div class='ocr_carea' id='block_1_3' title="bbox 383 1865 1735 1966">
    <p class='ocr_par' dir='ltr' id='par_1_3' title="bbox 383 1865 1735 1966">
     <span class='ocr_line' id='line_1_27' title="bbox 383 1865 1735 1918; baseline 0.001 -15"><span class='ocrx_word' id='word_1_239' title='bbox 383 1869 516 1908; x_wconf 78' lang='grc' dir='ltr'><strong><em>τζιέκια</em></strong></span> <span class='ocrx_word' id='word_1_240' title='bbox 541 1871 581 1903; x_wconf 74' lang='grc' dir='ltr'><strong><em>ἐκ</em></strong></span> <span class='ocrx_word' id='word_1_241' title='bbox 601 1871 665 1911; x_wconf 81' lang='grc' dir='ltr'><strong><em>τῆς</em></strong></span> <span class='ocrx_word' id='word_1_242' title='bbox 685 1871 886 1916; x_wconf 80' lang='grc' dir='ltr'><strong><em>χαζοίρικος</em></strong></span> <span class='ocrx_word' id='word_1_243' title='bbox 908 1874 1108 1918; x_wconf 80' lang='grc' dir='ltr'><strong><em>φορέουσι,</em></strong></span> <span class='ocrx_word' id='word_1_244' title='bbox 1133 1870 1245 1906; x_wconf 71' lang='grc' dir='ltr'><strong><em>ἅτινα</em></strong></span> <span class='ocrx_word' id='word_1_245' title='bbox 1258 1865 1334 1905; x_wconf 72' lang='grc' dir='ltr'><strong><em>ἀπὸ</em></strong></span> <span class='ocrx_word' id='word_1_246' title='bbox 1355 1875 1419 1915; x_wconf 75' lang='grc' dir='ltr'><strong><em>τῆς</em></strong></span> <span class='ocrx_word' id='word_1_247' title='bbox 1438 1873 1644 1917; x_wconf 80' lang='grc' dir='ltr'><strong><em>χαζάρικος</em></strong></span> <span class='ocrx_word' id='word_1_248' title='bbox 1668 1870 1735 1912; x_wconf 80' lang='grc' dir='ltr'><strong><em>τῆς</em></strong></span> 
     </span>
     <span class='ocr_line' id='line_1_28' title="bbox 386 1915 1734 1966; baseline 0.002 -18"><span class='ocrx_word' id='word_1_249' title='bbox 386 1915 596 1961; x_wconf 74' lang='grc' dir='ltr'><strong><em>αὖγούστης</em></strong></span> <span class='ocrx_word' id='word_1_250' title='bbox 617 1917 899 1962; x_wconf 76' lang='grc' dir='ltr'><strong><em>ὑπεδείχθησαν</em></strong></span> <span class='ocrx_word' id='word_1_251' title='bbox 918 1919 959 1954; x_wconf 77' lang='grc' dir='ltr'><strong><em>ἐν</em></strong></span> <span class='ocrx_word' id='word_1_252' title='bbox 979 1919 1092 1966; x_wconf 71' lang='grc' dir='ltr'><strong><em>ταύτῃ</em></strong></span> <span class='ocrx_word' id='word_1_253' title='bbox 1116 1921 1158 1965; x_wconf 80' lang='grc' dir='ltr'><strong><em>τῇ</em></strong></span> <span class='ocrx_word' id='word_1_254' title='bbox 1173 1919 1340 1963; x_wconf 81' lang='grc' dir='ltr'><strong><em>βασιλίδι</em></strong></span> <span class='ocrx_word' id='word_1_255' title='bbox 1354 1918 1599 1964; x_wconf 76' lang='grc' dir='ltr'><strong><em>θεοφυλάκτῳ</em></strong></span> <span class='ocrx_word' id='word_1_256' title='bbox 1611 1917 1734 1951; x_wconf 86' lang='grc' dir='ltr'><strong><em>πόλει.</em></strong></span> 
     </span>
    </p>
   </div>
   <div class='ocr_carea' id='block_1_4' title="bbox 296 2000 1742 2748">
    <p class='ocr_par' dir='ltr' id='par_1_4' title="bbox 296 2000 1742 2748">
     <span class='ocr_line' id='line_1_29' title="bbox 297 2000 1734 2047; baseline 0.002 -15"><span class='ocrx_word' id='word_1_257' title='bbox 297 2001 344 2033; x_wconf 78' lang='lat' dir='ltr'><strong><em>sis</em></strong></span> <span class='ocrx_word' id='word_1_258' title='bbox 362 2005 482 2033; x_wconf 86' lang='lat' dir='ltr'>autem</span> <span class='ocrx_word' id='word_1_259' title='bbox 494 2000 727 2034; x_wconf 88' lang='lat' dir='ltr'>cubiculariis</span> <span class='ocrx_word' id='word_1_260' title='bbox 747 2013 827 2034; x_wconf 90' lang='lat' dir='ltr'><strong><em>cum</em></strong></span> <span class='ocrx_word' id='word_1_261' title='bbox 847 2004 1075 2047; x_wconf 79' lang='lat' dir='ltr'>praepositis,</span> <span class='ocrx_word' id='word_1_262' title='bbox 1100 2003 1247 2036; x_wconf 86' lang='lat' dir='ltr'>Domini</span> <span class='ocrx_word' id='word_1_263' title='bbox 1266 2004 1410 2043; x_wconf 84' lang='lat' dir='ltr'>reversi,</span> <span class='ocrx_word' id='word_1_264' title='bbox 1450 2003 1496 2036; x_wconf 82' lang='lat' dir='ltr'><strong><em>ad</em></strong></span> <span class='ocrx_word' id='word_1_265' title='bbox 1515 2004 1632 2037; x_wconf 89' lang='lat' dir='ltr'>Deum</span> <span class='ocrx_word' id='word_1_266' title='bbox 1652 2012 1734 2047; x_wconf 87' lang='lat' dir='ltr'>pre-</span> 
     </span>
     <span class='ocr_line' id='line_1_30' title="bbox 296 2046 1735 2090; baseline 0.001 -10"><span class='ocrx_word' id='word_1_267' title='bbox 296 2052 422 2080; x_wconf 80' lang='lat' dir='ltr'>cantur</span> <span class='ocrx_word' id='word_1_268' title='bbox 463 2047 503 2079; x_wconf 92' lang='lat' dir='ltr'><strong><em>in</em></strong></span> <span class='ocrx_word' id='word_1_269' title='bbox 535 2046 669 2080; x_wconf 86' lang='lat' dir='ltr'>concha</span> <span class='ocrx_word' id='word_1_270' title='bbox 698 2049 798 2081; x_wconf 87' lang='lat' dir='ltr'>aurei</span> <span class='ocrx_word' id='word_1_271' title='bbox 826 2049 1000 2090; x_wconf 83' lang='lat' dir='ltr'>triclinii,</span> <span class='ocrx_word' id='word_1_272' title='bbox 1034 2049 1098 2082; x_wconf 90' lang='lat' dir='ltr'><strong><em>ubi</em></strong></span> <span class='ocrx_word' id='word_1_273' title='bbox 1125 2050 1272 2083; x_wconf 87' lang='lat' dir='ltr'>Domini</span> <span class='ocrx_word' id='word_1_274' title='bbox 1302 2061 1342 2083; x_wconf 85' lang='lat' dir='ltr'>ac</span> <span class='ocrx_word' id='word_1_275' title='bbox 1366 2051 1436 2084; x_wconf 87' lang='lat' dir='ltr'><strong><em>Dei</em></strong></span> <span class='ocrx_word' id='word_1_276' title='bbox 1465 2051 1581 2083; x_wconf 84' lang='lat' dir='ltr'>nostri</span> <span class='ocrx_word' id='word_1_277' title='bbox 1610 2048 1735 2083; x_wconf 79' lang='lat' dir='ltr'>divina</span> 
     </span>
     <span class='ocr_line' id='line_1_31' title="bbox 297 2093 1735 2140; baseline 0.002 -15"><span class='ocrx_word' id='word_1_278' title='bbox 297 2099 490 2138; x_wconf 80' lang='lat' dir='ltr'>sanctaque</span> <span class='ocrx_word' id='word_1_279' title='bbox 507 2094 621 2138; x_wconf 84' lang='lat' dir='ltr'>imago</span> <span class='ocrx_word' id='word_1_280' title='bbox 653 2093 807 2127; x_wconf 86' lang='lat' dir='ltr'>humana</span> <span class='ocrx_word' id='word_1_281' title='bbox 837 2096 957 2140; x_wconf 83' lang='lat' dir='ltr'>specie</span> <span class='ocrx_word' id='word_1_282' title='bbox 998 2096 1037 2129; x_wconf 88' lang='lat' dir='ltr'><strong><em>in</em></strong></span> <span class='ocrx_word' id='word_1_283' title='bbox 1068 2095 1199 2128; x_wconf 80' lang='lat' dir='ltr'>throno</span> <span class='ocrx_word' id='word_1_284' title='bbox 1223 2096 1399 2131; x_wconf 81' lang='lat' dir='ltr'>collocata</span> <span class='ocrx_word' id='word_1_285' title='bbox 1431 2097 1610 2137; x_wconf 85' lang='lat' dir='ltr'>cernitur,</span> <span class='ocrx_word' id='word_1_286' title='bbox 1651 2106 1735 2129; x_wconf 79' lang='lat' dir='ltr'>ora-</span> 
     </span>
     <span class='ocr_line' id='line_1_32' title="bbox 297 2139 1737 2185; baseline 0 -13"><span class='ocrx_word' id='word_1_287' title='bbox 297 2141 399 2173; x_wconf 84' lang='lat' dir='ltr'>tione</span> <span class='ocrx_word' id='word_1_288' title='bbox 421 2139 533 2173; x_wconf 82' lang='lat' dir='ltr'>facta:</span> <span class='ocrx_word' id='word_1_289' title='bbox 565 2145 648 2185; x_wconf 82' lang='lat' dir='ltr'>post</span> <span class='ocrx_word' id='word_1_290' title='bbox 669 2140 759 2174; x_wconf 87' lang='lat' dir='ltr'>haec</span> <span class='ocrx_word' id='word_1_291' title='bbox 780 2141 825 2174; x_wconf 84' lang='lat' dir='ltr'><strong><em>ad</em></strong></span> <span class='ocrx_word' id='word_1_292' title='bbox 847 2153 983 2175; x_wconf 83' lang='lat' dir='ltr'>sacrum</span> <span class='ocrx_word' id='word_1_293' title='bbox 1007 2153 1110 2175; x_wconf 82' lang='lat' dir='ltr'>suum</span> <span class='ocrx_word' id='word_1_294' title='bbox 1136 2142 1342 2176; x_wconf 85' lang='lat' dir='ltr'>cubiculum</span> <span class='ocrx_word' id='word_1_295' title='bbox 1363 2142 1563 2176; x_wconf 77' lang='lat' dir='ltr'>discedunt.</span> <span class='ocrx_word' id='word_1_296' title='bbox 1612 2141 1737 2175; x_wconf 78' lang='lat' dir='ltr'>Scien-</span> 
     </span>
     <span class='ocr_line' id='line_1_33' title="bbox 299 2184 1739 2232; baseline 0.001 -12"><span class='ocrx_word' id='word_1_297' title='bbox 299 2185 386 2220; x_wconf 81' lang='lat' dir='ltr'>dum</span> <span class='ocrx_word' id='word_1_298' title='bbox 409 2197 492 2219; x_wconf 84' lang='lat' dir='ltr'>vero</span> <span class='ocrx_word' id='word_1_299' title='bbox 517 2191 594 2227; x_wconf 82' lang='lat' dir='ltr'>est,</span> <span class='ocrx_word' id='word_1_300' title='bbox 626 2188 823 2221; x_wconf 85' lang='lat' dir='ltr'>secundum</span> <span class='ocrx_word' id='word_1_301' title='bbox 858 2189 955 2222; x_wconf 89' lang='lat' dir='ltr'>hunc</span> <span class='ocrx_word' id='word_1_302' title='bbox 978 2188 1142 2222; x_wconf 85' lang='lat' dir='ltr'>ordinem</span> <span class='ocrx_word' id='word_1_303' title='bbox 1167 2195 1203 2222; x_wconf 87' lang='lat' dir='ltr'>et</span> <span class='ocrx_word' id='word_1_304' title='bbox 1222 2190 1331 2222; x_wconf 83' lang='lat' dir='ltr'>ritum</span> <span class='ocrx_word' id='word_1_305' title='bbox 1365 2195 1524 2223; x_wconf 83' lang='lat' dir='ltr'>sanctam</span> <span class='ocrx_word' id='word_1_306' title='bbox 1555 2184 1739 2232; x_wconf 64' lang='lat' dir='ltr'>magnam-3</span> 
     </span>
     <span class='ocr_line' id='line_1_34' title="bbox 301 2232 1740 2280; baseline 0.002 -15"><span class='ocrx_word' id='word_1_307' title='bbox 301 2244 372 2279; x_wconf 90' lang='lat' dir='ltr'><strong><em>que</em></strong></span> <span class='ocrx_word' id='word_1_308' title='bbox 397 2232 814 2269; x_wconf 66' lang='lat' dir='ltr'>dominicamPaschatis</span> <span class='ocrx_word' id='word_1_309' title='bbox 828 2260 837 2275; x_wconf 90' lang='lat'><strong>,</strong></span> <span class='ocrx_word' id='word_1_310' title='bbox 862 2241 1018 2269; x_wconf 81' lang='lat' dir='ltr'>sanctam</span> <span class='ocrx_word' id='word_1_311' title='bbox 1038 2237 1274 2269; x_wconf 79' lang='lat' dir='ltr'>Pentecosten</span> <span class='ocrx_word' id='word_1_312' title='bbox 1289 2261 1298 2275; x_wconf 90' lang='lat'>,</span> <span class='ocrx_word' id='word_1_313' title='bbox 1325 2236 1447 2269; x_wconf 87' lang='lat' dir='ltr'>divino</span> <span class='ocrx_word' id='word_1_314' title='bbox 1465 2235 1656 2280; x_wconf 85' lang='lat' dir='ltr'>splendore</span> <span class='ocrx_word' id='word_1_315' title='bbox 1673 2246 1740 2268; x_wconf 90' lang='lat' dir='ltr'>co-</span> 
     </span>
     <span class='ocr_line' id='line_1_35' title="bbox 301 2281 1738 2327; baseline 0.001 -15"><span class='ocrx_word' id='word_1_316' title='bbox 301 2285 508 2313; x_wconf 81' lang='lat' dir='ltr'>ruscantem</span> <span class='ocrx_word' id='word_1_317' title='bbox 531 2281 877 2326; x_wconf 83' lang='lat' dir='ltr'>transfigurationem</span> <span class='ocrx_word' id='word_1_318' title='bbox 891 2308 901 2322; x_wconf 88' lang='lat'><strong>,</strong></span> <span class='ocrx_word' id='word_1_319' title='bbox 942 2287 1103 2315; x_wconf 82' lang='lat' dir='ltr'>sanctum</span> <span class='ocrx_word' id='word_1_320' title='bbox 1129 2294 1169 2315; x_wconf 84' lang='lat' dir='ltr'>ac</span> <span class='ocrx_word' id='word_1_321' title='bbox 1190 2282 1311 2315; x_wconf 82' lang='lat' dir='ltr'>natale</span> <span class='ocrx_word' id='word_1_322' title='bbox 1333 2283 1482 2316; x_wconf 85' lang='lat' dir='ltr'>Domini</span> <span class='ocrx_word' id='word_1_323' title='bbox 1500 2283 1644 2327; x_wconf 84' lang='lat' dir='ltr'>Deique</span> <span class='ocrx_word' id='word_1_324' title='bbox 1668 2292 1738 2314; x_wconf 87' lang='lat' dir='ltr'><strong><em>no-</em></strong></span> 
     </span>
     <span class='ocr_line' id='line_1_36' title="bbox 303 2325 1739 2373; baseline 0 -13"><span class='ocrx_word' id='word_1_325' title='bbox 303 2325 368 2360; x_wconf 77' lang='lat' dir='ltr'>stri</span> <span class='ocrx_word' id='word_1_326' title='bbox 414 2326 546 2359; x_wconf 80' lang='lat' dir='ltr'>festum</span> <span class='ocrx_word' id='word_1_327' title='bbox 588 2332 625 2360; x_wconf 85' lang='lat' dir='ltr'>et</span> <span class='ocrx_word' id='word_1_328' title='bbox 678 2339 810 2360; x_wconf 78' lang='lat' dir='ltr'>sacram</span> <span class='ocrx_word' id='word_1_329' title='bbox 847 2328 1144 2373; x_wconf 77' lang='lat' dir='ltr'>splendidumque</span> <span class='ocrx_word' id='word_1_330' title='bbox 1195 2328 1291 2362; x_wconf 89' lang='lat' dir='ltr'>diem</span> <span class='ocrx_word' id='word_1_331' title='bbox 1331 2329 1511 2362; x_wconf 88' lang='lat' dir='ltr'>luminum</span> <span class='ocrx_word' id='word_1_332' title='bbox 1554 2327 1739 2361; x_wconf 82' lang='lat' dir='ltr'>celebrari.</span> 
     </span>
     <span class='ocr_line' id='line_1_37' title="bbox 303 2371 1739 2421; baseline 0.001 -16"><span class='ocrx_word' id='word_1_333' title='bbox 303 2371 460 2418; x_wconf 82' lang='lat' dir='ltr'><strong>(XVII.)</strong></span> <span class='ocrx_word' id='word_1_334' title='bbox 491 2374 600 2407; x_wconf 87' lang='lat' dir='ltr'>Porro</span> <span class='ocrx_word' id='word_1_335' title='bbox 621 2374 820 2408; x_wconf 82' lang='lat' dir='ltr'>notandum</span> <span class='ocrx_word' id='word_1_336' title='bbox 842 2381 919 2416; x_wconf 84' lang='lat' dir='ltr'>est,</span> <span class='ocrx_word' id='word_1_337' title='bbox 950 2375 1067 2421; x_wconf 90' lang='lat' dir='ltr'>quod,</span> <span class='ocrx_word' id='word_1_338' title='bbox 1092 2387 1170 2408; x_wconf 89' lang='lat' dir='ltr'><strong><em>cum</em></strong></span> <span class='ocrx_word' id='word_1_339' title='bbox 1191 2376 1230 2408; x_wconf 89' lang='lat' dir='ltr'><strong><em>in</em></strong></span> <span class='ocrx_word' id='word_1_340' title='bbox 1250 2380 1370 2408; x_wconf 84' lang='lat' dir='ltr'>sancta</span> <span class='ocrx_word' id='word_1_341' title='bbox 1389 2385 1589 2419; x_wconf 84' lang='lat' dir='ltr'>magnaque</span> <span class='ocrx_word' id='word_1_342' title='bbox 1620 2373 1739 2407; x_wconf 89' lang='lat' dir='ltr'>domi-</span> 
     </span>
     <span class='ocr_line' id='line_1_38' title="bbox 305 2420 1742 2468; baseline 0.002 -17"><span class='ocrx_word' id='word_1_343' title='bbox 305 2420 387 2453; x_wconf 86' lang='lat' dir='ltr'>nica</span> <span class='ocrx_word' id='word_1_344' title='bbox 428 2420 501 2452; x_wconf 81' lang='lat' dir='ltr'>ritu</span> <span class='ocrx_word' id='word_1_345' title='bbox 536 2431 576 2453; x_wconf 83' lang='lat' dir='ltr'>ac</span> <span class='ocrx_word' id='word_1_346' title='bbox 602 2432 699 2454; x_wconf 83' lang='lat' dir='ltr'>more</span> <span class='ocrx_word' id='word_1_347' title='bbox 737 2433 843 2466; x_wconf 90' lang='lat' dir='ltr'>supra</span> <span class='ocrx_word' id='word_1_348' title='bbox 876 2423 1038 2468; x_wconf 84' lang='lat' dir='ltr'>exposito</span> <span class='ocrx_word' id='word_1_349' title='bbox 1073 2421 1296 2466; x_wconf 86' lang='lat' dir='ltr'>procedunt,</span> <span class='ocrx_word' id='word_1_350' title='bbox 1331 2432 1467 2467; x_wconf 81' lang='lat' dir='ltr'>suaque</span> <span class='ocrx_word' id='word_1_351' title='bbox 1502 2421 1679 2454; x_wconf 81' lang='lat' dir='ltr'>dibetesia</span> <span class='ocrx_word' id='word_1_352' title='bbox 1698 2421 1742 2454; x_wconf 88' lang='lat' dir='ltr'><strong><em>in.</em></strong></span> 
     </span>
     <span class='ocr_line' id='line_1_39' title="bbox 307 2465 1740 2515; baseline 0.002 -18"><span class='ocrx_word' id='word_1_353' title='bbox 307 2465 475 2499; x_wconf 91' lang='lat' dir='ltr'>cubiculo</span> <span class='ocrx_word' id='word_1_354' title='bbox 513 2466 681 2511; x_wconf 83' lang='lat' dir='ltr'>Daphnes</span> <span class='ocrx_word' id='word_1_355' title='bbox 729 2473 890 2508; x_wconf 84' lang='lat' dir='ltr'>mutant,</span> <span class='ocrx_word' id='word_1_356' title='bbox 934 2474 1123 2515; x_wconf 82' lang='lat' dir='ltr'>postquam</span> <span class='ocrx_word' id='word_1_357' title='bbox 1155 2474 1336 2502; x_wconf 77' lang='lat' dir='ltr'>senatores</span> <span class='ocrx_word' id='word_1_358' title='bbox 1373 2479 1495 2501; x_wconf 83' lang='lat' dir='ltr'>omnes</span> <span class='ocrx_word' id='word_1_359' title='bbox 1529 2469 1568 2501; x_wconf 89' lang='lat' dir='ltr'><strong><em>in</em></strong></span> <span class='ocrx_word' id='word_1_360' title='bbox 1596 2467 1740 2512; x_wconf 83' lang='lat' dir='ltr'>porticu</span> 
     </span>
     <span class='ocr_line' id='line_1_40' title="bbox 306 2513 1740 2560; baseline 0.001 -16"><span class='ocrx_word' id='word_1_361' title='bbox 306 2514 425 2556; x_wconf 79' lang='lat' dir='ltr'>magni</span> <span class='ocrx_word' id='word_1_362' title='bbox 458 2513 610 2547; x_wconf 89' lang='lat' dir='ltr'>triclinii</span> <span class='ocrx_word' id='word_1_363' title='bbox 632 2515 711 2548; x_wconf 80' lang='lat' dir='ltr'><strong><em>XIX</em></strong></span> <span class='ocrx_word' id='word_1_364' title='bbox 736 2515 964 2548; x_wconf 80' lang='lat' dir='ltr'>accubituum</span> <span class='ocrx_word' id='word_1_365' title='bbox 994 2521 1031 2549; x_wconf 85' lang='lat' dir='ltr'>et</span> <span class='ocrx_word' id='word_1_366' title='bbox 1054 2515 1236 2560; x_wconf 89' lang='lat' dir='ltr'>onopodio</span> <span class='ocrx_word' id='word_1_367' title='bbox 1287 2520 1549 2555; x_wconf 88' lang='lat' dir='ltr'>convenerunt,</span> <span class='ocrx_word' id='word_1_368' title='bbox 1583 2524 1740 2558; x_wconf 86' lang='lat' dir='ltr'>praepo-</span> 
     </span>
     <span class='ocr_line' id='line_1_41' title="bbox 308 2559 1740 2607; baseline 0.001 -16"><span class='ocrx_word' id='word_1_369' title='bbox 308 2559 370 2591; x_wconf 73' lang='lat' dir='ltr'>sni</span> <span class='ocrx_word' id='word_1_370' title='bbox 387 2560 560 2593; x_wconf 84' lang='lat' dir='ltr'>nominos</span> <span class='ocrx_word' id='word_1_371' title='bbox 581 2562 754 2594; x_wconf 84' lang='lat' dir='ltr'>monituri</span> <span class='ocrx_word' id='word_1_372' title='bbox 778 2562 925 2596; x_wconf 83' lang='lat' dir='ltr'>intrent.</span> <span class='ocrx_word' id='word_1_373' title='bbox 974 2562 1021 2595; x_wconf 90' lang='lat' dir='ltr'><strong><em>Hi</em></strong></span> <span class='ocrx_word' id='word_1_374' title='bbox 1053 2573 1116 2595; x_wconf 86' lang='lat' dir='ltr'><strong><em>sua</em></strong></span> <span class='ocrx_word' id='word_1_375' title='bbox 1137 2561 1300 2595; x_wconf 79' lang='lat' dir='ltr'>tzitzacia</span> <span class='ocrx_word' id='word_1_376' title='bbox 1326 2561 1484 2594; x_wconf 82' lang='lat' dir='ltr'>induunt</span> <span class='ocrx_word' id='word_1_377' title='bbox 1501 2571 1638 2607; x_wconf 88' lang='lat' dir='ltr'>perque</span> <span class='ocrx_word' id='word_1_378' title='bbox 1659 2571 1740 2592; x_wconf 81' lang='lat' dir='ltr'><strong><em>ma-</em></strong></span> 
     </span>
     <span class='ocr_line' id='line_1_42' title="bbox 309 2607 1739 2652; baseline 0.001 -15"><span class='ocrx_word' id='word_1_379' title='bbox 309 2617 417 2648; x_wconf 86' lang='lat' dir='ltr'>gnum</span> <span class='ocrx_word' id='word_1_380' title='bbox 453 2607 657 2640; x_wconf 76' lang='lat' dir='ltr'>accubitum</span> <span class='ocrx_word' id='word_1_381' title='bbox 687 2608 770 2641; x_wconf 81' lang='lat' dir='ltr'><strong><em>XIX</em></strong></span> <span class='ocrx_word' id='word_1_382' title='bbox 807 2610 1051 2643; x_wconf 86' lang='lat' dir='ltr'>accubitorum</span> <span class='ocrx_word' id='word_1_383' title='bbox 1091 2608 1188 2641; x_wconf 83' lang='lat' dir='ltr'>inter</span> <span class='ocrx_word' id='word_1_384' title='bbox 1217 2607 1388 2652; x_wconf 87' lang='lat' dir='ltr'>obsequia</span> <span class='ocrx_word' id='word_1_385' title='bbox 1416 2608 1593 2647; x_wconf 86' lang='lat' dir='ltr'>cubiculi,</span> <span class='ocrx_word' id='word_1_386' title='bbox 1634 2617 1739 2638; x_wconf 83' lang='lat' dir='ltr'>man-</span> 
     </span>
     <span class='ocr_line' id='line_1_43' title="bbox 309 2652 1739 2700; baseline 0.001 -18"><span class='ocrx_word' id='word_1_387' title='bbox 309 2652 516 2685; x_wconf 81' lang='lat' dir='ltr'>clavitarum</span> <span class='ocrx_word' id='word_1_388' title='bbox 535 2658 572 2686; x_wconf 82' lang='lat' dir='ltr'>ct</span> <span class='ocrx_word' id='word_1_389' title='bbox 592 2655 752 2699; x_wconf 84' lang='lat' dir='ltr'>corporis</span> <span class='ocrx_word' id='word_1_390' title='bbox 775 2655 981 2696; x_wconf 84' lang='lat' dir='ltr'>custodum,</span> <span class='ocrx_word' id='word_1_391' title='bbox 1018 2655 1081 2700; x_wconf 85' lang='lat' dir='ltr'><strong><em>qui</em></strong></span> <span class='ocrx_word' id='word_1_392' title='bbox 1105 2655 1150 2687; x_wconf 86' lang='lat' dir='ltr'><strong><em>ad</em></strong></span> <span class='ocrx_word' id='word_1_393' title='bbox 1173 2654 1336 2687; x_wconf 77' lang='lat' dir='ltr'>dextrum</span> <span class='ocrx_word' id='word_1_394' title='bbox 1360 2660 1397 2688; x_wconf 87' lang='lat' dir='ltr'>et</span> <span class='ocrx_word' id='word_1_395' title='bbox 1419 2655 1602 2688; x_wconf 78' lang='lat' dir='ltr'>sinistrum</span> <span class='ocrx_word' id='word_1_396' title='bbox 1623 2652 1739 2686; x_wconf 82' lang='lat' dir='ltr'>tricli-</span> 
     </span>
     <span class='ocr_line' id='line_1_44' title="bbox 310 2698 1740 2748; baseline 0.003 -19"><span class='ocrx_word' id='word_1_397' title='bbox 310 2698 364 2735; x_wconf 64' lang='lat' dir='ltr'><strong><em>nii</em></strong></span> <span class='ocrx_word' id='word_1_398' title='bbox 386 2698 481 2735; x_wconf 78' lang='lat' dir='ltr'>latus</span> <span class='ocrx_word' id='word_1_399' title='bbox 507 2705 615 2743; x_wconf 77' lang='lat' dir='ltr'>stant,</span> <span class='ocrx_word' id='word_1_400' title='bbox 640 2707 784 2744; x_wconf 80' lang='lat' dir='ltr'>exeunt,</span> <span class='ocrx_word' id='word_1_401' title='bbox 809 2707 845 2737; x_wconf 88' lang='lat' dir='ltr'>et</span> <span class='ocrx_word' id='word_1_402' title='bbox 868 2703 907 2738; x_wconf 84' lang='lat' dir='ltr'><strong><em>in</em></strong></span> <span class='ocrx_word' id='word_1_403' title='bbox 930 2702 1056 2738; x_wconf 70' lang='lat' dir='ltr'>dextra</span> <span class='ocrx_word' id='word_1_404' title='bbox 1073 2701 1225 2737; x_wconf 78' lang='lat' dir='ltr'>triclinii</span> <span class='ocrx_word' id='word_1_405' title='bbox 1245 2706 1346 2748; x_wconf 79' lang='lat' dir='ltr'>parte</span> <span class='ocrx_word' id='word_1_406' title='bbox 1374 2701 1412 2738; x_wconf 85' lang='lat' dir='ltr'><strong><em>in</em></strong></span> <span class='ocrx_word' id='word_1_407' title='bbox 1445 2700 1622 2737; x_wconf 76' lang='lat' dir='ltr'>deauratis</span> <span class='ocrx_word' id='word_1_408' title='bbox 1640 2709 1740 2745; x_wconf 80' lang='lat' dir='ltr'>gem-</span> 
     </span>
    </p>
   </div>
  </div>
 </body>
</html>
