1878 3112
363 119 477 173 806
647 138 1003 180 CONSTANTlNl
1032 127 1513 182 PORPHYROGENITI

358 238 425 282 κοὶ
447 243 636 296 κληρικοί
660 242 737 288 τοῦ
766 239 916 298 Φάρου
945 273 974 294 ,,
1003 241 1047 295 ε’,
1098 239 1139 283 οἱ
1174 225 1448 292 ὕποδιάκουες
1465 243 1548 299 ,τῆς
1565 241 1687 298 ἁγίας
1712 247 1791 299 Σο-

358 307 462 361 φίας
486 310 576 359 μιλ.
604 305 651 359 ς’,
681 304 721 347 οἱ
749 307 921 349 δεκανοί
944 300 1022 348 ἷτοῦ
1049 307 1314 365 πατριάρχου
1347 313 1438 363 μιλ.
1465 308 1500 351 δ’
1500 342 1516 364 ,
1549 305 1589 350 οἶ
1613 310 1789 365 διποτὰ-

354 388 432 425 ται,
446 375 535 424 μιλ.
558 371 607 426 γ’,
637 370 680 414 οἱ
704 374 780 428 τῆς
807 375 991 429 σπουδῆς
1017 377 1103 427 μιλ.
1130 370 1182 430 η’,
1212 371 1253 416 οἱ
1282 375 1356 429 τῆς
1381 364 1674 432 παρασπουδῆς
1698 382 1787 431 μιλ.

355 437 404 490 ε’,
435 436 476 479 οἷ
504 435 741 495 στράτωρες
769 441 850 481 τοῦ
875 438 1141 496 πατριάρχου
1169 443 1259 494 μιλ.
1287 442 1330 494 ε’,
1360 439 1402 484 οἱ
1429 438 1679 497 ἇναγνῶσται
1703 445 1785 487 τῶν

353 503 391 558 β’
420 500 665 559 ἑβδομάδωιὲ
691 538 718 558 „
750 502 801 558 α’,
828 510 916 558 μιλ.
937 505 985 560 ς’,
1015 504 1054 548 οῖ
1082 507 1244 560 ψάλται
1270 509 1344 562 τῆς
1371 504 1491 563 ἁγίας
1509 509 1658 564 Σοφίας
1675 542 1704 563 ,,
1731 507 1810 563 α’,5

153 574 442 626 Εᾱ.],.466μιλ.
471 568 518 624 ς’,
550 571 589 613 οἱ
616 570 926 628 σκευοφύλακες
943 605 971 626 ,,
993 572 1043 625 α’,
1074 573 1113 613 οἱ
1139 571 1342 630 ὑπουργοὶ
1371 574 1444 616 τοῦ
1471 575 1669 631 υόρθηκος
1695 578 1786 628 μιλ.

202 634 205 637 ’
354 635 406 690 δ’,
451 635 490 679 οἱ
519 635 728 693 ὄστιᾶριοι
755 640 835 679 τοῦ
872 636 991 694 ἁγίου
1036 641 1217 695 φρέατος
1259 643 1347 692 μιλ.
1373 637 1417 694 ε’,
1465 639 1503 683 οἱ
1526 640 1784 694 βαλανεὰδες

351 707 440 757 μιλ.
469 702 513 758 ε’,
554 702 595 745 οἱ
622 705 913 747 ἕπισκοπιανοί
934 710 1025 759 μιλ.
1053 705 1097 759 ε’,
1137 703 1160 746 ὅ
1191 703 1434 758 δομέστικος
1459 708 1532 751 τῶν
1559 703 1783 749 ὑποδιακό-

339 783 432 814 ’νων
458 774 550 824 μιλ.
577 769 624 824 ς’,
663 768 689 827 ἦ
714 771 911 827 ἐκκλησία
940 774 1025 814 τῶν
1052 769 1284 827 οἷκοιμήτων
1301 805 1329 826 ‚,
1359 771 1408 828 γ’,
1436 772 1464 829 ἧ
1492 773 1677 831 ᾆκλησία
1704 773 1782 815 τοῦ

349 839 518 894 Κυρίου
547 870 574 890 ,,
606 835 659 891 α’,
708 837 736 893 ἦ
764 838 960 894 ἐκκλησία
987 840 1064 880 τοῦ
1101 838 1220 893 ἁγίου
1249 837 1461 895 Στεφάνου
1489 840 1555 883 τοῦ
1575 837 1834 895 ἱπποδρο-ῐο

346 905 445 957 μίου
472 937 500 957 ,,
530 901 584 958 α’,
611 902 638 959 ἦ
666 905 863 959 ἐκκλησία
893 906 972 946 τοῦ
998 906 1184 961 σωτῆρος
1211 906 1284 947 τοῦ
1310 906 1499 962 σταυρίοι
1521 938 1549 959 ,,
1571 903 1624 959 α’,
1658 905 1687 960 ἦ
1713 906 1782 947 ἑκ-

346 972 495 1025 κλησία
523 971 608 1012 ταῖν
632 969 867 1012 Βασιλίδου
895 1003 926 1025 ,,
954 970 1005 1024 α’,
1045 971 1072 1027 ἦ
1101 972 1296 1026 ἐκκλησία
1324 972 1398 1013 τοῦ
1425 969 1532 1028 ἄγου
1561 970 1778 1028 Στεφάνου

343 1038 417 1092 τῆς
442 1037 619 1093 Δάφνης
650 1070 680 1091 ,,
711 1035 763 1090 α’,
790 1036 817 1093 ἦ
845 1039 1040 1093 ἐκκλησία
1069 1040 1144 1080 τοῦ
1171 1038 1291 1093 ἁγίου
1321 1037 1482 1094 Σεργώῑ
1506 1035 1582 1079 καὶ
1602 1037 1777 1090 Βάκχου

343 1137 370 1156 ,,
394 1100 443 1156 α’,
480 1102 507 1158 ἦ
537 1104 733 1158 ἐκκλησία
761 1105 836 1159 τῆς
860 1106 994 1160 μονῆς
1019 1105 1101 1146 τοῦ
1128 1101 1368 1148 Πελεκάνου
1391 1138 1418 1158 ,,
1447 1106 1486 1156 a}
1525 1100 1552 1159 ἧ
1581 1103 1777 1158 ἐκκλησία

343 1171 420 1210 τοῦ
448 1168 568 1223 ἁγίου
602 1170 823 1224 Θεοδώρου
842 1203 870 1223 ‚‚
890 1168 942 1223 α’,
982 1169 1009 1225 ἤ
1039 1171 1235 1226 ἐκκλησία
1271 1171 1350 1213 τοῦ
1377 1168 1487 1226 ἁγία)
1518 1167 1830 1211 Καλλινύιουιό

256 1288 259 1290 ¹
343 1268 369 1287 ‚‚
395 1231 446 1288 α’,
491 1234 518 1290 ἦ
550 1235 738 1276 διακονία
764 1236 846 1276 τῶν
877 1237 1107 1292 Ου’ρβικίου
1127 1270 1154 1288 ,,
1180 1235 1231 1290 α’,
1278 1236 1302 1291 ἦ
1333 1234 1512 1278 διακονία
1547 1236 1626 1276 τοῦ
1653 1232 1775 1289 ἁγίου

303 1299 576 1354 BMwm'ov’„
603 1298 654 1354 α’,
683 1300 710 1355 ἦ
740 1301 936 1355 ἐκκλησία
963 1304 1043 1343 τοῦ
1075 1301 1196 1357 ἁγίου
1226 1302 1472 1357 Παγχαρίου
1502 1333 1531 1354 „
1556 1299 1610 1342 α’.
1665 1296 1776 1353 ἁμοῦ

337 1365 521 1423 χρυσίου
549 1399 577 1419 ‚,
603 1367 680 1420 κδ’,
709 1365 785 1407 καί
810 1365 882 1407 διὰ
909 1371 996 1420 μιλ.
1027 1401 1054 1421 ‚,
1082 1367 1126 1421 ε’,
1150 1371 1239 1421 μιλ.
1267 1364 1317 1422 η’.
1344 1369 1417 1410 καὶ
1443 1365 1540 1420 ῖμοῦ
1568 1364 1639 1407 διὰ
1666 1381 1774 1422 χρυ-

340 1432 432 1476 σίου
460 1432 534 1475 καί
555 1436 646 1486 μιλ.
672 1464 700 1485 ‚‚
729 1430 808 1486 23¹,
834 1435 925 1486 μιλ.
952 1431 1001 1489 η’.
1049 1435 1124 1476 καὶ
1149 1433 1253 1486 ὁμοῦ
1280 1432 1328 1474 τὸ
1358 1429 1567 1486 πᾶνξέξοδ.
1593 1432 1699 1488 λίτρ.
1729 1428 1773 1485 ε’,

338 1533 367 1554 ‚,
390 1497 470 1553 μζ,
513 1500 588 1541 καί
613 1499 765 1555 α’ναπρ.
793 1531 822 1552 ,,
859 1497 929 1540 κε’.
984 1497 1096 1542 ἔστιν
1125 1501 1171 1544 δὲ
1198 1501 1271 1542 καί
1297 1498 1323 1556 ἡ
1352 1495 1518 1554 διαιομῆ
1545 1498 1629 1541 τῶν
1661 1496 1717 1540 π’.
1740 1511 1825 1552 „20

339 1567 421 1608 τῶν
448 1565 590 1623 ὄψικρ.
620 1567 697 1608 τοῦ
724 1566 944 1623 πατρικίου
973 1570 995 1591 ³*
1023 1570 1043 1590 ⁴*
1071 1570 1094 1592 θ

336 1740 424 1773 item
455 1750 555 1773 num.
586 1752 627 1785 ¹3
665 1741 870 1786 imperiales
903 1741 1026 1775 clerici
1053 1739 1157 1774 Phari
1183 1750 1347 1773 nummos
1373 1739 1407 1774 5r
1431 1736 1696 1782 hypodiacones
1730 1737 1766 1771 S.

336 1786 496 1830 Sophiae
520 1787 595 1820 mil.
615 1789 655 1831 63
686 1788 815 1821 decani
839 1788 1062 1834 patriarchae
1087 1787 1164 1820 mil.
1185 1787 1226 1830 43
1253 1784 1405 1832 deputat'
1429 1784 1504 1818 mii.
1523 1786 1570 1829 33
1595 1783 1765 1817 monachi

338 1833 477 1878 Spudes
515 1834 589 1866 mil.
616 1836 655 1877 85
694 1835 863 1869 monachi
897 1835 1116 1881 Paraspudes
1155 1835 1231 1867 mil.
1262 1835 1304 1876 53
1352 1837 1507 1866 stratores
1541 1830 1764 1876 patriarchae

334 1881 410 1912 mil.
436 1881 476 1924 53
507 1886 723 1927 anagnostae
747 1882 899 1916 duarum
926 1883 1205 1927 septimanarum
1228 1892 1323 1914 num.
1354 1892 1378 1921 1,
1396 1879 1472 1914 mil.
1493 1881 1536 1922 6;
1564 1878 1702 1924 psaltae
1727 1878 1761 1911 S.

335 1927 494 1971 Sophiae
519 1940 616 1961 num.
647 1940 683 1970 1,
707 1929 787 1965 mil.
812 1931 853 1974 63
906 1929 1184 1975 sceuophylaces
1208 1939 1306 1961 num.
1335 1938 1374 1967 ι;
1399 1926 1556 1959 ministri
1581 1923 1762 1958 nai-thecis

333 1974 413 2010 mil.
441 1974 481 2018 43
511 1975 652 2009 ostiarii
676 1977 790 2010 sancti
812 1977 916 2021 putei
939 1977 1013 2010 mil.
1041 1978 1083 2020 5;
1125 1974 1335 2009 balantades
1362 1972 1428 2006 nil.
1454 1974 1495 2016 33
1538 1971 1762 2016 episcopiani

332 2021 407 2053 mil.
434 2022 494 2062 ὃς»
522 2021 739 2057 domesticus
764 2023 1098 2068 hypodiaconorum
1130 2022 1206 2055 mil.
1232 2023 1275 2065 6;
1322 2019 1462 2054 eclesia
1487 2018 1763 2052 Acoemetorum

332 2078 432 2101 num.
461 2069 500 2110 33
531 2070 682 2112 ecclesia
706 2070 853 2103 Domini
878 2081 976 2104 num.
1006 2083 1042 2114 ¹3
1079 2069 1230 2104 ecclesia
1259 2070 1292 2103 S.
1319 2066 1484 2111 sephani
1507 2068 1548 2101 in
1573 2067 1668 2099 circo
1690 2076 1762 2098 nu-

334 2114 452 2148 mism.
482 2126 493 2147 1
516 2127 524 2157 3
551 2117 702 2150 ecclesia
729 2116 924 2151 salvatoris
950 2128 1030 2151 cum
1055 2117 1267 2161 cognomine
1294 2113 1418 2149 Stairii
1442 2123 1539 2146 num.
1570 2124 1606 2154 1;
1642 2110 1761 2144 eccle-

332 2161 386 2193 sia
410 2164 620 2196 monasterii
647 2163 830 2197 Basilidae
854 2176 950 2197 uum.
979 2177 1015 2207 ¹3
1042 2163 1193 2197 ecclesia
1218 2163 1252 2196 S.
1278 2159 1440 2205 Stephani
1464 2157 1634 2203 Daphnes
1659 2168 1759 2191 num.

337 2218 376 2251 ις
403 2207 552 2241 ecclesia
574 2209 609 2246 S.
635 2210 750 2253 Sergii
776 2215 813 2243 et
837 2211 967 2243 Bacchi
992 2221 1088 2242 num.
1121 2221 1130 2243 ι
1152 2221 1161 2250 ;
1192 2209 1335 2242 ecclesia
1355 2205 1566 2238 monasterii
1590 2204 1759 2238 Pelecani

330 2265 368 2291 n.
398 2265 433 2297 ¹3
459 2255 609 2288 ecclesia
635 2256 668 2289 S.
695 2255 880 2289 Theodori
905 2269 938 2289 n.
969 2268 1007 2298 ¹3
1033 2255 1184 2289 ecclesia
1208 2255 1240 2288 S.
1267 2251 1427 2288 calinici
1450 2255 1487 2285 n.'
1519 2263 1557 2295 ¹3
1589 2250 1758 2285 diaconia

329 2300 388 2333 vel
428 2297 639 2335 diaconatus
679 2307 742 2336 aut
776 2302 1017 2336 ministerium
1059 2302 1332 2336 ecclesiasticum
1370 2298 1582 2332 monasterii
1616 2297 1759 2332 Urbicii

330 2358 426 2380 num.
458 2360 493 2391 ¹3
545 2349 711 2382 diaconia
738 2349 771 2382 S.
796 2349 908 2383 Mucii
939 2360 1035 2382 num.
1068 2361 1106 2392 ις
1152 2349 1301 2383 ecclesia
1321 2346 1354 2380 S.
1382 2345 1570 2379 Panchai-ii
1600 2356 1698 2378 num.
1726 2357 1756 2378 1.

329 2393 450 2428 Habes
477 2397 695 2430 numismata
719 2396 836 2429 solida
865 2395 908 2440 24
923 2421 933 2437 ‚
960 2402 998 2430 et
1020 2397 1093 2433 alia
1117 2396 1138 2430 5
1163 2408 1183 2430 e
1206 2393 1403 2429 miliaresiis
1428 2391 1642 2437 computatis
1667 2401 1755 2424 con-

328 2441 425 2475 fecta
449 2453 520 2475 una
545 2453 624 2476 cum
646 2443 720 2476 mil.
748 2444 780 2476 8.
829 2445 870 2476 In
894 2454 1031 2481 summa
1059 2455 1156 2476 num.
1183 2455 1238 2489 29,
1265 2441 1331 2477 nil.
1360 2442 1391 2474 8.
1440 2440 1538 2473 Haec
1562 2449 1699 2472 summa
1723 2438 1756 2471 si

326 2489 631 2533 praecedentibus
655 2489 820 2530 addatur,
847 2497 1004 2535 emerget
1023 2501 1256 2536 expensarum
1276 2497 1458 2521 numerus:
1490 2486 1596 2526 litrae
1624 2485 1656 2526 5,
1679 2496 1754 2518 nu-

328 2536 448 2573 mism.
470 2536 527 2582 47.
574 2538 623 2572 Ut
651 2537 741 2572 adeo
773 2536 820 2570 ad
855 2536 1085 2582 complendas
1122 2549 1183 2573 sex
1216 2537 1310 2571 litias
1347 2533 1529 2579 supersint
1559 2530 1676 2585 adhuc
1707 2531 1752 2566 25

329 2583 496 2620 numism.
525 2581 631 2630 [quae
654 2584 822 2619 videntur
846 2584 1060 2630 praepositis
1086 2585 1254 2628 cessisse3
1283 2586 1325 2614 ut
1350 2582 1458 2615 etiam
1474 2605 1483 2619 2
1507 2589 1600 2625 quae
1626 2589 1665 2611 1¹²
1689 2589 1758 2611 ΞΠ*

327 2630 535 2674 perioribus
571 2632 747 2676 computis
787 2631 1038 2665 desiderantur
1068 2632 1115 2664 ad
1140 2628 1362 2676 complendas
1396 2637 1549 2661 summas
1574 2629 1678 2665 octo,
1717 2629 1754 2657 et

331 2674 500 2720 deinceps
538 2684 675 2722 septem
707 2677 900 2725 litrarum].
947 2679 1078 2712 Fiebat
1103 2682 1222 2729 autern
1241 2674 1452 2711 distributio
1479 2673 1661 2719 octoginta
1685 2681 1754 2706 nu-

329 2723 533 2758 mismatum
563 2725 819 2772 obsequiorum
847 2726 992 2771 patricii
1017 2725 1156 2760 sic.***
