1878 3112
409 153 483 194 ma
521 150 782 194 cmmou.
822 148 1005 190 AULAE
1043 149 1267 191 BYzANT.
1306 151 1341 190 1.
1369 152 1438 200 89.
1538 130 1652 197 403

211 253 348 312 ἐρωτᾷ
386 249 516 296 αὗτὸν
543 249 565 294 ὃ
589 250 819 308 μάγιστρος
859 249 941 307 πρό
970 251 1135 294 πάντων
1175 254 1273 307 περὶ
1298 252 1374 306 τῆς
1399 247 1549 306 ὑγείας
1577 251 1692 294 τοῦθ

209 322 416 373 βασιλέως
441 319 578 360 αὐτοῦ
593 351 608 372 ,
650 316 795 360 ἔπειτα
831 318 904 359 καί
939 316 1039 373 περὶ
1061 319 1147 359 τῶν
1171 318 1323 360 τέκνων
1348 318 1428 359 τοῦ
1453 318 1659 370 βασιλέως

209 381 343 427 αὔτοῦ
367 386 442 426 καί
466 382 564 439 περὶ
589 384 673 426 τῶν
713 381 932 438 ἀρχόντων
973 384 1047 425 καί
1079 385 1179 439 περί
1211 384 1286 437 τῆς
1321 378 1454 426 αὖτοῧ
1481 381 1556 424 καί
1581 383 1660 424 τοῦ

210 449 327 492 οἴκου
363 445 497 492 ati-rofi
524 449 694 503 ὑγείας,
735 451 806 490 καί
834 451 923 498 παῖς
948 444 1078 504 ἦλθε,
1127 449 1190 503 μή
1219 448 1269 491 τί
1298 464 1399 491 ποτε
1426 449 1472 490 ἐν
1496 449 1546 504 τῇ
1574 444 1660 505 ὁδῷ

182 512 412 570 5ἑσιάνθη,
438 513 498 570 μή
527 513 575 556 τί
595 531 694 556 ποτε
723 514 1014 572 παρελείφθη,
1042 513 1116 556 καί
1141 517 1251 568 λέγει
1278 511 1342 556 ὅτι
1380 511 1660 569 ,,ἒκελευ’σθη-

205 595 285 634 μεν
311 578 426 636 παρὰ
451 581 526 622 τοῦ
553 581 752 635 εὐσεβοῦς
779 578 897 636 ἡμῶν
945 580 1151 623 δεσπότου
1182 580 1320 623 πάντα
1344 581 1404 630 εἷς
1429 581 1661 635 θεραπείαν

206 660 287 688 σου
328 647 524 700 ποιῆσαι·
579 643 656 688 ἐὰν
682 641 759 688 οὖν
786 645 835 688 τί
853 659 954 688 ποτε
980 648 1270 702 παρελείφθη,
1313 648 1435 688 τοῦτο
1462 644 1660 702 ἡμέτερόν

206 711 322 754 ἔστιν
369 717 578 765 πταῖσμα.
631 710 706 754 καὶ
738 713 1064 767 παρακαλοῦμεν
1104 711 1217 765 ὑμᾶς
1257 712 1364 767 μήτε
1417 705 1659 767 λυπηθῆναι

205 778 315 833 μηδὲ
354 779 591 832 σιωπῆσαι,
628 773 734 820 ἄλλα
774 778 906 820 εἰπεῖν
944 777 1068 834 ἧμῖν,
1096 779 1166 819 ἵνα
1197 777 1421 832 διόρθωσις
1447 778 1657 832 γένηται.”

158 845 515 899 ιοπροσκυνοῧσιν
543 845 591 885 δὲ
615 841 687 886 τόν
712 843 939 899 μὰγιστρον
965 841 1040 885 καὶ
1074 842 1113 884 οἱ
1139 846 1228 896 μετ’
1255 841 1387 884 αὔτοῦ
1414 837 1528 892 ὄντες
1554 843 1659 884 πάν-

207 924 299 961 τες,
339 907 555 964 ῥίπτοντες
592 906 774 958 ἑαυτούς
810 909 882 951 ἐπὶ
915 910 993 950 τοῦ
1019 907 1220 965 ἐδάφους.
1275 909 1349 950 καί
1375 903 1445 950 ὅτε
1473 907 1572 965 δόξῃ
1601 910 1660 966 τῷ
1670 912 1702 946 D

205 977 381 1028 βασιλεῖ
409 975 615 1025 δέξασθαι
644 973 798 1028 αὔτὸν,
845 976 998 1027 πέμπει
1027 972 1051 1016 ὅ
1076 974 1307 1029 μάγιστρος
1331 975 1407 1016 καί
1433 975 1558 1029 δηλοῖ
1579 974 1660 1015 αὕ-

205 1040 266 1097 τῷ
304 1035 369 1082 ὅτι
422 1040 668 1094 ,,ἒκέλευσέν
703 1055 751 1082 σε
789 1037 812 1081 ὅ
841 1038 1040 1095 δεσπότης
1079 1041 1317 1082 εἷσελθεΐν.”
1375 1038 1458 1095 χρὴ
1499 1041 1548 1082 δὲ
1588 1038 1664 1082 καί

203 1103 278 1147 τὸν
304 1105 509 1161 δεσπότην
534 1108 582 1148 ἐν
619 1105 888 1162 Χαλκηδόνι,
929 1107 1003 1148 καί
1027 1107 1216 1148 ἐνταῦθα
1243 1106 1471 1160 ἐρχομένου
1499 1105 1636 1148 αὐτοῦ
1647 1141 1661 1160 ‚

162 1171 379 1224 ιΞπέμψαι
406 1172 668 1228 δηκουρίωνα
694 1171 770 1213 καὶ
794 1171 1074 1214 ἀσπάσασθαι
1100 1169 1232 1213 αὐτόν
1253 1170 1327 1212 καὶ
1351 1173 1559 1227 ἐρωτῆσαι
1588 1188 1662 1213 πε-

207 1235 256 1293 ρὶ
279 1238 353 1293 τῆς
384 1233 530 1292 ὑγείας
555 1239 633 1279 τοῦ
657 1239 863 1292 βασιλέως
890 1237 1043 1290 αὐτοῦ,
1085 1237 1159 1278 καί
1195 1237 1284 1285 πῶς
1311 1234 1436 1285 αὐτὸς
1463 1238 1663 1293 διεσώθη.

206 1299 315 1344 ἐπὰν
351 1303 400 1345 δὲ
436 1303 613 1358 δέχηται
648 1299 804 1358 αὗτόν,
842 1304 1002 1356 πέμπει
1037 1301 1120 1344 «ind
1151 1298 1230 1355 ὀψὲ
1258 1299 1282 1343 ὅ
1308 1301 1535 1358 μα’γιστρος
1561 1318 1663 1344 σου-

205 1369 468 1423 βαδιόυβαν,
512 1371 587 1411 καί
630 1370 756 1424 δηλοῖ
777 1369 894 1427 αὐτῷ
939 1366 1009 1410 ὅτι
1061 1369 1307 1421 ,,ἒκε’λευσε’ν
1333 1383 1381 1410 σε
1410 1366 1433 1408 ὅ
1459 1366 1853 1422 βασιλεὺςΕα.Ι,.235

208 1436 450 1490 προελθεῖν,
489 1437 562 1477 καί
588 1435 805 1491 πρόελθε.”
863 1437 936 1477 καί
962 1435 986 1476 ὁ
1016 1432 1216 1488 βασιλεὺς
1245 1433 1399 1486 ὁμοίως
1426 1435 1576 1485 πέμπει
1599 1435 1665 1474 δι-

156 1500 446 1556 αοκουρίωνα,
486 1503 559 1543 καί
595 1500 834 1553 ἀσπάζεται
874 1499 1027 1553 αὐτὸν,
1065 1499 1137 1541 καί
1168 1500 1291 1554 δηλοῖ
1314 1494 1430 1556 αὐτῷ
1455 1495 1518 1540 ὅτι
1573 1499 1810 1561 „15313459
1829 1513 1855 1559 b

262 1648 267 1650 ἡ
307 1634 359 1670 ¹7·
382 1623 535 1659 ΣΧΟΛ.
560 1622 791 1668 ὑποβόηθον.

216 1735 296 1769 eius
318 1735 487 1781 princeps
510 1737 651 1777 valeat,
683 1736 769 1770 dein
798 1736 890 1782 quid
912 1740 1020 1781 agant
1050 1735 1159 1769 liberi
1189 1734 1433 1779 principales,
1467 1737 1545 1766 tum
1568 1732 1659 1778 quid

218 1787 256 1815 et
274 1781 401 1828 quales
420 1782 499 1816 eius
521 1793 705 1828 proceres;
731 1795 840 1828 porro
861 1784 901 1817 in
935 1782 1071 1829 quibus
1106 1793 1226 1815 rerum
1252 1781 1332 1826 ipse
1362 1781 1502 1825 legatus
1537 1791 1659 1814 verse-

211 1831 293 1869 tur,
321 1834 358 1862 et
379 1830 564 1874 quomodo
585 1831 706 1864 valeat
721 1830 860 1863 familia
886 1831 985 1873 eius;
1011 1827 1195 1875 quomodo
1216 1829 1288 1861 iter
1314 1827 1532 1869 confecerit;
1564 1838 1654 1860 num

212 1873 482 1908 incommodum
503 1876 718 1911 damnumve
738 1877 939 1922 acceperit3
963 1888 1052 1909 num
1078 1875 1169 1921 quid
1193 1874 1398 1908 officiorum
1417 1874 1487 1918 ipsi
1509 1873 1656 1906 debito-

210 1933 291 1954 rum
314 1933 335 1954 a
358 1923 605 1965 nostratibus,
632 1924 777 1957 itineris
806 1923 1024 1963 comitibus,
1055 1921 1362 1968 praetermissum.
1410 1921 1484 1954 Nos
1504 1920 1654 1966 quidem

209 1966 287 2048 Sta
313 1967 424 2002 dehet
451 1970 621 2014 magister
647 1981 710 2004 eos
740 1981 878 2004 errores
912 1970 1105 2016 excusare)
1138 1970 1178 2001 in
1198 1967 1420 2001 mandatis'a
1442 1968 1504 2012 pio
1525 1972 1651 2000 nostro

246 2015 369 2048 omino
397 2014 618 2058 habuimus,
649 2018 772 2051 omnia
802 2019 843 2050 in
870 2018 1009 2050 cultum
1041 2014 1346 2060 commodumque
1378 2019 1483 2048 tuum
1515 2014 1645 2046 facere.

209 2059 251 2096 Si
271 2061 363 2108 quid
378 2062 490 2107 igitur
510 2074 636 2097 eorum
651 2065 947 2109 praetermissum
962 2063 1053 2104 fuit,
1075 2062 1241 2096 socordia
1260 2062 1440 2107 culpaque
1462 2072 1504 2094 ea
1529 2065 1652 2093 nostra

213 2113 290 2151 θεὶς
312 2119 551 2156 rogamusque
568 2116 605 2143 te
626 2112 848 2157 comitesque
871 2117 974 2152 ιιιοε,
1000 2110 1128 2144 nolitis
1150 2109 1244 2148 illud
1267 2119 1372 2153 aegre
1400 2108 1495 2141 ferre
1520 2113 1585 2140 aut
1601 2109 1652 2139 si-

210 2153 327 2188 lentio
345 2156 480 2200 celare3
505 2157 571 2190 sed
586 2157 759 2204 eloquere
776 2158 911 2199 libere,
938 2149 981 2191 tit
996 2158 1235 2203 imposterum
1254 2155 1447 2200 providere
1470 2160 1509 2188 et
1526 2163 1670 2187 eme-na

211 2199 300 2234 dare
326 2203 515 2237 commissa
546 2215 731 2250 queamus.
780 2207 934 2249 Legatus
961 2204 1008 2237 ad
1036 2204 1126 2237 hacc
1153 2203 1324 2248 magistro
1353 2203 1484 2247 gratias
1514 2202 1590 2245 agit
1614 2206 1652 2234 et

210 2249 484 2283 venerationem
508 2256 773 2285 commonstrat.
821 2253 907 2286 Eius
928 2252 1078 2284 comites
1099 2251 1238 2296 pariter
1256 2249 1466 2294 magistrum
1488 2248 1656 2283 humilli-

215 2302 276 2325 mo
298 2295 399 2328 cultu
431 2296 585 2331 adorant
615 2299 656 2332 in
674 2304 806 2332 terram
823 2299 1017 2343 provoluti.
1058 2299 1184 2343 Quum
1201 2297 1287 2330 dein
1306 2297 1521 2341 Imperatori
1537 2295 1655 2327 visum

215 2338 330 2373 fuerit
349 2340 506 2386 legatum
534 2355 655 2379 coram
687 2356 725 2378 se
748 2345 961 2386 admittere,
989 2345 1169 2390 significat
1193 2354 1234 2376 ea
1258 2343 1302 2376 de
1337 2354 1375 2376 re
1405 2343 1576 2386 magister
1602 2341 1656 2372 le-

215 2389 299 2429 gato
323 2396 389 2430 per
407 2388 622 2426 familiarem
649 2392 831 2438 quendam
863 2391 921 2426 his
946 2392 1083 2426 verbis:
1114 2391 1198 2426 Vult
1221 2392 1427 2437 Imperator·
1449 2398 1482 2423 te
1502 2389 1544 2421 in
1565 2399 1656 2421 con-

214 2439 372 2476 spectum
396 2445 499 2468 suum
521 2440 661 2474 venire.
709 2440 790 2485 Ipse
810 2445 933 2473 autem
957 2440 1158 2483 Imperator
1182 2436 1294 2471 debet
1323 2437 1461 2481 legato,
1491 2439 1564 2467 tam
1590 2432 1656 2463 ad-

214 2476 290 2530 huc·
307 2477 534 2519 Chalcedone
553 2486 696 2529 agenti,
746 2497 828 2518 uam
850 2487 889 2518 in
908 2485 1040 2519 Urbem
1055 2485 1203 2525 delato,
1228 2483 1462 2516 decurionem
1480 2481 1658 2512 immitte-

216 2533 255 2555 re
278 2529 559 2570 1nterrogatum,
584 2498 766 2578 quomodo
784 2533 905 2567 valeat
922 2533 1032 2567 herus
1052 2531 1166 2577 ipsius
1179 2556 1190 2571 ‚
1208 2534 1246 2563 et
1266 2527 1449 2576 quomodo
1472 2528 1549 2571 ipse
1570 2535 1657 2558 con-

218 2568 348 2603 ductus
374 2570 548 2608 hactenus
574 2577 697 2611 fuerit-
744 2579 903 2624 Quando
935 2584 1058 2612 autem
1084 2579 1125 2610 in
1158 2587 1203 2610 eo
1231 2577 1307 2609 iam
1324 2580 1399 2614 est,
1422 2579 1465 2606 ut
1496 2574 1656 2617 legatum

215 2625 335 2648 coram
355 2616 546 2662 admittat,
568 2627 655 2657 tunc
670 2631 795 2659 monet
814 2626 985 2671 magister
1001 2636 1042 2658 ea
1063 2624 1110 2657 de
1126 2633 1165 2656 re
1188 2623 1347 2668 legatum
1366 2620 1531 2666 proxime
1550 2629 1657 2664 prae-

215 2661 366 2715 “idem“
387 2676 536 2710 vespera
553 2679 618 2712 per
640 2671 879 2706 subadiuvam
902 2683 967 2704 scu
992 2671 1198 2704 adiutorem
1221 2668 1476 2702 secundarium
1497 2666 1553 2698 his
1575 2675 1657 2700 ver-

213 2707 291 2742 bis:
315 2709 449 2746 Ediaeit
467 2713 672 2760 Imperator·
687 2726 750 2759 ,ιιι
766 2730 888 2754 coram
916 2720 1059 2754 venias.
1111 2718 1227 2751 Tuum
1250 2726 1337 2761 ergo
1366 2724 1465 2749 nunc
1486 2721 1541 2749 cst
1562 2723 1658 2747 com-
