1832 3112
327 141 400 184 DE
439 137 700 184 OEnmorz.
731 134 913 178 AULAE
943 136 1168 180 nYzAm.
1205 140 1239 180 1.
1267 142 1335 184 ιο.
1493 141 1560 196 77

123 246 199 289 τοῦ
221 242 341 300 ἁγίου
359 244 404 286 Γ
398 239 621 300 ρηγορίου,
648 241 723 282 καί
750 236 938 295 ἅψαντες
955 237 1128 296 κηροῦς,
1165 239 1403 295 ἐξέρχονται
1421 234 1565 298 ἇμφό-

122 326 239 368 τεροι
262 305 300 364 δ’,
322 325 369 352 τε
391 305 592 363 βασιλεῦς
612 304 687 349 καὶ
707 302 1007 361 ὅπατριάρχης
1026 302 1099 347 διὰ
1119 306 1192 360 τῆς
1209 306 1432 362 ἀριστερᾶς
1456 311 1601 349 uta-c

120 377 217 431 γίας
243 377 321 418 τοῦ
341 371 644 428 θυσιαστηρίου
655 405 669 425 ,
698 373 772 413 καί
795 371 1051 426 ἀπέρχονται
1073 371 1119 412 ἐν
1140 373 1193 427 τῇ
1213 373 1324 430 σορῷ
1346 374 1421 415 τοῦ
1440 372 1560 427 ἁγίου

122 442 455 492 Κωνσταντίνου,
483 439 647 480 κάκεῖσε
673 436 891 491 εὐξάμενοι
899 470 912 490 ,
942 438 1016 478 καί
1036 432 1220 497 ἅψαντες
1245 438 1419 494 κηρούς,
1447 440 1562 495 ἐξέρ-

92 507 287 561 5χονται,
325 503 398 547 καὶ
425 501 679 560 ἇπέρχονται
710 505 756 546 ἐν
787 509 874 552 τοῖς
906 503 1058 558 τάφοις
1099 505 1183 546 τῶν
1223 503 1452 559 ἇγιοτάτων
1478 522 1561 547 πα-

117 572 332 629 τριαρχῶν
363 570 612 626 Νικηφόρον
638 570 712 612 καί
730 568 970 612 Μεθοδῗου·
1008 565 1128 623 ἅψας
1149 571 1197 612 δὲ
1221 570 1383 613 κάκεῖσε
1409 571 1560 628 κηρούς

117 633 143 678 ὅ
162 634 363 693 βασιλεὺς
383 637 457 678 καί
482 633 705 690 εὐξάμενος
713 669 728 689 ,
759 637 996 691 εἰσέρχεται
1028 635 1073 677 ἐν
1092 641 1179 685 τοῖς
1199 635 1351 694 τάφοις
1372 638 1453 680 τῶν
1478 641 1560 692 βα-

115 703 282 757 σιλέων,
310 703 384 744 καί
402 698 523 756 ἅψας
546 698 709 744 κᾶκεῖσε
733 700 901 758 κηρούς,
929 703 1182 757 ἐξέρχονται.
1226 704 1300 744 καί
1319 704 1560 759 διέρχονται

114 764 347 826 ἇμφότεροι
374 764 412 822 ὅ,
427 783 473 810 τε
492 765 692 822 βασιλεὺς
707 767 782 810 καί
802 765 825 809 ὅ
847 766 1114 823 πατριάρχης
1140 765 1210 809 διὰ
1233 769 1308 810 τοῦ
1330 765 1624 825 ἇριστεροῦΜε.
1639 776 1692 822 48.
1708 789 1728 810 a

63 833 270 891 ιομέρους
292 834 367 877 τοῦ
389 834 495 876 ναοῦ
504 866 518 887 ,
559 827 796 888 ἤγουν-τοῦ
819 831 1079 887 γυναικίτου,
1108 828 1279 890 ιῖντικρυ
1308 836 1385 876 τοῦ
1406 837 1561 878 θυσια-

114 898 312 954 στηρίου,
344 897 419 942 καὶ
445 901 806 955 προσκυνήσαντες
832 896 1066 954 ἀμφότεροι
1090 899 1293 955 ἀλλήλους
1317 900 1340 942 ὅ
1358 901 1559 955 βασιλεῦς

115 963 191 1008 καί
203 964 228 1006 ὅ
247 962 519 1022 πατριάρχης,
543 961 798 1021 ὗποστρέφει
813 962 920 1021 πρὸς
935 961 981 1006 τὸ
1003 965 1214 1007 ἐκτελέσαι
1235 964 1308 1021 τὴν
1330 965 1453 1009 θείαν
1468 970 1560 1008 ’λει-

113 1029 326 1088 τουργίαν,
349 1027 371 1072 ὅ
394 1031 441 1072 δὲ
463 1028 662 1083 βασιλεῦς
678 1030 888 1086 διέρχεται
905 1028 975 1072 διὰ
999 1031 1075 1072 τοῦ
1091 1033 1330 1085 γυναικίτου
1349 1033 1422 1073 καί
1440 1033 1598 1088 ἐξέρ-Ῑ)

110 1111 236 1150 χεται
257 1097 318 1146 εἷς
339 1093 414 1137 τὸν
438 1092 644 1151 νάρθηκα,
671 1096 745 1137 καί
764 1095 953 1146 ἐκκλίνας
972 1093 1076 1151 πρὸς
1098 1094 1146 1138 τὸ
1170 1098 1216 1148 ἐξ
1237 1095 1461 1153 ἀριστερᾶς
1475 1100 1555 1151 μέ-

65 1161 188 1218 ιόρος
211 1161 287 1204 τοῦ
312 1162 525 1216 λουτῆρος,
553 1159 596 1202 οἱ
620 1162 700 1214 μὲν
727 1161 938 1218 πατρίκιοι
965 1163 1158 1204 ἵστανται
1185 1160 1343 1214 ἔξωθεν
1370 1166 1446 1220 τῆς
1473 1164 1554 1206 πύ-

110 1231 188 1282 λης
207 1228 285 1268 τοῦ
311 1228 498 1281 κοχλιοῦ,
524 1225 854 1282 ὕπερευχόμενοι
880 1223 954 1269 τὸν
980 1228 1172 1282 βασιλέα.
1228 1227 1250 1271 ὃ
1279 1230 1326 1270 δὲ
1351 1229 1553 1283 βασιλεύς

111 1290 432 1348 δηριγευόμενος
459 1291 541 1334 ὖπὸ
568 1295 652 1335 τῶν
680 1289 900 1349 ἀρχόντων
927 1295 1007 1335 τοῦ
1034 1295 1354 1349 κουβουκλείου,
1382 1299 1552 1338 σπαθα-

110 1359 423 1414 ροκανδιδάτων
459 1358 533 1401 καί
568 1358 641 1402 ἐπὶ
675 1360 760 1402 τῶν
801 1361 1017 1402 οἷκειακῶν
1044 1359 1118 1402 καί
1153 1363 1238 1402 τῶν
1265 1361 1338 1403 ε’πί
1363 1363 1442 1402 τοῦ
1465 1379 1551 1415 μα-

108 1423 284 1478 γλαβιόυ
323 1423 397 1467 καί
435 1427 618 1479 λοιπῶν,
661 1424 883 1479 ἀνέρχεται
924 1424 994 1467 διά
1036 1427 1112 1468 τοῦ
1149 1426 1287 1467 αὐτοῦ
1326 1427 1551 1483 ἀριστεροῦ

54 1491 281 1544 αοκοχλιοῦ
307 1491 353 1532 ἐν
379 1498 468 1541 τοῖς
495 1497 659 1541 σεπτοῖς
684 1492 1062 1547 κατηχουμενείοις,
1088 1491 1141 1533 τὰ
1172 1493 1217 1534 δὲ
1244 1494 1353 1548 βῆλα
1374 1492 1426 1534 τά
1453 1509 1550 1548 κρε-

107 1557 279 1609 μαμένα
317 1556 363 1599 ἒν
397 1562 484 1606 τοῖς
522 1556 885 1612 κατηχουμενείοις
922 1555 1194 1612 σιλεντιάριοι
1239 1560 1433 1611 ποιοῦσι,
1477 1560 1551 1600 καί

107 1615 306 1663 ἀπελθών
333 1622 502 1663 ἵσταται
529 1623 574 1664 ἐν
601 1628 686 1671 τοῖς
714 1624 861 1673 δεξιοῖς
884 1622 1052 1678 μέρεσι,
1091 1620 1196 1664 ἔνθα
1223 1621 1406 1664 εἴθισται
1434 1623 1549 1681 αὐτῷ

107 1687 206 1727 καθ’
228 1684 406 1742 ἑκάστην
433 1689 678 1743 προέλευσιν
704 1688 932 1740 ἵστασθαι,
970 1687 1045 1728 καί
1067 1691 1183 1729 τελεῖ
1212 1686 1288 1743 τὴν
1314 1690 1436 1730 θείαν
1460 1693 1549 1730 λει-

107 1752 328 1806 τουργίαν,
358 1751 398 1793 οἱ
426 1753 474 1794 δὲ
500 1754 712 1809 πατρίκιοι
738 1752 812 1795 καί
837 1753 877 1795 οἱ
903 1752 1126 1809 στρατηγοὶ
1151 1751 1346 1810 ἔρχονται
1373 1748 1668 1798 ῧπισθενΕᾱ.ι.
1684 1766 1720 1810 17

204 1850 442 1943 ι6.μΞοχλί3υ
460 1850 516 1886 ed.
609 1863 664 1887 ao.
686 1852 778 1898 βῆλα
800 1843 847 1887 τὰ
872 1851 1118 1900 κρεμμάμενα
1141 1852 1231 1895 cod„
1255 1853 1348 1899 βιῖλα
1370 1864 1548 1902 κατακρε-

198 1908 256 1944 pa
305 1908 352 1932 να
376 1909 396 1931 e
426 1925 436 1934 ,
1366 1926 1374 1930 .

75 1983 77 1985 ’
108 1975 294 2010 sinistrum
315 1977 461 2010 sacrarii
486 1977 580 2011 latus
599 1977 855 2024 egrediuntur,
888 1978 1076 2026 sanctique
1094 1978 1323 2015 Constantini
1342 1982 1546 2027 sepulcrum

105 2028 262 2069 petunt,
287 2022 354 2057 ubi
381 2025 517 2068 pariter
542 2037 622 2058 cum
649 2026 760 2059 cereis
791 2027 949 2059 accensis
978 2027 1140 2071 precati,
1172 2027 1362 2062 discedunt
1389 2028 1435 2062 ad
1459 2041 1544 2063 san-

107 2070 346 2104 ctissimorum
366 2070 671 2114 patriarcharum,
697 2072 893 2117 Nicephori
922 2078 960 2106 et
980 2073 1181 2114 Methodii,
1204 2076 1366 2119 sepulcra
1387 2075 1543 2110 abituri:

106 2115 174 2150 ubi
194 2117 389 2161 imperator
418 2123 610 2164 postquam
638 2131 717 2153 cum
746 2120 859 2153 cereis
880 2118 1091 2153 ardentibus
1114 2126 1277 2164 precatus
1301 2127 1373 2163 est,
1410 2133 1543 2156 monu-

103 2167 231 2197 menta
258 2163 516 2207 Imperatorum
546 2166 681 2207 intrat,
718 2171 755 2199 et
777 2166 832 2200 ibi
890 2177 1010 2213 noque
1040 2168 1151 2200 cereis
1180 2169 1360 2209 accensis,
1393 2169 1540 2203 abeunt.

105 2209 197 2243 Inde
226 2214 399 2255 uterque,
429 2211 627 2256 Imperator
658 2218 695 2246 et
719 2179 946 2257 patriarctina,
979 2224 1046 2258 per
1074 2214 1260 2247 sinistrum
1288 2216 1383 2248 latus
1411 2217 1540 2260 templi

105 2266 171 2289 seu
195 2266 414 2300 gynaeceum
441 2259 596 2292 sacrario
625 2259 816 2293 obversum
839 2265 1044 2301 transeunt,
1077 2266 1114 2293 et
1134 2267 1323 2307 postquam
1351 2273 1389 2295 se
1414 2268 1539 2295 mutua

105 2301 317 2336 adoratione
343 2303 569 2346 salutarunt,
607 2305 811 2351 patriarcha
845 2306 890 2339 ad
912 2306 1077 2339 divinum
1105 2306 1256 2340 officium
1283 2309 1538 2342 celebrandum

104 2347 223 2390 redit3
249 2349 444 2394 Imperator
461 2356 581 2385 autem
603 2364 668 2396 per
689 2364 906 2398 gynaeceum
927 2351 1135 2386 narthecem
1155 2355 1287 2395 intrat,
1309 2355 1467 2400 dumque
1491 2354 1538 2388 ad

104 2394 291 2428 sinistrum
320 2395 526 2441 baptisterii
552 2398 644 2432 latus
675 2399 854 2440 declinat,
898 2399 1041 2445 patricii
1071 2405 1169 2433 extra
1198 2407 1340 2445 portam
1370 2401 1537 2435 cochleae

104 2440 226 2474 fausta
252 2441 464 2486 Imperatori
482 2451 715 2490 apprecantes
734 2445 884 2480 adstant.
934 2445 1008 2492 Qui
1031 2457 1051 2478 a
1070 2447 1261 2490 praefectis
1281 2448 1439 2481 cubiculi
1452 2459 1537 2492 spa-

103 2485 410 2522 tharocandidatis
434 2495 471 2523 et
490 2490 719 2533 domesticis,
754 2498 830 2526 tum
859 2492 1116 2526 manuclavatis
1144 2495 1347 2540 ceterisque
1370 2495 1538 2538 stipatus,

103 2543 172 2586 per
195 2533 345 2567 eandem
371 2535 551 2570 sinistram
578 2537 784 2580 cochleam,
819 2539 865 2573 ad
902 2544 1004 2584 septa
1033 2539 1288 2574 catechumena
1319 2541 1417 2580 abit,
1451 2540 1538 2574 dum

103 2580 252 2613 interim
277 2581 468 2614 silentiarii
490 2583 528 2616 in
555 2585 821 2619 catechumenis
848 2586 927 2618 vela
946 2585 1192 2629 suspendunt,
1219 2592 1256 2619 et
1281 2592 1471 2631 postquam
1492 2599 1535 2622 eo

102 2626 225 2666 venit,
251 2625 290 2659 iu
313 2625 448 2661 dextris
469 2629 631 2673 partibus
646 2657 656 2672 ‚
680 2631 744 2665 ubi
762 2633 802 2666 in
826 2632 976 2676 singulis
995 2632 1286 2676 processionibus
1309 2638 1404 2666 stare
1430 2634 1537 2675 solet,

103 2671 290 2712 subsistit,
313 2683 518 2720 sacramque
541 2675 725 2723 liturgiam
746 2677 926 2719 celebrat,
951 2679 1095 2723 patricii
1115 2690 1198 2712 vcro
1228 2683 1264 2712 et
1288 2681 1435 2724 strategi
1452 2686 1537 2726 post

102 2718 357 2765 Imperatorem
374 2731 441 2766 per
462 2720 611 2758 eandem
629 2723 810 2759 cochleam
826 2725 998 2766 veniunt,
1021 2730 1058 2759 et
1077 2735 1096 2759 e
1114 2726 1259 2771 regione
1279 2726 1422 2761 sacrarii
1430 2750 1445 2769 ,
1469 2728 1534 2762 ubi
