<?xml version="1.0" encoding="UTF-8"?>
<!DOCTYPE html PUBLIC "-//W3C//DTD XHTML 1.0 Transitional//EN"
    "http://www.w3.org/TR/xhtml1/DTD/xhtml1-transitional.dtd">
<html xmlns="http://www.w3.org/1999/xhtml" xml:lang="en" lang="en">
 <head>
  <title>
</title>
<meta http-equiv="Content-Type" content="text/html;charset=utf-8" />
  <meta name='ocr-system' content='tesseract 3.04.00' />
  <meta name='ocr-capabilities' content='ocr_page ocr_carea ocr_par ocr_line ocrx_word'/>
</head>
<body>
  <div class='ocr_page' id='page_1' title='image "./corpusscriptorum07niebuoft_0838.png"; bbox 0 0 1878 3112; ppageno 0'>
   <div class='ocr_carea' id='block_1_1' title="bbox 274 130 1434 216">
    <p class='ocr_par' dir='ltr' id='par_1_1' title="bbox 274 130 1434 216">
     <span class='ocr_line' id='line_1_1' title="bbox 274 130 1434 216; baseline -0.01 -11"><span class='ocrx_word' id='word_1_1' title='bbox 274 159 380 216; x_wconf 84' lang='lat'><strong>772</strong></span> <span class='ocrx_word' id='word_1_2' title='bbox 465 151 470 165; x_wconf 76' lang='lat'><strong><em>¹</em></strong></span> <span class='ocrx_word' id='word_1_3' title='bbox 549 152 909 199; x_wconf 67' lang='lat' dir='ltr'><strong>consrmrlm</strong></span> <span class='ocrx_word' id='word_1_4' title='bbox 949 130 1434 196; x_wconf 64' lang='lat' dir='ltr'><strong>PonrnmoGi-„Nrri</strong></span> 
     </span>
    </p>
   </div>
   <div class='ocr_carea' id='block_1_2' title="bbox 71 254 1771 1830">
    <p class='ocr_par' dir='ltr' id='par_1_2' title="bbox 71 254 1771 1830">
     <span class='ocr_line' id='line_1_2' title="bbox 267 254 1708 314; baseline -0.005 -11"><span class='ocrx_word' id='word_1_5' title='bbox 267 254 321 303; x_wconf 86' lang='grc' dir='ltr'><strong>τα</strong></span> <span class='ocrx_word' id='word_1_6' title='bbox 349 257 480 302; x_wconf 73' lang='grc' dir='ltr'><strong><em>τόπον</em></strong></span> <span class='ocrx_word' id='word_1_7' title='bbox 506 259 579 314; x_wconf 75' lang='grc' dir='ltr'><strong>τῆς</strong></span> <span class='ocrx_word' id='word_1_8' title='bbox 611 257 778 313; x_wconf 79' lang='grc' dir='ltr'><em>πρώτης</em></span> <span class='ocrx_word' id='word_1_9' title='bbox 820 256 994 312; x_wconf 80' lang='grc' dir='ltr'><strong><em>ἡμέρας.</em></strong></span> <span class='ocrx_word' id='word_1_10' title='bbox 1051 256 1125 297; x_wconf 75' lang='grc' dir='ltr'><strong>ἐπὶ</strong></span> <span class='ocrx_word' id='word_1_11' title='bbox 1159 256 1207 298; x_wconf 77' lang='grc' dir='ltr'><strong>δὲ</strong></span> <span class='ocrx_word' id='word_1_12' title='bbox 1233 256 1315 298; x_wconf 76' lang='grc' dir='ltr'><strong>τῶν</strong></span> <span class='ocrx_word' id='word_1_13' title='bbox 1348 254 1457 297; x_wconf 80' lang='grc' dir='ltr'><strong><em>κάτω</em></strong></span> <span class='ocrx_word' id='word_1_14' title='bbox 1493 254 1708 310; x_wconf 70' lang='grc' dir='ltr'><strong><em>τραπεζῶν</em></strong></span> 
     </span>
     <span class='ocr_line' id='line_1_3' title="bbox 252 317 1709 380; baseline -0.005 -11"><span class='ocrx_word' id='word_1_15' title='bbox 252 329 340 369; x_wconf 79' lang='grc' dir='ltr'><strong><em>’δεῖ</em></strong></span> <span class='ocrx_word' id='word_1_16' title='bbox 361 329 583 380; x_wconf 78' lang='grc' dir='ltr'><strong><em>συγκαλεῖν</em></strong></span> <span class='ocrx_word' id='word_1_17' title='bbox 605 320 706 368; x_wconf 58' lang='lat' dir='ltr'><strong>„dud</strong></span> <span class='ocrx_word' id='word_1_18' title='bbox 732 338 776 364; x_wconf 90' lang='grc' dir='ltr'><strong>τε</strong></span> <span class='ocrx_word' id='word_1_19' title='bbox 803 320 996 377; x_wconf 79' lang='grc' dir='ltr'><strong><em>κομήτων</em></strong></span> <span class='ocrx_word' id='word_1_20' title='bbox 1038 320 1113 364; x_wconf 79' lang='grc' dir='ltr'><strong>καὶ</strong></span> <span class='ocrx_word' id='word_1_21' title='bbox 1148 319 1388 376; x_wconf 79' lang='grc' dir='ltr'><strong><em>κεντάρχων</em></strong></span> <span class='ocrx_word' id='word_1_22' title='bbox 1412 322 1497 363; x_wconf 78' lang='grc' dir='ltr'><strong><em>τοῦ·</em></strong></span> <span class='ocrx_word' id='word_1_23' title='bbox 1517 317 1709 377; x_wconf 70' lang='grc' dir='ltr'><strong><em>ἇριθμοῦ</em></strong></span> 
     </span>
     <span class='ocr_line' id='line_1_4' title="bbox 268 383 1707 444; baseline -0.004 -10"><span class='ocrx_word' id='word_1_24' title='bbox 268 393 342 434; x_wconf 80' lang='grc' dir='ltr'><em>καί</em></span> <span class='ocrx_word' id='word_1_25' title='bbox 370 392 454 432; x_wconf 79' lang='grc' dir='ltr'><strong>τῶν</strong></span> <span class='ocrx_word' id='word_1_26' title='bbox 481 388 691 431; x_wconf 79' lang='grc' dir='ltr'><strong><em>ἱκανάτων</em></strong></span> <span class='ocrx_word' id='word_1_27' title='bbox 719 383 876 444; x_wconf 65' lang='grc' dir='ltr'><strong><em>ἄνδρας</em></strong></span> <span class='ocrx_word' id='word_1_28' title='bbox 902 387 979 441; x_wconf 85' lang='grc' dir='ltr'><strong><em>νδ’,</em></strong></span> <span class='ocrx_word' id='word_1_29' title='bbox 1009 388 1082 429; x_wconf 83' lang='grc' dir='ltr'>καί</span> <span class='ocrx_word' id='word_1_30' title='bbox 1105 388 1151 428; x_wconf 84' lang='grc' dir='ltr'><strong>ἐκ</strong></span> <span class='ocrx_word' id='word_1_31' title='bbox 1176 387 1261 429; x_wconf 77' lang='grc' dir='ltr'><strong>τῶν</strong></span> <span class='ocrx_word' id='word_1_32' title='bbox 1287 385 1546 444; x_wconf 79' lang='grc' dir='ltr'><strong><em>Βουλγάρων</em></strong></span> <span class='ocrx_word' id='word_1_33' title='bbox 1573 388 1707 443; x_wconf 83' lang='grc' dir='ltr'><strong><em>φίλων</em></strong></span> 
     </span>
     <span class='ocr_line' id='line_1_5' title="bbox 71 451 1710 514; baseline -0.004 -14"><span class='ocrx_word' id='word_1_34' title='bbox 71 465 254 502; x_wconf 74' lang='lat' dir='ltr'><strong>M³.255.a</strong></span> <span class='ocrx_word' id='word_1_35' title='bbox 268 454 519 514; x_wconf 68' lang='grc' dir='ltr'><strong><em>ἀνθρώπους</em></strong></span> <span class='ocrx_word' id='word_1_36' title='bbox 547 453 612 510; x_wconf 90' lang='grc' dir='ltr'><strong><em>ιη’·</em></strong></span> <span class='ocrx_word' id='word_1_37' title='bbox 643 452 844 508; x_wconf 84' lang='grc' dir='ltr'><strong><em>στιχίζειν</em></strong></span> <span class='ocrx_word' id='word_1_38' title='bbox 871 455 918 495; x_wconf 85' lang='grc' dir='ltr'><strong>δὲ</strong></span> <span class='ocrx_word' id='word_1_39' title='bbox 947 454 1018 495; x_wconf 82' lang='grc' dir='ltr'><strong><em>δεῖ·</em></strong></span> <span class='ocrx_word' id='word_1_40' title='bbox 1037 451 1135 503; x_wconf 75' lang='grc' dir='ltr'><strong><em>τούς</em></strong></span> <span class='ocrx_word' id='word_1_41' title='bbox 1161 451 1416 509; x_wconf 84' lang='grc' dir='ltr'><strong><em>Βουλγάρων</em></strong></span> <span class='ocrx_word' id='word_1_42' title='bbox 1459 452 1710 509; x_wconf 72' lang='grc' dir='ltr'><strong><em>ἀνθρώπους</em></strong></span> 
     </span>
     <span class='ocr_line' id='line_1_6' title="bbox 265 515 1736 578; baseline -0.005 -13"><span class='ocrx_word' id='word_1_43' title='bbox 265 525 338 568; x_wconf 76' lang='grc' dir='ltr'><strong>ἐπὶ</strong></span> <span class='ocrx_word' id='word_1_44' title='bbox 362 524 436 578; x_wconf 80' lang='grc' dir='ltr'><strong>τῆς</strong></span> <span class='ocrx_word' id='word_1_45' title='bbox 461 521 572 563; x_wconf 79' lang='grc' dir='ltr'><strong><em>κάτω</em></strong></span> <span class='ocrx_word' id='word_1_46' title='bbox 598 521 835 569; x_wconf 80' lang='grc' dir='ltr'><strong><em>τελευταίας</em></strong></span> <span class='ocrx_word' id='word_1_47' title='bbox 861 520 962 573; x_wconf 82' lang='grc' dir='ltr'><strong><em>μιᾶς</em></strong></span> <span class='ocrx_word' id='word_1_48' title='bbox 985 520 1191 576; x_wconf 81' lang='grc' dir='ltr'><strong><em>τραπέζης</em></strong></span> <span class='ocrx_word' id='word_1_49' title='bbox 1216 518 1400 572; x_wconf 81' lang='grc' dir='ltr'><strong><em>μόνους·</em></strong></span> <span class='ocrx_word' id='word_1_50' title='bbox 1456 517 1635 573; x_wconf 78' lang='grc' dir='ltr'><strong><em>εἰσάγειν</em></strong></span> <span class='ocrx_word' id='word_1_51' title='bbox 1661 515 1736 560; x_wconf 70' lang='grc' dir='ltr'><strong>δὲό</strong></span> 
     </span>
     <span class='ocr_line' id='line_1_7' title="bbox 268 583 1712 640; baseline -0.003 -9"><span class='ocrx_word' id='word_1_52' title='bbox 268 585 422 638; x_wconf 70' lang='grc' dir='ltr'><strong><em>αὐτοὺς</em></strong></span> <span class='ocrx_word' id='word_1_53' title='bbox 449 588 523 628; x_wconf 87' lang='grc' dir='ltr'><em>καί</em></span> <span class='ocrx_word' id='word_1_54' title='bbox 549 585 708 640; x_wconf 70' lang='grc' dir='ltr'><strong><em>ἐξάγειν</em></strong></span> <span class='ocrx_word' id='word_1_55' title='bbox 743 583 852 637; x_wconf 80' lang='grc' dir='ltr'><strong><em>μετὰ</em></strong></span> <span class='ocrx_word' id='word_1_56' title='bbox 893 586 977 627; x_wconf 78' lang='grc' dir='ltr'><strong>τῶν</strong></span> <span class='ocrx_word' id='word_1_57' title='bbox 1008 584 1168 626; x_wconf 80' lang='grc' dir='ltr'><strong><em>οἰκείων</em></strong></span> <span class='ocrx_word' id='word_1_58' title='bbox 1196 583 1337 627; x_wconf 69' lang='grc' dir='ltr'><strong><em>αὐτῶν</em></strong></span> <span class='ocrx_word' id='word_1_59' title='bbox 1373 585 1712 640; x_wconf 85' lang='grc' dir='ltr'><strong><em>σκαραμαγγίων.</em></strong></span> 
     </span>
     <span class='ocr_line' id='line_1_8' title="bbox 230 646 1712 712; baseline -0.002 -18"><span class='ocrx_word' id='word_1_60' title='bbox 230 656 322 712; x_wconf 86' lang='grc' dir='ltr'><strong>1)τῇ</strong></span> <span class='ocrx_word' id='word_1_61' title='bbox 351 654 398 695; x_wconf 81' lang='grc' dir='ltr'><strong>δὲ</strong></span> <span class='ocrx_word' id='word_1_62' title='bbox 427 649 585 709; x_wconf 74' lang='grc' dir='ltr'><strong><em>ἐβδόμῃ</em></strong></span> <span class='ocrx_word' id='word_1_63' title='bbox 629 651 764 709; x_wconf 67' lang='grc' dir='ltr'><strong><em>ἡμέρᾳ</em></strong></span> <span class='ocrx_word' id='word_1_64' title='bbox 791 652 866 706; x_wconf 81' lang='grc' dir='ltr'><strong>τῆς</strong></span> <span class='ocrx_word' id='word_1_65' title='bbox 893 646 1023 706; x_wconf 75' lang='grc' dir='ltr'><strong><em>αὐτῆς</em></strong></span> <span class='ocrx_word' id='word_1_66' title='bbox 1053 648 1280 701; x_wconf 79' lang='grc' dir='ltr'><strong><em>δεξιώσεως</em></strong></span> <span class='ocrx_word' id='word_1_67' title='bbox 1306 654 1484 692; x_wconf 80' lang='grc' dir='ltr'><strong><em>τελεῖται</em></strong></span> <span class='ocrx_word' id='word_1_68' title='bbox 1510 647 1712 698; x_wconf 73' lang='grc' dir='ltr'><strong><em>ὡσαύτως</em></strong></span> 
     </span>
     <span class='ocr_line' id='line_1_9' title="bbox 267 712 1710 774; baseline -0.004 -12"><span class='ocrx_word' id='word_1_69' title='bbox 267 717 431 774; x_wconf 82' lang='grc' dir='ltr'><strong><em>παγανὴ</em></strong></span> <span class='ocrx_word' id='word_1_70' title='bbox 461 719 705 773; x_wconf 83' lang='grc' dir='ltr'><strong><em>προέλευσις</em></strong></span> <span class='ocrx_word' id='word_1_71' title='bbox 733 715 853 758; x_wconf 80' lang='grc' dir='ltr'><strong><em>ἔνδον</em></strong></span> <span class='ocrx_word' id='word_1_72' title='bbox 879 718 956 758; x_wconf 81' lang='grc' dir='ltr'><strong><em>τοῦ</em></strong></span> <span class='ocrx_word' id='word_1_73' title='bbox 983 718 1212 770; x_wconf 88' lang='grc' dir='ltr'><strong><em>παλατίου,</em></strong></span> <span class='ocrx_word' id='word_1_74' title='bbox 1257 715 1332 758; x_wconf 78' lang='grc' dir='ltr'><strong>καὶ</strong></span> <span class='ocrx_word' id='word_1_75' title='bbox 1364 717 1523 772; x_wconf 88' lang='grc' dir='ltr'><strong><em>γίνεται</em></strong></span> <span class='ocrx_word' id='word_1_76' title='bbox 1549 712 1710 770; x_wconf 73' lang='grc' dir='ltr'><strong><em>κληταὶ-</em></strong></span> 
     </span>
     <span class='ocr_line' id='line_1_10' title="bbox 268 779 1710 841; baseline -0.002 -16"><span class='ocrx_word' id='word_1_77' title='bbox 268 800 359 841; x_wconf 89' lang='grc' dir='ltr'><strong><em>ριον</em></strong></span> <span class='ocrx_word' id='word_1_78' title='bbox 382 785 426 826; x_wconf 83' lang='grc' dir='ltr'><strong>ἐν</strong></span> <span class='ocrx_word' id='word_1_79' title='bbox 453 785 509 841; x_wconf 74' lang='grc' dir='ltr'><strong><em>τῷ</em></strong></span> <span class='ocrx_word' id='word_1_80' title='bbox 539 783 652 840; x_wconf 76' lang='grc' dir='ltr'><strong><em>αὐτῷ’</em></strong></span> <span class='ocrx_word' id='word_1_81' title='bbox 679 783 869 840; x_wconf 74' lang='grc' dir='ltr'><strong><em>τρικλίνῳ</em></strong></span> <span class='ocrx_word' id='word_1_82' title='bbox 897 783 969 824; x_wconf 76' lang='grc' dir='ltr'><strong>ἐπὶ</strong></span> <span class='ocrx_word' id='word_1_83' title='bbox 995 784 1067 838; x_wconf 77' lang='grc' dir='ltr'><strong>τῆς</strong></span> <span class='ocrx_word' id='word_1_84' title='bbox 1094 779 1224 838; x_wconf 70' lang='grc' dir='ltr'><strong><em>αὐτῆς</em></strong></span> <span class='ocrx_word' id='word_1_85' title='bbox 1249 783 1481 838; x_wconf 80' lang='grc' dir='ltr'><strong><em>τραπέζης,</em></strong></span> <span class='ocrx_word' id='word_1_86' title='bbox 1506 783 1580 823; x_wconf 82' lang='grc' dir='ltr'><em>καί</em></span> <span class='ocrx_word' id='word_1_87' title='bbox 1609 796 1710 836; x_wconf 89' lang='grc' dir='ltr'><strong><em>συγ-</em></strong></span> 
     </span>
     <span class='ocr_line' id='line_1_11' title="bbox 267 844 1765 906; baseline -0.003 -14"><span class='ocrx_word' id='word_1_88' title='bbox 267 851 494 892; x_wconf 80' lang='grc' dir='ltr'><strong><em>καλοῦνται</em></strong></span> <span class='ocrx_word' id='word_1_89' title='bbox 533 851 592 897; x_wconf 80' lang='grc' dir='ltr'><strong>εἷς</strong></span> <span class='ocrx_word' id='word_1_90' title='bbox 627 845 811 891; x_wconf 75' lang='grc' dir='ltr'><strong><em>ἑστίασιν</em></strong></span> <span class='ocrx_word' id='word_1_91' title='bbox 856 850 912 906; x_wconf 74' lang='grc' dir='ltr'><strong><em>τῷ</em></strong></span> <span class='ocrx_word' id='word_1_92' title='bbox 940 851 1111 902; x_wconf 81' lang='grc' dir='ltr'><strong><em>βασιλεῖ</em></strong></span> <span class='ocrx_word' id='word_1_93' title='bbox 1144 847 1297 902; x_wconf 79' lang='grc' dir='ltr'><strong><em>ὁμοίως</em></strong></span> <span class='ocrx_word' id='word_1_94' title='bbox 1340 844 1422 891; x_wconf 86' lang='grc' dir='ltr'><strong>ἆπὸ</strong></span> <span class='ocrx_word' id='word_1_95' title='bbox 1463 849 1537 903; x_wconf 82' lang='grc' dir='ltr'><strong><em>τῆς</em></strong></span> <span class='ocrx_word' id='word_1_96' title='bbox 1562 844 1765 897; x_wconf 83' lang='grc' dir='ltr'><strong><em>τάξεωςιο</em></strong></span> 
     </span>
     <span class='ocr_line' id='line_1_12' title="bbox 266 909 1714 973; baseline -0.004 -14"><span class='ocrx_word' id='word_1_97' title='bbox 266 918 351 959; x_wconf 76' lang='grc' dir='ltr'><strong>τῶν</strong></span> <span class='ocrx_word' id='word_1_98' title='bbox 377 918 616 971; x_wconf 85' lang='grc' dir='ltr'><strong><em>μαγίστρων</em></strong></span> <span class='ocrx_word' id='word_1_99' title='bbox 660 914 734 956; x_wconf 79' lang='grc' dir='ltr'><em>καί</em></span> <span class='ocrx_word' id='word_1_100' title='bbox 771 916 1000 971; x_wconf 83' lang='grc' dir='ltr'><strong><em>πατρικίων</em></strong></span> <span class='ocrx_word' id='word_1_101' title='bbox 1037 913 1116 958; x_wconf 75' lang='grc' dir='ltr'><strong>σὺν</strong></span> <span class='ocrx_word' id='word_1_102' title='bbox 1142 917 1200 973; x_wconf 76' lang='grc' dir='ltr'><strong><em>τῷ</em></strong></span> <span class='ocrx_word' id='word_1_103' title='bbox 1226 914 1404 973; x_wconf 76' lang='grc' dir='ltr'><strong><em>ὑπάρχῳ</em></strong></span> <span class='ocrx_word' id='word_1_104' title='bbox 1445 915 1520 969; x_wconf 84' lang='grc' dir='ltr'><strong>τῆς</strong></span> <span class='ocrx_word' id='word_1_105' title='bbox 1557 909 1714 961; x_wconf 82' lang='grc' dir='ltr'><strong><em>πόλεως</em></strong></span> 
     </span>
     <span class='ocr_line' id='line_1_13' title="bbox 268 977 1713 1038; baseline -0.003 -14"><span class='ocrx_word' id='word_1_106' title='bbox 268 984 343 1024; x_wconf 86' lang='grc' dir='ltr'>καί</span> <span class='ocrx_word' id='word_1_107' title='bbox 370 987 456 1030; x_wconf 83' lang='grc' dir='ltr'><strong><em>τοῖς</em></strong></span> <span class='ocrx_word' id='word_1_108' title='bbox 483 983 582 1023; x_wconf 76' lang='grc' dir='ltr'><strong><em>δυσί</em></strong></span> <span class='ocrx_word' id='word_1_109' title='bbox 610 982 875 1034; x_wconf 70' lang='grc' dir='ltr'><strong><em>δομεστύεοις,</em></strong></span> <span class='ocrx_word' id='word_1_110' title='bbox 905 982 1118 1038; x_wconf 80' lang='grc' dir='ltr'><strong><em>νουμέρων</em></strong></span> <span class='ocrx_word' id='word_1_111' title='bbox 1145 997 1190 1023; x_wconf 85' lang='grc' dir='ltr'><strong>τε</strong></span> <span class='ocrx_word' id='word_1_112' title='bbox 1225 983 1300 1023; x_wconf 84' lang='grc' dir='ltr'><strong><em>καί</em></strong></span> <span class='ocrx_word' id='word_1_113' title='bbox 1323 980 1510 1035; x_wconf 80' lang='grc' dir='ltr'><strong><em>τειχέων,</em></strong></span> <span class='ocrx_word' id='word_1_114' title='bbox 1538 979 1613 1020; x_wconf 79' lang='grc' dir='ltr'>καί</span> <span class='ocrx_word' id='word_1_115' title='bbox 1628 977 1713 1020; x_wconf 71' lang='grc' dir='ltr'><strong>τῶν</strong></span> 
     </span>
     <span class='ocr_line' id='line_1_14' title="bbox 273 1042 1718 1105; baseline -0.002 -16"><span class='ocrx_word' id='word_1_116' title='bbox 273 1048 416 1090; x_wconf 74' lang='grc' dir='ltr'><strong><em>αὐτῶν</em></strong></span> <span class='ocrx_word' id='word_1_117' title='bbox 451 1049 742 1102; x_wconf 80' lang='grc' dir='ltr'><strong><em>τοποτηρητῶν</em></strong></span> <span class='ocrx_word' id='word_1_118' title='bbox 782 1045 861 1089; x_wconf 76' lang='grc' dir='ltr'><strong>σὺν</strong></span> <span class='ocrx_word' id='word_1_119' title='bbox 901 1049 958 1105; x_wconf 73' lang='grc' dir='ltr'><strong><em>τῷ</em></strong></span> <span class='ocrx_word' id='word_1_120' title='bbox 986 1047 1182 1105; x_wconf 79' lang='grc' dir='ltr'><strong><em>λογοθέτῃ</em></strong></span> <span class='ocrx_word' id='word_1_121' title='bbox 1222 1047 1297 1089; x_wconf 81' lang='grc' dir='ltr'><strong><em>τοῦ</em></strong></span> <span class='ocrx_word' id='word_1_122' title='bbox 1339 1046 1602 1103; x_wconf 83' lang='grc' dir='ltr'><strong><em>πραιτωρίου</em></strong></span> <span class='ocrx_word' id='word_1_123' title='bbox 1643 1042 1718 1086; x_wconf 77' lang='grc' dir='ltr'><strong><em>καὶ</em></strong></span> 
     </span>
     <span class='ocr_line' id='line_1_15' title="bbox 268 1109 1714 1171; baseline -0.002 -16"><span class='ocrx_word' id='word_1_124' title='bbox 268 1116 330 1171; x_wconf 73' lang='grc' dir='ltr'><strong><em>τῷ</em></strong></span> <span class='ocrx_word' id='word_1_125' title='bbox 376 1113 577 1170; x_wconf 73' lang='grc' dir='ltr'><strong><em>συμπόνῳ</em></strong></span> <span class='ocrx_word' id='word_1_126' title='bbox 615 1111 687 1154; x_wconf 81' lang='grc' dir='ltr'><strong>τὸν</strong></span> <span class='ocrx_word' id='word_1_127' title='bbox 726 1112 913 1167; x_wconf 70' lang='grc' dir='ltr'><strong><em>ἀριθμὸν</em></strong></span> <span class='ocrx_word' id='word_1_128' title='bbox 941 1112 989 1156; x_wconf 85' lang='grc' dir='ltr'><strong>λ’.</strong></span> <span class='ocrx_word' id='word_1_129' title='bbox 1044 1112 1283 1167; x_wconf 83' lang='grc' dir='ltr'><strong><em>εἰσάγονται</em></strong></span> <span class='ocrx_word' id='word_1_130' title='bbox 1311 1114 1358 1155; x_wconf 85' lang='grc' dir='ltr'><strong>δὲ</strong></span> <span class='ocrx_word' id='word_1_131' title='bbox 1398 1114 1472 1155; x_wconf 83' lang='grc' dir='ltr'><strong><em>καί</em></strong></span> <span class='ocrx_word' id='word_1_132' title='bbox 1501 1109 1714 1166; x_wconf 80' lang='grc' dir='ltr'><strong><em>ἐξάγονται</em></strong></span> 
     </span>
     <span class='ocr_line' id='line_1_16' title="bbox 269 1176 1766 1233; baseline 0 -13"><span class='ocrx_word' id='word_1_133' title='bbox 269 1177 376 1232; x_wconf 71' lang='grc' dir='ltr'><strong><em>μετὰ</em></strong></span> <span class='ocrx_word' id='word_1_134' title='bbox 406 1181 491 1220; x_wconf 76' lang='grc' dir='ltr'><strong>τῶν</strong></span> <span class='ocrx_word' id='word_1_135' title='bbox 521 1181 683 1220; x_wconf 84' lang='grc' dir='ltr'><strong><em>οἰκείων</em></strong></span> <span class='ocrx_word' id='word_1_136' title='bbox 712 1178 854 1220; x_wconf 75' lang='grc' dir='ltr'><strong><em>αὐτῶν</em></strong></span> <span class='ocrx_word' id='word_1_137' title='bbox 883 1176 1174 1232; x_wconf 79' lang='grc' dir='ltr'><strong><em>ἅλλαξιμὰτων</em></strong></span> <span class='ocrx_word' id='word_1_138' title='bbox 1201 1180 1274 1222; x_wconf 84' lang='grc' dir='ltr'><em>καί</em></span> <span class='ocrx_word' id='word_1_139' title='bbox 1296 1179 1540 1233; x_wconf 79' lang='grc' dir='ltr'><strong><em>χλανιδίων.</em></strong></span> <span class='ocrx_word' id='word_1_140' title='bbox 1594 1178 1640 1219; x_wconf 79' lang='grc' dir='ltr'><strong>ἐν</strong></span> <span class='ocrx_word' id='word_1_141' title='bbox 1667 1177 1766 1220; x_wconf 76' lang='grc' dir='ltr'><strong>δὲιδ</strong></span> 
     </span>
     <span class='ocr_line' id='line_1_17' title="bbox 268 1240 1763 1301; baseline -0.001 -16"><span class='ocrx_word' id='word_1_142' title='bbox 268 1249 360 1292; x_wconf 83' lang='grc' dir='ltr'><strong><em>ταῖς</em></strong></span> <span class='ocrx_word' id='word_1_143' title='bbox 399 1241 510 1286; x_wconf 79' lang='grc' dir='ltr'><strong><em>κάτω</em></strong></span> <span class='ocrx_word' id='word_1_144' title='bbox 554 1245 782 1299; x_wconf 80' lang='grc' dir='ltr'><strong><em>τραπέζαις</em></strong></span> <span class='ocrx_word' id='word_1_145' title='bbox 821 1247 1126 1298; x_wconf 82' lang='grc' dir='ltr'><strong><em>συγκαλοῦνται</em></strong></span> <span class='ocrx_word' id='word_1_146' title='bbox 1171 1249 1384 1301; x_wconf 80' lang='grc' dir='ltr'><strong><em>τριβοῦνοι</em></strong></span> <span class='ocrx_word' id='word_1_147' title='bbox 1415 1241 1625 1300; x_wconf 81' lang='grc' dir='ltr'><strong><em>βικάριοι,</em></strong></span> <span class='ocrx_word' id='word_1_148' title='bbox 1676 1240 1717 1284; x_wconf 78' lang='grc' dir='ltr'><strong>οἱ</strong></span> <span class='ocrx_word' id='word_1_149' title='bbox 1759 1249 1763 1252; x_wconf 55' lang='lat'><strong>⁴</strong></span> 
     </span>
     <span class='ocr_line' id='line_1_18' title="bbox 71 1306 1721 1366; baseline 0 -17"><span class='ocrx_word' id='word_1_150' title='bbox 71 1312 137 1349; x_wconf 84' lang='lat' dir='ltr'><strong>Ed.</strong></span> <span class='ocrx_word' id='word_1_151' title='bbox 152 1311 259 1358; x_wconf 74' lang='lat' dir='ltr'><strong>L·447</strong></span> <span class='ocrx_word' id='word_1_152' title='bbox 272 1309 436 1352; x_wconf 77' lang='grc' dir='ltr'><strong><em>ἐθνικοὶ</em></strong></span> <span class='ocrx_word' id='word_1_153' title='bbox 471 1312 545 1364; x_wconf 84' lang='grc' dir='ltr'><strong>τῆς</strong></span> <span class='ocrx_word' id='word_1_154' title='bbox 580 1307 790 1366; x_wconf 73' lang='grc' dir='ltr'><strong><em>ἑταιρείας</em></strong></span> <span class='ocrx_word' id='word_1_155' title='bbox 801 1343 813 1362; x_wconf 82' lang='grc'>,</span> <span class='ocrx_word' id='word_1_156' title='bbox 845 1307 932 1353; x_wconf 80' lang='grc' dir='ltr'><strong><em>οἷον</em></strong></span> <span class='ocrx_word' id='word_1_157' title='bbox 966 1311 1171 1366; x_wconf 75' lang='grc' dir='ltr'><strong><em>Τοῦρκοι,</em></strong></span> <span class='ocrx_word' id='word_1_158' title='bbox 1199 1309 1414 1365; x_wconf 78' lang='grc' dir='ltr'><strong><em>Χαζάρεις</em></strong></span> <span class='ocrx_word' id='word_1_159' title='bbox 1458 1308 1532 1351; x_wconf 82' lang='grc' dir='ltr'><em>καί</em></span> <span class='ocrx_word' id='word_1_160' title='bbox 1567 1306 1721 1361; x_wconf 74' lang='grc' dir='ltr'><strong><em>λοιποὶ,</em></strong></span> 
     </span>
     <span class='ocr_line' id='line_1_19' title="bbox 268 1372 1717 1430; baseline -0.001 -13"><span class='ocrx_word' id='word_1_161' title='bbox 268 1373 343 1418; x_wconf 81' lang='grc' dir='ltr'><strong>τὸν</strong></span> <span class='ocrx_word' id='word_1_162' title='bbox 370 1372 558 1429; x_wconf 72' lang='grc' dir='ltr'><strong><em>ἀριθμὸν</em></strong></span> <span class='ocrx_word' id='word_1_163' title='bbox 587 1373 660 1416; x_wconf 92' lang='grc' dir='ltr'><strong><em>νδ’.</em></strong></span> <span class='ocrx_word' id='word_1_164' title='bbox 717 1374 789 1418; x_wconf 73' lang='grc' dir='ltr'><strong>ἐπὶ</strong></span> <span class='ocrx_word' id='word_1_165' title='bbox 816 1377 862 1417; x_wconf 83' lang='grc' dir='ltr'><strong>δὲ</strong></span> <span class='ocrx_word' id='word_1_166' title='bbox 889 1378 962 1430; x_wconf 80' lang='grc' dir='ltr'><strong>τῆς</strong></span> <span class='ocrx_word' id='word_1_167' title='bbox 990 1378 1133 1430; x_wconf 83' lang='grc' dir='ltr'><strong><em>τιμίας</em></strong></span> <span class='ocrx_word' id='word_1_168' title='bbox 1175 1377 1382 1430; x_wconf 83' lang='grc' dir='ltr'><strong><em>τραπέζης</em></strong></span> <span class='ocrx_word' id='word_1_169' title='bbox 1411 1375 1717 1430; x_wconf 78' lang='grc' dir='ltr'><strong><em>συγκαλοῦνται</em></strong></span> 
     </span>
     <span class='ocr_line' id='line_1_20' title="bbox 273 1438 1717 1496; baseline -0.001 -13"><span class='ocrx_word' id='word_1_170' title='bbox 273 1441 312 1483; x_wconf 84' lang='grc' dir='ltr'><strong>οἱ</strong></span> <span class='ocrx_word' id='word_1_171' title='bbox 342 1439 502 1482; x_wconf 81' lang='grc' dir='ltr'><strong><em>δώδεκα</em></strong></span> <span class='ocrx_word' id='word_1_172' title='bbox 544 1441 854 1496; x_wconf 80' lang='grc' dir='ltr'><strong><em>γειτονιάρχαι,</em></strong></span> <span class='ocrx_word' id='word_1_173' title='bbox 905 1440 943 1483; x_wconf 81' lang='grc' dir='ltr'><strong>οἱ</strong></span> <span class='ocrx_word' id='word_1_174' title='bbox 972 1439 1008 1483; x_wconf 92' lang='grc' dir='ltr'><strong>δ’</strong></span> <span class='ocrx_word' id='word_1_175' title='bbox 1046 1441 1226 1485; x_wconf 79' lang='grc' dir='ltr'><strong><em>ἐπόπται</em></strong></span> <span class='ocrx_word' id='word_1_176' title='bbox 1280 1441 1355 1484; x_wconf 84' lang='grc' dir='ltr'><em>καί</em></span> <span class='ocrx_word' id='word_1_177' title='bbox 1375 1440 1414 1483; x_wconf 84' lang='grc' dir='ltr'><strong>οἶ</strong></span> <span class='ocrx_word' id='word_1_178' title='bbox 1450 1438 1527 1483; x_wconf 76' lang='grc' dir='ltr'><strong>δύο</strong></span> <span class='ocrx_word' id='word_1_179' title='bbox 1556 1455 1717 1496; x_wconf 84' lang='grc' dir='ltr'><strong><em>πρωτο-</em></strong></span> 
     </span>
     <span class='ocr_line' id='line_1_21' title="bbox 271 1505 1771 1563; baseline 0.001 -15"><span class='ocrx_word' id='word_1_180' title='bbox 271 1507 560 1563; x_wconf 79' lang='grc' dir='ltr'><strong><em>καγκελλάριοι</em></strong></span> <span class='ocrx_word' id='word_1_181' title='bbox 601 1509 677 1548; x_wconf 84' lang='grc' dir='ltr'><strong><em>τοῦ</em></strong></span> <span class='ocrx_word' id='word_1_182' title='bbox 705 1505 909 1563; x_wconf 83' lang='grc' dir='ltr'><strong><em>ἐπάρχου.</em></strong></span> <span class='ocrx_word' id='word_1_183' title='bbox 964 1505 1201 1562; x_wconf 75' lang='grc' dir='ltr'><strong><em>εἰσάγονται</em></strong></span> <span class='ocrx_word' id='word_1_184' title='bbox 1240 1509 1287 1550; x_wconf 84' lang='grc' dir='ltr'><strong>δὲ</strong></span> <span class='ocrx_word' id='word_1_185' title='bbox 1312 1506 1416 1562; x_wconf 83' lang='grc' dir='ltr'><strong><em>μετὰ</em></strong></span> <span class='ocrx_word' id='word_1_186' title='bbox 1442 1509 1525 1550; x_wconf 74' lang='grc' dir='ltr'><strong>τῶν</strong></span> <span class='ocrx_word' id='word_1_187' title='bbox 1553 1507 1771 1549; x_wconf 66' lang='grc' dir='ltr'><strong><em>οἷκείωναο</em></strong></span> 
     </span>
     <span class='ocr_line' id='line_1_22' title="bbox 273 1570 1715 1627; baseline -0.001 -12"><span class='ocrx_word' id='word_1_188' title='bbox 273 1572 479 1626; x_wconf 82' lang='grc' dir='ltr'><strong><em>καμισίων</em></strong></span> <span class='ocrx_word' id='word_1_189' title='bbox 506 1572 580 1613; x_wconf 82' lang='grc' dir='ltr'><em>καί</em></span> <span class='ocrx_word' id='word_1_190' title='bbox 611 1570 762 1626; x_wconf 80' lang='grc' dir='ltr'><strong><em>μόνον,</em></strong></span> <span class='ocrx_word' id='word_1_191' title='bbox 809 1572 848 1614; x_wconf 82' lang='grc' dir='ltr'><strong>οἱ</strong></span> <span class='ocrx_word' id='word_1_192' title='bbox 888 1575 934 1615; x_wconf 84' lang='grc' dir='ltr'><strong>δὲ</strong></span> <span class='ocrx_word' id='word_1_193' title='bbox 971 1573 1133 1616; x_wconf 74' lang='grc' dir='ltr'><strong><em>ἐθνικοὶ</em></strong></span> <span class='ocrx_word' id='word_1_194' title='bbox 1154 1571 1258 1627; x_wconf 76' lang='grc' dir='ltr'><strong><em>μετὰ</em></strong></span> <span class='ocrx_word' id='word_1_195' title='bbox 1295 1576 1378 1616; x_wconf 75' lang='grc' dir='ltr'><strong>τῶν</strong></span> <span class='ocrx_word' id='word_1_196' title='bbox 1416 1573 1554 1615; x_wconf 66' lang='grc' dir='ltr'><strong><em>αὐτῶν</em></strong></span> <span class='ocrx_word' id='word_1_197' title='bbox 1582 1575 1715 1626; x_wconf 82' lang='grc' dir='ltr'><strong><em>καβα-</em></strong></span> 
     </span>
     <span class='ocr_line' id='line_1_23' title="bbox 273 1636 1716 1695; baseline -0.001 -15"><span class='ocrx_word' id='word_1_198' title='bbox 273 1640 390 1680; x_wconf 90' lang='grc' dir='ltr'><strong><em>δίων.</em></strong></span> <span class='ocrx_word' id='word_1_199' title='bbox 419 1639 582 1680; x_wconf 88' lang='grc' dir='ltr'><strong><em>δίδοται</em></strong></span> <span class='ocrx_word' id='word_1_200' title='bbox 611 1641 657 1681; x_wconf 79' lang='grc' dir='ltr'><strong>δὲ</strong></span> <span class='ocrx_word' id='word_1_201' title='bbox 685 1645 772 1690; x_wconf 81' lang='grc' dir='ltr'><strong><em>τοῖς</em></strong></span> <span class='ocrx_word' id='word_1_202' title='bbox 791 1638 1096 1695; x_wconf 81' lang='grc' dir='ltr'><strong><em>γειτονιάρχαις</em></strong></span> <span class='ocrx_word' id='word_1_203' title='bbox 1123 1639 1196 1682; x_wconf 77' lang='grc' dir='ltr'><strong>καὶ</strong></span> <span class='ocrx_word' id='word_1_204' title='bbox 1232 1644 1390 1689; x_wconf 86' lang='grc' dir='ltr'><strong><em>λοιποῖς</em></strong></span> <span class='ocrx_word' id='word_1_205' title='bbox 1409 1637 1490 1682; x_wconf 68' lang='lat' dir='ltr'><strong>dmi</strong></span> <span class='ocrx_word' id='word_1_206' title='bbox 1511 1636 1716 1692; x_wconf 76' lang='grc' dir='ltr'><strong><em>νομίσμα-</em></strong></span> 
     </span>
     <span class='ocr_line' id='line_1_24' title="bbox 272 1701 1718 1763; baseline 0.001 -18"><span class='ocrx_word' id='word_1_207' title='bbox 272 1720 342 1754; x_wconf 85' lang='grc' dir='ltr'><strong>τος</strong></span> <span class='ocrx_word' id='word_1_208' title='bbox 370 1701 474 1752; x_wconf 78' lang='grc' dir='ltr'><strong><em>ἑνός.</em></strong></span> <span class='ocrx_word' id='word_1_209' title='bbox 510 1705 580 1746; x_wconf 74' lang='grc' dir='ltr'><strong>ἐπὶ</strong></span> <span class='ocrx_word' id='word_1_210' title='bbox 606 1707 653 1747; x_wconf 81' lang='grc' dir='ltr'><strong>δὲ</strong></span> <span class='ocrx_word' id='word_1_211' title='bbox 686 1707 770 1748; x_wconf 79' lang='grc' dir='ltr'><strong>τῶν</strong></span> <span class='ocrx_word' id='word_1_212' title='bbox 798 1704 1091 1761; x_wconf 82' lang='grc' dir='ltr'><strong><em>προλαβόντων</em></strong></span> <span class='ocrx_word' id='word_1_213' title='bbox 1118 1705 1283 1763; x_wconf 80' lang='grc' dir='ltr'><strong><em>χρόνων</em></strong></span> <span class='ocrx_word' id='word_1_214' title='bbox 1310 1706 1605 1748; x_wconf 83' lang='grc' dir='ltr'><strong><em>συνεκαλοῦντο</em></strong></span> <span class='ocrx_word' id='word_1_215' title='bbox 1623 1703 1718 1746; x_wconf 72' lang='grc' dir='ltr'><strong><em>ἀντὶ</em></strong></span> 
     </span>
     <span class='ocr_line' id='line_1_25' title="bbox 274 1769 1714 1830; baseline -0.002 -18"><span class='ocrx_word' id='word_1_216' title='bbox 274 1769 434 1813; x_wconf 72' lang='grc' dir='ltr'><strong><em>τούτων</em></strong></span> <span class='ocrx_word' id='word_1_217' title='bbox 463 1770 500 1812; x_wconf 82' lang='grc' dir='ltr'><strong>οἱ</strong></span> <span class='ocrx_word' id='word_1_218' title='bbox 527 1772 602 1812; x_wconf 82' lang='grc' dir='ltr'><strong><em>τοῦ</em></strong></span> <span class='ocrx_word' id='word_1_219' title='bbox 619 1772 957 1829; x_wconf 80' lang='grc' dir='ltr'><strong><em>σκευοφυλακίου</em></strong></span> <span class='ocrx_word' id='word_1_220' title='bbox 977 1772 1051 1828; x_wconf 77' lang='grc' dir='ltr'><strong>τῆς</strong></span> <span class='ocrx_word' id='word_1_221' title='bbox 1078 1771 1202 1827; x_wconf 76' lang='grc' dir='ltr'><strong><em>ἁγίας</em></strong></span> <span class='ocrx_word' id='word_1_222' title='bbox 1221 1772 1384 1830; x_wconf 79' lang='grc' dir='ltr'><strong><em>Σοφίας</em></strong></span> <span class='ocrx_word' id='word_1_223' title='bbox 1394 1769 1714 1828; x_wconf 75' lang='grc' dir='ltr'><strong><em>χαρτουλάριοι,</em></strong></span> 
     </span>
    </p>
   </div>
   <div class='ocr_carea' id='block_1_3' title="bbox 1868 1116 1878 1363">
    <p class='ocr_par' dir='ltr' id='par_1_3' title="bbox 1868 1116 1878 1363">
     <span class='ocr_line' id='line_1_26' title="bbox 1868 1116 1878 1363; textangle 90"><span class='ocrx_word' id='word_1_224' title='bbox 1873 1347 1878 1363; x_wconf 38' lang='grc' dir='ltr'><strong>ψ,</strong></span> <span class='ocrx_word' id='word_1_225' title='bbox 1868 1116 1878 1333; x_wconf 36' lang='lat' dir='ltr'><strong>,namne-..vuas-</strong></span> 
     </span>
    </p>
   </div>
   <div class='ocr_carea' id='block_1_4' title="bbox 278 1870 1724 2760">
    <p class='ocr_par' dir='ltr' id='par_1_4' title="bbox 278 1870 1724 2760">
     <span class='ocr_line' id='line_1_27' title="bbox 278 1870 1718 1916; baseline 0 -12"><span class='ocrx_word' id='word_1_226' title='bbox 278 1871 507 1916; x_wconf 83' lang='lat' dir='ltr'><strong>magistratus</strong></span> <span class='ocrx_word' id='word_1_227' title='bbox 543 1870 588 1903; x_wconf 86' lang='lat' dir='ltr'><strong>de</strong></span> <span class='ocrx_word' id='word_1_228' title='bbox 622 1872 749 1906; x_wconf 85' lang='lat' dir='ltr'><strong>ordine</strong></span> <span class='ocrx_word' id='word_1_229' title='bbox 786 1874 958 1906; x_wconf 86' lang='lat' dir='ltr'><strong>comitum</strong></span> <span class='ocrx_word' id='word_1_230' title='bbox 982 1877 1019 1907; x_wconf 88' lang='lat' dir='ltr'><strong>et</strong></span> <span class='ocrx_word' id='word_1_231' title='bbox 1042 1872 1315 1908; x_wconf 86' lang='lat' dir='ltr'><strong>centarchorum</strong></span> <span class='ocrx_word' id='word_1_232' title='bbox 1338 1872 1486 1907; x_wconf 85' lang='lat' dir='ltr'><strong>arithmi</strong></span> <span class='ocrx_word' id='word_1_233' title='bbox 1510 1876 1548 1905; x_wconf 83' lang='lat' dir='ltr'><strong>et</strong></span> <span class='ocrx_word' id='word_1_234' title='bbox 1569 1871 1718 1905; x_wconf 80' lang='lat' dir='ltr'><strong>hieana-</strong></span> 
     </span>
     <span class='ocr_line' id='line_1_28' title="bbox 279 1917 1720 1966; baseline 0.001 -16"><span class='ocrx_word' id='word_1_235' title='bbox 279 1923 420 1958; x_wconf 88' lang='lat' dir='ltr'><strong>torum,</strong></span> <span class='ocrx_word' id='word_1_236' title='bbox 457 1917 651 1951; x_wconf 80' lang='lat' dir='ltr'><strong>admodum</strong></span> <span class='ocrx_word' id='word_1_237' title='bbox 685 1919 949 1964; x_wconf 82' lang='lat' dir='ltr'><strong>quinquaginta</strong></span> <span class='ocrx_word' id='word_1_238' title='bbox 982 1927 1159 1966; x_wconf 88' lang='lat' dir='ltr'><strong>quatuor,</strong></span> <span class='ocrx_word' id='word_1_239' title='bbox 1198 1926 1235 1954; x_wconf 81' lang='lat' dir='ltr'><strong>et</strong></span> <span class='ocrx_word' id='word_1_240' title='bbox 1269 1930 1288 1952; x_wconf 87' lang='lat' dir='ltr'><strong>e</strong></span> <span class='ocrx_word' id='word_1_241' title='bbox 1322 1920 1488 1965; x_wconf 85' lang='lat' dir='ltr'><strong>Bulgaria</strong></span> <span class='ocrx_word' id='word_1_242' title='bbox 1519 1919 1720 1952; x_wconf 83' lang='lat' dir='ltr'><strong>amicorum</strong></span> 
     </span>
     <span class='ocr_line' id='line_1_29' title="bbox 279 1963 1719 2014; baseline 0.001 -18"><span class='ocrx_word' id='word_1_243' title='bbox 279 1963 446 1998; x_wconf 88' lang='lat' dir='ltr'><strong>homines</strong></span> <span class='ocrx_word' id='word_1_244' title='bbox 472 1964 695 2007; x_wconf 80' lang='lat' dir='ltr'><strong>octodecim3&#39;</strong></span> <span class='ocrx_word' id='word_1_245' title='bbox 717 1966 886 1999; x_wconf 83' lang='lat' dir='ltr'><strong>ordinare</strong></span> <span class='ocrx_word' id='word_1_246' title='bbox 911 1971 1032 2000; x_wconf 89' lang='lat' dir='ltr'><strong>autem</strong></span> <span class='ocrx_word' id='word_1_247' title='bbox 1055 1966 1121 1999; x_wconf 85' lang='lat' dir='ltr'><strong>hos</strong></span> <span class='ocrx_word' id='word_1_248' title='bbox 1138 1968 1308 2014; x_wconf 82' lang='lat' dir='ltr'><strong>Bulgaros</strong></span> <span class='ocrx_word' id='word_1_249' title='bbox 1327 1971 1473 2011; x_wconf 78' lang='lat' dir='ltr'><strong>oportet</strong></span> <span class='ocrx_word' id='word_1_250' title='bbox 1489 1965 1535 1999; x_wconf 84' lang='lat' dir='ltr'><strong>ad</strong></span> <span class='ocrx_word' id='word_1_251' title='bbox 1552 1965 1719 1998; x_wconf 83' lang='lat' dir='ltr'><strong>ultimam.</strong></span> 
     </span>
     <span class='ocr_line' id='line_1_30' title="bbox 279 2011 1717 2056; baseline 0.001 -14"><span class='ocrx_word' id='word_1_252' title='bbox 279 2021 439 2043; x_wconf 87' lang='lat' dir='ltr'><strong>mensam</strong></span> <span class='ocrx_word' id='word_1_253' title='bbox 464 2011 624 2044; x_wconf 75' lang='lat' dir='ltr'><strong>seorsim.</strong></span> <span class='ocrx_word' id='word_1_254' title='bbox 673 2013 957 2047; x_wconf 79' lang='lat' dir='ltr'><strong>Introducuntur</strong></span> <span class='ocrx_word' id='word_1_255' title='bbox 991 2019 1028 2047; x_wconf 81' lang='lat' dir='ltr'><strong>et,</strong></span> <span class='ocrx_word' id='word_1_256' title='bbox 1057 2014 1261 2047; x_wconf 77' lang='lat' dir='ltr'><strong>educuntur</strong></span> <span class='ocrx_word' id='word_1_257' title='bbox 1291 2013 1330 2046; x_wconf 89' lang='lat' dir='ltr'><strong>in</strong></span> <span class='ocrx_word' id='word_1_258' title='bbox 1357 2013 1429 2046; x_wconf 86' lang='lat' dir='ltr'><strong>suis</strong></span> <span class='ocrx_word' id='word_1_259' title='bbox 1461 2011 1717 2056; x_wconf 67' lang='lat' dir='ltr'><strong>scaramangiis.</strong></span> 
     </span>
     <span class='ocr_line' id='line_1_31' title="bbox 281 2056 1718 2106; baseline 0 -17"><span class='ocrx_word' id='word_1_260' title='bbox 281 2056 442 2101; x_wconf 84' lang='lat' dir='ltr'><strong>Septimo</strong></span> <span class='ocrx_word' id='word_1_261' title='bbox 473 2058 532 2091; x_wconf 90' lang='lat' dir='ltr'><strong>die</strong></span> <span class='ocrx_word' id='word_1_262' title='bbox 566 2059 728 2092; x_wconf 86' lang='lat' dir='ltr'><strong>eiusdem</strong></span> <span class='ocrx_word' id='word_1_263' title='bbox 761 2061 1022 2094; x_wconf 83' lang='lat' dir='ltr'><strong>convivationis</strong></span> <span class='ocrx_word' id='word_1_264' title='bbox 1055 2061 1240 2106; x_wconf 82' lang='lat' dir='ltr'><strong>peragitur</strong></span> <span class='ocrx_word' id='word_1_265' title='bbox 1275 2060 1443 2093; x_wconf 84' lang='lat' dir='ltr'><strong>similiter</strong></span> <span class='ocrx_word' id='word_1_266' title='bbox 1465 2069 1603 2104; x_wconf 79' lang='lat' dir='ltr'><strong>pagana</strong></span> <span class='ocrx_word' id='word_1_267' title='bbox 1630 2068 1718 2102; x_wconf 89' lang='lat' dir='ltr'><strong>pro-</strong></span> 
     </span>
     <span class='ocr_line' id='line_1_32' title="bbox 282 2103 1718 2151; baseline 0.001 -17"><span class='ocrx_word' id='word_1_268' title='bbox 282 2105 395 2135; x_wconf 87' lang='lat' dir='ltr'><strong>cessio</strong></span> <span class='ocrx_word' id='word_1_269' title='bbox 422 2104 516 2136; x_wconf 77' lang='lat' dir='ltr'><strong>intra</strong></span> <span class='ocrx_word' id='word_1_270' title='bbox 541 2105 738 2148; x_wconf 85' lang='lat' dir='ltr'><strong>palatium,</strong></span> <span class='ocrx_word' id='word_1_271' title='bbox 770 2111 806 2140; x_wconf 83' lang='lat' dir='ltr'><strong>et</strong></span> <span class='ocrx_word' id='word_1_272' title='bbox 830 2106 1035 2140; x_wconf 87' lang='lat' dir='ltr'><strong>convivium</strong></span> <span class='ocrx_word' id='word_1_273' title='bbox 1059 2107 1098 2139; x_wconf 88' lang='lat' dir='ltr'><strong>in</strong></span> <span class='ocrx_word' id='word_1_274' title='bbox 1126 2106 1254 2140; x_wconf 84' lang='lat' dir='ltr'><strong>eodem</strong></span> <span class='ocrx_word' id='word_1_275' title='bbox 1273 2106 1434 2138; x_wconf 87' lang='lat' dir='ltr'><strong>triclinio</strong></span> <span class='ocrx_word' id='word_1_276' title='bbox 1459 2117 1567 2151; x_wconf 88' lang='lat' dir='ltr'><strong>super</strong></span> <span class='ocrx_word' id='word_1_277' title='bbox 1590 2103 1718 2138; x_wconf 85' lang='lat' dir='ltr'><strong>eadem</strong></span> 
     </span>
     <span class='ocr_line' id='line_1_33' title="bbox 282 2148 1720 2197; baseline 0.001 -16"><span class='ocrx_word' id='word_1_278' title='bbox 282 2148 429 2190; x_wconf 87' lang='lat' dir='ltr'><strong>tabula,</strong></span> <span class='ocrx_word' id='word_1_279' title='bbox 464 2151 686 2195; x_wconf 84' lang='lat' dir='ltr'><strong>pariterque,</strong></span> <span class='ocrx_word' id='word_1_280' title='bbox 710 2158 752 2185; x_wconf 89' lang='lat' dir='ltr'><strong>ut</strong></span> <span class='ocrx_word' id='word_1_281' title='bbox 776 2159 872 2194; x_wconf 87' lang='lat' dir='ltr'><strong>ante,</strong></span> <span class='ocrx_word' id='word_1_282' title='bbox 901 2153 1102 2186; x_wconf 84' lang='lat' dir='ltr'><strong>invitantur</strong></span> <span class='ocrx_word' id='word_1_283' title='bbox 1133 2153 1179 2186; x_wconf 82' lang='lat' dir='ltr'><strong>ad</strong></span> <span class='ocrx_word' id='word_1_284' title='bbox 1211 2152 1472 2186; x_wconf 87' lang='lat' dir='ltr'><strong>convivandum</strong></span> <span class='ocrx_word' id='word_1_285' title='bbox 1505 2151 1720 2197; x_wconf 83' lang='lat' dir='ltr'><strong>Imperatori</strong></span> 
     </span>
     <span class='ocr_line' id='line_1_34' title="bbox 283 2195 1719 2243; baseline 0.001 -15"><span class='ocrx_word' id='word_1_286' title='bbox 283 2195 464 2240; x_wconf 83' lang='lat' dir='ltr'><strong>magistri,</strong></span> <span class='ocrx_word' id='word_1_287' title='bbox 501 2197 666 2241; x_wconf 87' lang='lat' dir='ltr'><strong>patricii,</strong></span> <span class='ocrx_word' id='word_1_288' title='bbox 699 2199 902 2243; x_wconf 83' lang='lat' dir='ltr'><strong>praefectus</strong></span> <span class='ocrx_word' id='word_1_289' title='bbox 928 2197 1056 2239; x_wconf 88' lang='lat' dir='ltr'><strong>Urbis,</strong></span> <span class='ocrx_word' id='word_1_290' title='bbox 1094 2199 1200 2232; x_wconf 85' lang='lat' dir='ltr'><strong>ambo</strong></span> <span class='ocrx_word' id='word_1_291' title='bbox 1239 2198 1448 2239; x_wconf 87' lang='lat' dir='ltr'><strong>domestici,</strong></span> <span class='ocrx_word' id='word_1_292' title='bbox 1485 2208 1719 2232; x_wconf 86' lang='lat' dir='ltr'><strong>numerorum</strong></span> 
     </span>
     <span class='ocr_line' id='line_1_35' title="bbox 284 2242 1719 2289; baseline 0.001 -14"><span class='ocrx_word' id='word_1_293' title='bbox 284 2242 426 2277; x_wconf 85' lang='lat' dir='ltr'><strong>scilicet.</strong></span> <span class='ocrx_word' id='word_1_294' title='bbox 455 2247 564 2287; x_wconf 78' lang='lat' dir='ltr'><strong>atque</strong></span> <span class='ocrx_word' id='word_1_295' title='bbox 599 2249 816 2285; x_wconf 86' lang='lat' dir='ltr'><strong>castrorum,</strong></span> <span class='ocrx_word' id='word_1_296' title='bbox 865 2244 1062 2278; x_wconf 86' lang='lat' dir='ltr'><strong>eorundem</strong></span> <span class='ocrx_word' id='word_1_297' title='bbox 1105 2245 1211 2278; x_wconf 88' lang='lat' dir='ltr'><strong>ambo</strong></span> <span class='ocrx_word' id='word_1_298' title='bbox 1247 2248 1493 2289; x_wconf 85' lang='lat' dir='ltr'><strong>topoteretae,</strong></span> <span class='ocrx_word' id='word_1_299' title='bbox 1529 2245 1719 2279; x_wconf 80' lang='lat' dir='ltr'><strong>rationalis</strong></span> 
     </span>
     <span class='ocr_line' id='line_1_36' title="bbox 288 2288 1720 2338; baseline 0.001 -17"><span class='ocrx_word' id='word_1_300' title='bbox 288 2288 483 2335; x_wconf 82' lang='lat' dir='ltr'><strong>praetorii,</strong></span> <span class='ocrx_word' id='word_1_301' title='bbox 508 2289 653 2323; x_wconf 83' lang='lat' dir='ltr'><strong>adiutor</strong></span> <span class='ocrx_word' id='word_1_302' title='bbox 679 2290 866 2338; x_wconf 86' lang='lat' dir='ltr'><strong>[praefecti</strong></span> <span class='ocrx_word' id='word_1_303' title='bbox 890 2290 1008 2338; x_wconf 88' lang='lat' dir='ltr'><strong>Urbis]</strong></span> <span class='ocrx_word' id='word_1_304' title='bbox 1025 2317 1034 2332; x_wconf 94' lang='lat'><strong>,</strong></span> <span class='ocrx_word' id='word_1_305' title='bbox 1065 2291 1104 2324; x_wconf 91' lang='lat' dir='ltr'><strong>in</strong></span> <span class='ocrx_word' id='word_1_306' title='bbox 1127 2291 1334 2326; x_wconf 87' lang='lat' dir='ltr'><strong>universum</strong></span> <span class='ocrx_word' id='word_1_307' title='bbox 1357 2292 1506 2335; x_wconf 85' lang='lat' dir='ltr'><strong>triginta</strong></span> <span class='ocrx_word' id='word_1_308' title='bbox 1529 2292 1612 2329; x_wconf 88' lang='lat' dir='ltr'><strong>viri.</strong></span> <span class='ocrx_word' id='word_1_309' title='bbox 1658 2292 1720 2323; x_wconf 89' lang='lat' dir='ltr'><strong>In-</strong></span> 
     </span>
     <span class='ocr_line' id='line_1_37' title="bbox 288 2336 1720 2375; baseline 0 -5"><span class='ocrx_word' id='word_1_310' title='bbox 288 2336 531 2370; x_wconf 84' lang='lat' dir='ltr'><strong>troducuntur</strong></span> <span class='ocrx_word' id='word_1_311' title='bbox 558 2340 595 2370; x_wconf 84' lang='lat' dir='ltr'><strong>et</strong></span> <span class='ocrx_word' id='word_1_312' title='bbox 618 2338 819 2372; x_wconf 87' lang='lat' dir='ltr'><strong>educuntur</strong></span> <span class='ocrx_word' id='word_1_313' title='bbox 843 2339 881 2370; x_wconf 85' lang='lat' dir='ltr'><strong>in</strong></span> <span class='ocrx_word' id='word_1_314' title='bbox 905 2339 978 2370; x_wconf 86' lang='lat' dir='ltr'><strong>suis</strong></span> <span class='ocrx_word' id='word_1_315' title='bbox 1005 2339 1208 2372; x_wconf 85' lang='lat' dir='ltr'><strong>mutatoriis</strong></span> <span class='ocrx_word' id='word_1_316' title='bbox 1230 2343 1271 2375; x_wconf 64' lang='lat' dir='ltr'><strong>,et</strong></span> <span class='ocrx_word' id='word_1_317' title='bbox 1294 2338 1437 2371; x_wconf 83' lang='lat' dir='ltr'><strong>tunicis.</strong></span> <span class='ocrx_word' id='word_1_318' title='bbox 1487 2338 1543 2373; x_wconf 78' lang='lat' dir='ltr'><strong>Ad</strong></span> <span class='ocrx_word' id='word_1_319' title='bbox 1567 2337 1720 2372; x_wconf 82' lang='lat' dir='ltr'><strong>inferio-</strong></span> 
     </span>
     <span class='ocr_line' id='line_1_38' title="bbox 285 2384 1720 2430; baseline 0.001 -14"><span class='ocrx_word' id='word_1_320' title='bbox 285 2393 343 2416; x_wconf 85' lang='lat' dir='ltr'><strong>res</strong></span> <span class='ocrx_word' id='word_1_321' title='bbox 368 2387 491 2416; x_wconf 82' lang='lat' dir='ltr'><strong>autem</strong></span> <span class='ocrx_word' id='word_1_322' title='bbox 518 2393 656 2417; x_wconf 84' lang='lat' dir='ltr'><strong>mensas</strong></span> <span class='ocrx_word' id='word_1_323' title='bbox 683 2384 883 2418; x_wconf 84' lang='lat' dir='ltr'><strong>invitantur</strong></span> <span class='ocrx_word' id='word_1_324' title='bbox 907 2385 1046 2418; x_wconf 82' lang='lat' dir='ltr'><strong>tribuni</strong></span> <span class='ocrx_word' id='word_1_325' title='bbox 1068 2385 1205 2426; x_wconf 77' lang='lat' dir='ltr'><strong>vicarii,</strong></span> <span class='ocrx_word' id='word_1_326' title='bbox 1228 2385 1380 2430; x_wconf 83' lang='lat' dir='ltr'><strong>gentiles</strong></span> <span class='ocrx_word' id='word_1_327' title='bbox 1406 2395 1468 2418; x_wconf 88' lang='lat' dir='ltr'><strong>seu</strong></span> <span class='ocrx_word' id='word_1_328' title='bbox 1493 2387 1720 2430; x_wconf 83' lang='lat' dir='ltr'><strong>alienigenae</strong></span> 
     </span>
     <span class='ocr_line' id='line_1_39' title="bbox 288 2428 1724 2477; baseline 0.001 -15"><span class='ocrx_word' id='word_1_329' title='bbox 288 2439 333 2462; x_wconf 79' lang='lat' dir='ltr'><strong>ex</strong></span> <span class='ocrx_word' id='word_1_330' title='bbox 359 2428 541 2471; x_wconf 87' lang='lat' dir='ltr'><strong>hetaeria;</strong></span> <span class='ocrx_word' id='word_1_331' title='bbox 570 2435 611 2462; x_wconf 82' lang='lat' dir='ltr'><strong>ut</strong></span> <span class='ocrx_word' id='word_1_332' title='bbox 633 2431 762 2472; x_wconf 91' lang='lat' dir='ltr'><strong>Turei,</strong></span> <span class='ocrx_word' id='word_1_333' title='bbox 787 2430 982 2472; x_wconf 86' lang='lat' dir='ltr'><strong>Chazares,</strong></span> <span class='ocrx_word' id='word_1_334' title='bbox 1006 2432 1092 2474; x_wconf 90' lang='lat' dir='ltr'><strong>alii,</strong></span> <span class='ocrx_word' id='word_1_335' title='bbox 1126 2430 1319 2464; x_wconf 85' lang='lat' dir='ltr'><strong>admodum</strong></span> <span class='ocrx_word' id='word_1_336' title='bbox 1344 2433 1609 2477; x_wconf 84' lang='lat' dir='ltr'><strong>quinquaginta</strong></span> <span class='ocrx_word' id='word_1_337' title='bbox 1632 2442 1724 2477; x_wconf 87' lang='lat' dir='ltr'><strong>qua-—</strong></span> 
     </span>
     <span class='ocr_line' id='line_1_40' title="bbox 286 2476 1724 2524; baseline 0.001 -16"><span class='ocrx_word' id='word_1_338' title='bbox 286 2480 382 2508; x_wconf 84' lang='lat' dir='ltr'><strong>tuor.</strong></span> <span class='ocrx_word' id='word_1_339' title='bbox 430 2476 486 2510; x_wconf 83' lang='lat' dir='ltr'><strong>Ad</strong></span> <span class='ocrx_word' id='word_1_340' title='bbox 519 2478 762 2512; x_wconf 83' lang='lat' dir='ltr'><strong>venerabilem</strong></span> <span class='ocrx_word' id='word_1_341' title='bbox 795 2487 880 2513; x_wconf 86' lang='lat' dir='ltr'><strong>vero</strong></span> <span class='ocrx_word' id='word_1_342' title='bbox 913 2489 1073 2512; x_wconf 87' lang='lat' dir='ltr'><strong>mensam</strong></span> <span class='ocrx_word' id='word_1_343' title='bbox 1104 2479 1305 2515; x_wconf 81' lang='lat' dir='ltr'><strong>invitantur</strong></span> <span class='ocrx_word' id='word_1_344' title='bbox 1330 2478 1519 2512; x_wconf 90' lang='lat' dir='ltr'><strong>duodecim</strong></span> <span class='ocrx_word' id='word_1_345' title='bbox 1547 2477 1724 2524; x_wconf 86' lang='lat' dir='ltr'><strong>gitoniar-</strong></span> 
     </span>
     <span class='ocr_line' id='line_1_41' title="bbox 289 2521 1723 2571; baseline 0.002 -17"><span class='ocrx_word' id='word_1_346' title='bbox 289 2521 379 2555; x_wconf 87' lang='lat' dir='ltr'><strong>chae</strong></span> <span class='ocrx_word' id='word_1_347' title='bbox 406 2523 466 2557; x_wconf 84' lang='lat' dir='ltr'><strong>vel</strong></span> <span class='ocrx_word' id='word_1_348' title='bbox 487 2523 751 2569; x_wconf 86' lang='lat' dir='ltr'><strong>vicomagistri,</strong></span> <span class='ocrx_word' id='word_1_349' title='bbox 786 2530 940 2571; x_wconf 85' lang='lat' dir='ltr'><strong>quatuor</strong></span> <span class='ocrx_word' id='word_1_350' title='bbox 973 2530 1126 2571; x_wconf 87' lang='lat' dir='ltr'><strong>epoptae</strong></span> <span class='ocrx_word' id='word_1_351' title='bbox 1155 2525 1214 2560; x_wconf 85' lang='lat' dir='ltr'><strong>vel</strong></span> <span class='ocrx_word' id='word_1_352' title='bbox 1243 2524 1400 2566; x_wconf 87' lang='lat' dir='ltr'><strong>aediles,</strong></span> <span class='ocrx_word' id='word_1_353' title='bbox 1433 2525 1505 2558; x_wconf 89' lang='lat' dir='ltr'><strong>‹luo</strong></span> <span class='ocrx_word' id='word_1_354' title='bbox 1528 2530 1723 2571; x_wconf 82' lang='lat' dir='ltr'><strong>protocan-</strong></span> 
     </span>
     <span class='ocr_line' id='line_1_42' title="bbox 290 2569 1722 2614; baseline 0.002 -13"><span class='ocrx_word' id='word_1_355' title='bbox 290 2569 432 2602; x_wconf 83' lang='lat' dir='ltr'><strong>cellarii</strong></span> <span class='ocrx_word' id='word_1_356' title='bbox 455 2569 632 2614; x_wconf 86' lang='lat' dir='ltr'><strong>praefecti</strong></span> <span class='ocrx_word' id='word_1_357' title='bbox 657 2572 771 2605; x_wconf 83' lang='lat' dir='ltr'><strong>Urbis.</strong></span> <span class='ocrx_word' id='word_1_358' title='bbox 820 2572 1101 2606; x_wconf 78' lang='lat' dir='ltr'><strong>introducuntur</strong></span> <span class='ocrx_word' id='word_1_359' title='bbox 1135 2571 1175 2606; x_wconf 85' lang='lat' dir='ltr'><strong>hi</strong></span> <span class='ocrx_word' id='word_1_360' title='bbox 1211 2572 1283 2605; x_wconf 86' lang='lat' dir='ltr'><strong>suis</strong></span> <span class='ocrx_word' id='word_1_361' title='bbox 1319 2572 1357 2604; x_wconf 92' lang='lat' dir='ltr'><strong>in</strong></span> <span class='ocrx_word' id='word_1_362' title='bbox 1381 2572 1535 2606; x_wconf 86' lang='lat' dir='ltr'><strong>camisiis</strong></span> <span class='ocrx_word' id='word_1_363' title='bbox 1561 2576 1722 2614; x_wconf 76' lang='lat' dir='ltr'><strong>tantum3</strong></span> 
     </span>
     <span class='ocr_line' id='line_1_43' title="bbox 291 2616 1722 2664; baseline 0.003 -18"><span class='ocrx_word' id='word_1_364' title='bbox 291 2616 445 2659; x_wconf 84' lang='lat' dir='ltr'><strong>gentiles</strong></span> <span class='ocrx_word' id='word_1_365' title='bbox 470 2626 554 2649; x_wconf 63' lang='lat' dir='ltr'><strong>vero</strong></span> <span class='ocrx_word' id='word_1_366' title='bbox 581 2618 619 2649; x_wconf 88' lang='lat' dir='ltr'><strong>in</strong></span> <span class='ocrx_word' id='word_1_367' title='bbox 645 2618 718 2650; x_wconf 88' lang='lat' dir='ltr'><strong>suis</strong></span> <span class='ocrx_word' id='word_1_368' title='bbox 745 2617 916 2653; x_wconf 82' lang='lat' dir='ltr'><strong>cabadiis.</strong></span> <span class='ocrx_word' id='word_1_369' title='bbox 967 2618 1210 2653; x_wconf 80' lang='lat' dir='ltr'><strong>Gitoniarchis</strong></span> <span class='ocrx_word' id='word_1_370' title='bbox 1238 2623 1275 2652; x_wconf 87' lang='lat' dir='ltr'><strong>et</strong></span> <span class='ocrx_word' id='word_1_371' title='bbox 1306 2618 1456 2664; x_wconf 85' lang='lat' dir='ltr'><strong>reliquis</strong></span> <span class='ocrx_word' id='word_1_372' title='bbox 1489 2617 1621 2652; x_wconf 82' lang='lat' dir='ltr'><strong>dantur</strong></span> <span class='ocrx_word' id='word_1_373' title='bbox 1644 2618 1722 2651; x_wconf 84' lang='lat' dir='ltr'><strong>sin-</strong></span> 
     </span>
     <span class='ocr_line' id='line_1_44' title="bbox 286 2662 1720 2711; baseline 0.002 -18"><span class='ocrx_word' id='word_1_374' title='bbox 286 2662 384 2704; x_wconf 82' lang='lat' dir='ltr'><strong>gulis</strong></span> <span class='ocrx_word' id='word_1_375' title='bbox 410 2662 541 2707; x_wconf 87' lang='lat' dir='ltr'><strong>singuli</strong></span> <span class='ocrx_word' id='word_1_376' title='bbox 569 2665 708 2696; x_wconf 88' lang='lat' dir='ltr'><strong>nummi</strong></span> <span class='ocrx_word' id='word_1_377' title='bbox 733 2666 846 2699; x_wconf 73' lang='lat' dir='ltr'><strong>aurei.</strong></span> <span class='ocrx_word' id='word_1_378' title='bbox 895 2665 1134 2711; x_wconf 76' lang='lat' dir='ltr'><strong>Temporibus</strong></span> <span class='ocrx_word' id='word_1_379' title='bbox 1160 2670 1280 2698; x_wconf 84' lang='lat' dir='ltr'><strong>autem</strong></span> <span class='ocrx_word' id='word_1_380' title='bbox 1303 2665 1570 2710; x_wconf 80' lang='lat' dir='ltr'><strong>antiquioribus</strong></span> <span class='ocrx_word' id='word_1_381' title='bbox 1586 2664 1720 2698; x_wconf 81' lang='lat' dir='ltr'><strong>invita-</strong></span> 
     </span>
     <span class='ocr_line' id='line_1_45' title="bbox 290 2706 1722 2760; baseline 0.004 -19"><span class='ocrx_word' id='word_1_382' title='bbox 290 2706 426 2742; x_wconf 78' lang='lat' dir='ltr'><strong>bantur</strong></span> <span class='ocrx_word' id='word_1_383' title='bbox 460 2708 540 2743; x_wconf 91' lang='lat' dir='ltr'><strong>loco</strong></span> <span class='ocrx_word' id='word_1_384' title='bbox 576 2711 726 2746; x_wconf 85' lang='lat' dir='ltr'><strong>istorum</strong></span> <span class='ocrx_word' id='word_1_385' title='bbox 761 2710 966 2747; x_wconf 82' lang='lat' dir='ltr'><strong>chartularii</strong></span> <span class='ocrx_word' id='word_1_386' title='bbox 1003 2712 1269 2760; x_wconf 76' lang='lat' dir='ltr'><strong>sceuophylacii</strong></span> <span class='ocrx_word' id='word_1_387' title='bbox 1294 2712 1328 2749; x_wconf 89' lang='lat' dir='ltr'><strong>S.</strong></span> <span class='ocrx_word' id='word_1_388' title='bbox 1348 2710 1524 2758; x_wconf 82' lang='lat' dir='ltr'><strong>Sophiae,</strong></span> <span class='ocrx_word' id='word_1_389' title='bbox 1564 2711 1722 2758; x_wconf 74' lang='lat' dir='ltr'><strong>accipio-</strong></span> 
     </span>
    </p>
   </div>
   <div class='ocr_carea' id='block_1_5' title="bbox 1845 1362 1878 3112">
    <p class='ocr_par' dir='ltr' id='par_1_5' title="bbox 1845 1362 1878 3112">
     <span class='ocr_line' id='line_1_46' title="bbox 1845 1362 1878 3112; baseline 0 0"><span class='ocrx_word' id='word_1_390' title='bbox 1845 1362 1878 3112; x_wconf 95' lang='lat' dir='ltr'><strong> </strong></span> 
     </span>
    </p>
   </div>
  </div>
 </body>
</html>
