1884 3112
334 156 406 198 nn
447 150 708 197 cmmon.
747 148 929 198 Anne
965 145 1189 188 nYzAN‘r.
1232 147 1266 185 ι.
1294 147 1362 189 tu.
1465 125 1573 180 213

124 259 222 310 λούς
257 255 329 300 καὶ
367 253 558 313 ἀγαθοὺς
602 252 783 309 χρόνους
793 253 835 305 ,”
872 251 945 293 καὶ
971 244 1260 301 ἇποκινοῦσιν,
1303 244 1614 300 όψικεόοντεςΒ

123 327 255 381 μέχρι
279 325 356 366 τοῦ
379 322 573 379 σεκρέτου
600 320 686 362 τῶν
712 316 898 372 ὑπάτων,
927 314 1002 358 καὶ
1025 314 1211 358 στάντων
1234 313 1319 356 τῶν
1343 312 1572 366 δεσποτῶν,

125 389 349 432 πίπτουσιν
377 386 419 430 οἵ
444 383 708 442 συγκλητικοὶ
732 383 883 434 πάντες
912 378 1003 435 ἅμα
1032 386 1121 430 τοῖς
1147 379 1395 436 πατρικίοις,
1423 379 1497 420 καί
1522 377 1575 419 ἆ.-

126 453 372 498 ναστάντων
397 449 562 506 αὗτῶν,
603 451 713 494 νεύει
739 449 762 492 ὅ
789 445 1065 505 πραιπόσιτος
1091 447 1153 504 τῷ
1178 445 1465 502 σιλεντιαρίῳ,
1502 443 1578 485 καὶ

101 522 238 576 5λέγει
273 518 569 574 ,μελεόσατεβ
617 515 689 559 καί
724 516 989 558 ἀποκινοῧσιν
1027 510 1295 566 ὄψικεόοντες
1332 509 1461 566 μέχρι
1495 505 1576 551 τοὸ

127 585 307 628 παστοῦ.
359 582 412 628 τὰ
450 583 498 626 δὲ
533 583 642 638 μέρη
670 580 866 635 δέχονται
902 579 960 630 εἷς
987 575 1062 620 τόν
1089 578 1294 633 τρίκλινον
1319 577 1403 618 τῶν
1429 576 1577 617 κανδι-

128 649 266 694 darm
292 648 413 694 ἔνθεν
439 645 631 691 κάκεῖθεν
660 645 834 703 πλησίον
861 645 944 687 τῶν
969 644 1207 701 γραδηλίων
1234 642 1308 697 τῆς
1332 640 1594 697 μαναύρας,.

129 716 171 759 οἳ
196 717 244 759 δὲ
270 714 448 771 κράκται
483 715 566 757 τῶν
593 713 670 756 δύο
696 711 837 768 μερῶν
869 711 1074 766 ἧνωμένοι
1101 711 1295 763 λέγουσιν
1322 705 1363 749 οἱ
1389 702 1578 763 ἀμφότε-

129 798 196 837 ροι
222 780 329 836 ὃμοῦ
355 779 432 830 τὰς
461 778 777 836 ἀναφωνήσεις,
819 774 874 818 τοὶ
916 777 964 817 δὲ
1003 769 1162 831 ὄργανα
1201 772 1404 816 αὐλοῦσιν
1434 770 1509 815 ἐπὶ
1530 769 1577 814 τὸ

81 848 256 903 ιομέρος
282 846 368 888 τῶν
394 844 643 902 Πρασίνων.
699 840 772 884 καὶ
790 837 859 883 ὅτε
886 841 1035 898 διέλθῃ
1063 837 1110 882 τὸ
1137 837 1414 901 στεφάνῳμα,
1443 837 1616 894 εἶσέρ-ῦ

130 928 278 966 χονται
304 909 357 954 τὰ
386 911 494 968 μέρη
520 912 581 960 εἷς
606 909 681 952 τόν
706 906 889 961 παστόν,
931 907 1004 949 καὶ
1029 906 1220 948 ἵστανται
1248 903 1289 945 οἱ
1318 905 1714 962 βασιλεῖςέ-Μμφ.
1739 914 1776 947 12.

132 978 355 1032 στεμμένοι
381 977 443 1026 εἶς
468 974 543 1018 τόν
568 973 742 1028 παστόν,
777 971 851 1016 καὶ
875 968 1147 1026 οἷκτολογοῧσι
1175 968 1228 1012 τὰ
1254 971 1363 1025 μέρη
1389 968 1441 1012 τὰ
1470 969 1577 1011 κατὰ

112 1041 396 1099 συνήθειαν,
439 1042 514 1084 καί
545 1037 803 1096 ἇπέρχονται
838 1037 878 1081 οἱ
913 1037 1115 1080 δεσπόται
1153 1035 1487 1092 ἐστεφανωμένοι
1521 1034 1582 1084 εἷς

131 1110 206 1165 τὴν
233 1106 384 1164 κόγχην
408 1109 483 1151 rofi
508 1108 686 1160 παστοῦ,
712 1103 819 1149 ἔνθα
848 1106 1019 1147 ἵσταται
1046 1102 1068 1145 ὅ
1087 1099 1304 1157 βασιλικός
1330 1101 1578 1157 κράβαττος,

81 1175 203 1225 ι5καί
225 1175 395 1217 τιθέασι
419 1171 471 1216 τοὶ
504 1173 724 1226 πέμματα
752 1171 824 1214 ἐπὶ
850 1169 923 1212 τόν
947 1170 1204 1225 κράβαττον,
1242 1165 1317 1210 καὶ
1342 1162 1501 1216 εὗθέως
1530 1163 1581 1208 ἆ-

129 1242 351 1296 πέρχονται
378 1238 418 1282 οἱ
445 1236 642 1282 δεσπόται
669 1235 742 1280 διὰ
763 1238 846 1279 τῶν
862 1236 1132 1290 διαβατικιόν,
1160 1233 1217 1283 ὥς
1240 1231 1312 1274 ἐπὶ
1333 1230 1408 1275 τόν
1428 1231 1580 1289 ἔρωτα,

130 1307 190 1356 εἷς
214 1305 267 1348 τὰ
297 1305 354 1348 aff
382 1302 610 1359 α’κούβιτα,
658 1303 732 1346 καί
755 1302 1083 1356 ἆκουμβίζουσι,
1127 1298 1201 1341 καὶ
1226 1295 1295 1341 ὅτε
1331 1299 1580 1352 ἀναστῶσιν,

130 1369 285 1428 ὅρι’ζει,
322 1368 400 1420 οὒς
426 1370 585 1424 κελεύει
611 1370 788 1427 φιλους,
835 1369 910 1411 καί
932 1368 1193 1423 εἰσέρχονται
1219 1367 1280 1416 εἷς
1305 1362 1375 1407 τὸν
1403 1362 1580 1417 παστὸν,

132 1436 190 1486 ὥς
215 1434 305 1491 ἔχει
324 1434 350 1492 ἧ
367 1434 589 1491 συνήθεια.
629 1437 706 1492 (ς.)
727 1434 824 1491 Χρὴ
848 1435 895 1476 δὲ
914 1433 1146 1488 γινώσκειν,
1171 1428 1236 1473 ὅτι
1260 1431 1312 1472 οὕ
1330 1432 1582 1482 καθέζονται

80 1501 175 1546 2οοὶ
207 1501 406 1545 δεσπόται
436 1500 540 1555 μετὰ
566 1501 766 1556 χλανίδια
795 1501 854 1550 εἷς
881 1498 954 1542 τόν
981 1497 1141 1541 παστόν
1169 1497 1276 1551 μετὰ
1313 1498 1398 1538 τῶν
1430 1497 1580 1551 φίλων,
1596 1512 1629 1545 1)

134 1566 225 1610 ἀλλ’
254 1565 277 1609 ὅ
302 1569 433 1622 μέγας
458 1565 658 1621 βασιλεὺς
693 1568 838 1623 φορῶν
866 1567 1016 1620 σαγιόν
1042 1564 1262 1619 χρυσοῦν,
1306 1559 1327 1602 ὃ
1360 1563 1407 1604 δὲ
1433 1558 1584 1616 μικρός

133 1631 331 1686 βασιλεῦς
358 1635 501 1688 φορῶν
519 1630 764 1684 τζιτζάκιον,
806 1628 846 1672 οἱ
866 1631 913 1671 δὲ
934 1628 1063 1685 φίλοι,
1087 1626 1230 1676 καθώς
1243 1627 1585 1679 ἅκουμβίζουσιν.

134 1697 217 1754 χρὴ
240 1699 287 1740 δὲ
304 1697 531 1752 γινώσκειν,
560 1694 638 1750 ὅτι,
661 1695 736 1739 ἐὰν
760 1698 906 1753 ἐξέλθῃ
932 1694 1189 1751 ἧαῦγούστα
1214 1693 1438 1747 ἐστεμμέιη
1459 1692 1504 1733 ἐν
1528 1692 1584 1749 τῷ

228 1820 261 1854 6.
286 1816 329 1854 τό
346 1819 465 1866 τρίκλ.
496 1819 550 1852 ed.
655 1831 708 1854 αι.
734 1817 815 1852 ἀλλ’
839 1817 941 1852 deest
962 1818 1002 1852 in
1021 1817 1100 1851 cod.

140 1933 298 1966 faustum
320 1943 361 1966 ac
383 1932 595 1966 diuturnum
619 1931 810 1976 imperium
838 1935 1100 1976 apprecantur,
1129 1934 1167 1963 et
1189 1929 1227 1962 in
1251 1928 1429 1975 obsequio
1456 1927 1502 1961 ad
1527 1937 1585 1961 se·

140 1985 276 2012 cretum
300 1978 488 2012 consulum
522 1978 676 2018 abeunt,
710 1983 747 2011 et
769 1978 936 2010 Dominis
968 1977 1022 2010 ibi
1061 1976 1292 2016 constitutis,
1329 1980 1510 2008 senatores
1544 1986 1588 2007 o-

138 2037 239 2058 mnes
263 2037 345 2058 cum
366 2025 528 2070 patriciis
554 2023 807 2069 procumbunt,
832 2025 895 2070 qui
918 2029 1110 2069 postqum
1134 2033 1334 2063 surrexere,
1357 2022 1583 2067 praepositus

140 2074 282 2117 signum
305 2072 505 2105 silentiario
533 2069 606 2112 dat,
632 2073 695 2117 qui
720 2071 826 2105 dicite
862 2071 1000 2112 Iubae,
1027 2075 1064 2102 et
1086 2071 1138 2103 sic
1161 2070 1201 2102 in
1225 2069 1402 2114 obsequio
1432 2068 1480 2101 ad
1503 2067 1584 2101 tha-

141 2119 280 2152 lamum
315 2123 482 2164 pergunt.
539 2118 731 2151 Factiones
763 2118 803 2150 in
839 2117 999 2151 triclinio
1038 2115 1310 2150 candidatorum
1350 2115 1395 2148 ab
1430 2120 1583 2159 utroque

140 2165 252 2198 latere
283 2176 396 2210 prope
431 2163 559 2210 gradus
595 2175 810 2210 magnaurae
851 2164 1079 2203 consistunt,
1128 2162 1316 2196 ambarum
1338 2173 1424 2196 vero
1452 2162 1583 2195 sactio-

140 2222 228 2244 num
251 2217 433 2251 cantores,
466 2212 619 2244 invicem
643 2211 779 2252 iuncti,
801 2211 985 2244 cantiones
1010 2210 1119 2243 simul
1142 2210 1312 2249 recitant,
1338 2210 1425 2243 (lum
1453 2217 1584 2252 organa

141 2258 182 2290 in
231 2262 307 2291 arte
331 2258 558 2291 Prasinorum
582 2258 782 2302 pulsantur.
845 2257 1090 2291 Coronatione
1127 2261 1299 2301 peracta,
1337 2257 1510 2289 factiones
1536 2253 1583 2285 ad

142 2269 363 2345 thafamum,
387 2304 453 2338 ubi
477 2305 618 2338 coronis
642 2304 760 2338 ornati
783 2306 1021 2349 Imperatores
1047 2307 1165 2344 stant,
1191 2302 1329 2337 abeunt
1353 2308 1390 2336 et
1415 2302 1581 2335 solennes

144 2349 415 2384 acclamationes
448 2356 633 2396 peragunt.
693 2350 753 2385 lui
784 2362 869 2385 vero
907 2351 1094 2390 coronati,
1133 2349 1181 2382 ad
1213 2348 1382 2384 concham
1417 2345 1580 2385 thalami,

142 2394 208 2428 ubi
233 2395 396 2439 grabatus
420 2397 669 2441 imperatorius
699 2399 879 2442 repositus
903 2401 978 2438 est,
1013 2395 1229 2437 discedunt,
1266 2407 1307 2428 ac
1330 2394 1503 2439 depositis
1525 2392 1582 2425 ibi

145 2441 298 2482 coronis,
322 2454 388 2487 per
410 2444 580 2488 porticus,
605 2445 708 2490 quasi
734 2444 780 2477 ad
802 2455 951 2484 amores,
976 2442 1022 2476 ad
1046 2443 1127 2477 xlx
1151 2442 1334 2476 accubitus
1359 2442 1513 2477 abeunt,
1538 2448 1582 2472 ac

144 2487 198 2520 ibi
221 2499 365 2522 mensae
387 2490 612 2531 accumbunt,
636 2495 674 2524 et
696 2497 887 2536 postquam
912 2501 1112 2529 surrexere,
1142 2490 1291 2529 amicos,
1318 2499 1407 2534 quos
1435 2484 1583 2518 invitari

145 2535 236 2574 vult,
261 2534 459 2577 Imperator
482 2537 658 2576 nominat,
683 2538 759 2582 qui,
790 2543 829 2571 nt
852 2548 928 2570 mos
955 2541 1023 2576 est,
1051 2535 1249 2569 thalamum
1276 2535 1422 2569 intrant.
1469 2530 1585 2575 (VL)

148 2581 259 2615 Porro
286 2581 596 2615 animadversione
620 2582 767 2627 dignum
791 2589 859 2623 est,
884 2582 982 2628 quod
1006 2583 1155 2616 Domini
1179 2594 1251 2616 non
1271 2583 1311 2613 in
1332 2576 1582 2622 chlamydibus

145 2638 225 2659 cum
253 2626 374 2659 amicis
401 2628 440 2660 in
463 2627 621 2662 thalamo
649 2630 879 2669 consideant,
924 2629 988 2663 sed
1010 2640 1157 2673 magnus
1186 2630 1386 2671 Imperator
1432 2634 1582 2658 aureum

146 2684 283 2716 sagum,
307 2673 424 2706 minor
449 2675 663 2715 tzitzacium,
686 2677 793 2710 amici
817 2681 950 2713 vestes,
970 2676 1007 2708 in
1024 2676 1156 2720 quibus
1180 2673 1409 2711 accumbunt,
1434 2673 1584 2716 gestent.

146 2719 339 2753 Sciendum
364 2731 507 2765 quoquc
535 2726 600 2761 cst,
626 2723 818 2766 Augustam
845 2724 883 2756 in
907 2722 1106 2756 triclinium
1132 2733 1213 2755 cum
1244 2730 1373 2753 corona
1398 2727 1582 2764 egressam,
