<?xml version="1.0" encoding="UTF-8"?>
<!DOCTYPE html PUBLIC "-//W3C//DTD XHTML 1.0 Transitional//EN"
    "http://www.w3.org/TR/xhtml1/DTD/xhtml1-transitional.dtd">
<html xmlns="http://www.w3.org/1999/xhtml" xml:lang="en" lang="en">
 <head>
  <title>
</title>
<meta http-equiv="Content-Type" content="text/html;charset=utf-8" />
  <meta name='ocr-system' content='tesseract 3.04.00' />
  <meta name='ocr-capabilities' content='ocr_page ocr_carea ocr_par ocr_line ocrx_word'/>
</head>
<body>
  <div class='ocr_page' id='page_1' title='image "./corpusscriptorum07niebuoft_0254.png"; bbox 0 0 1884 3112; ppageno 0'>
   <div class='ocr_carea' id='block_1_1' title="bbox 288 0 1466 157">
    <p class='ocr_par' dir='ltr' id='par_1_1' title="bbox 288 0 1466 157">
     <span class='ocr_line' id='line_1_1' title="bbox 862 0 897 35; baseline 0 0"><span class='ocrx_word' id='word_1_1' title='bbox 862 0 897 35; x_wconf 76' lang='grc' dir='ltr'>Ι</span> 
     </span>
     <span class='ocr_line' id='line_1_2' title="bbox 288 85 1466 157; baseline 0.005 -15"><span class='ocrx_word' id='word_1_2' title='bbox 288 85 396 144; x_wconf 54' lang='lat'><strong><em>1288</em></strong></span> <span class='ocrx_word' id='word_1_3' title='bbox 567 101 925 150; x_wconf 71' lang='lat' dir='ltr'><strong>coNs’rANm1</strong></span> <span class='ocrx_word' id='word_1_4' title='bbox 957 101 1466 157; x_wconf 56' lang='lat' dir='ltr'><strong><em>Por-Pmoossmrr</em></strong></span> 
     </span>
    </p>
   </div>
   <div class='ocr_carea' id='block_1_2' title="bbox 92 199 1788 1779">
    <p class='ocr_par' dir='ltr' id='par_1_2' title="bbox 92 199 1788 1779">
     <span class='ocr_line' id='line_1_3' title="bbox 238 199 1728 265; baseline 0.001 -18"><span class='ocrx_word' id='word_1_5' title='bbox 238 207 329 249; x_wconf 80' lang='grc' dir='ltr'><strong><em>Βδὲ</em></strong></span> <span class='ocrx_word' id='word_1_6' title='bbox 347 209 406 265; x_wconf 68' lang='grc' dir='ltr'><strong><em>’τῷ</em></strong></span> <span class='ocrx_word' id='word_1_7' title='bbox 434 210 550 263; x_wconf 79' lang='grc' dir='ltr'><strong><em>πρωῒ</em></strong></span> <span class='ocrx_word' id='word_1_8' title='bbox 571 205 750 264; x_wconf 78' lang='grc' dir='ltr'><strong><em>ρόύσια,</em></strong></span> <span class='ocrx_word' id='word_1_9' title='bbox 799 207 845 248; x_wconf 75' lang='grc' dir='ltr'><strong><em>ἐν</em></strong></span> <span class='ocrx_word' id='word_1_10' title='bbox 878 207 932 263; x_wconf 84' lang='grc' dir='ltr'><strong><em>τῇ</em></strong></span> <span class='ocrx_word' id='word_1_11' title='bbox 965 202 1209 263; x_wconf 66' lang='grc' dir='ltr'><strong><em>ὑποστροφῇ</em></strong></span> <span class='ocrx_word' id='word_1_12' title='bbox 1244 202 1396 248; x_wconf 83' lang='grc' dir='ltr'><strong><em>λευκά.</em></strong></span> <span class='ocrx_word' id='word_1_13' title='bbox 1450 204 1604 258; x_wconf 79' lang='grc' dir='ltr'><strong><em>ἰστέον,</em></strong></span> <span class='ocrx_word' id='word_1_14' title='bbox 1628 199 1728 259; x_wconf 62' lang='grc' dir='ltr'><strong><em>ότι,</em></strong></span> 
     </span>
     <span class='ocr_line' id='line_1_4' title="bbox 106 267 1728 329; baseline -0.003 -13"><span class='ocrx_word' id='word_1_15' title='bbox 106 275 371 322; x_wconf 68' lang='grc' dir='ltr'><strong><em>Με.88.ειτῶν</em></strong></span> <span class='ocrx_word' id='word_1_16' title='bbox 397 275 608 316; x_wconf 75' lang='grc' dir='ltr'><em>δεσποτῶν</em></span> <span class='ocrx_word' id='word_1_17' title='bbox 634 274 687 329; x_wconf 86' lang='grc' dir='ltr'><em>τῇ</em></span> <span class='ocrx_word' id='word_1_18' title='bbox 710 273 883 329; x_wconf 77' lang='grc' dir='ltr'><em>δευτέρᾳ</em></span> <span class='ocrx_word' id='word_1_19' title='bbox 916 273 990 327; x_wconf 80' lang='grc' dir='ltr'><strong><em>τῆς</em></strong></span> <span class='ocrx_word' id='word_1_20' title='bbox 1027 271 1346 327; x_wconf 84' lang='grc' dir='ltr'><strong><em>διακαινησίμου</em></strong></span> <span class='ocrx_word' id='word_1_21' title='bbox 1371 267 1454 313; x_wconf 80' lang='grc' dir='ltr'><strong><em>οἷπὸ</em></strong></span> <span class='ocrx_word' id='word_1_22' title='bbox 1483 272 1562 312; x_wconf 76' lang='grc' dir='ltr'><strong><em>τοῦ</em></strong></span> <span class='ocrx_word' id='word_1_23' title='bbox 1591 274 1728 312; x_wconf 84' lang='grc' dir='ltr'><strong><em>παλα-</em></strong></span> 
     </span>
     <span class='ocr_line' id='line_1_5' title="bbox 279 334 1729 394; baseline -0.001 -14"><span class='ocrx_word' id='word_1_24' title='bbox 279 340 371 380; x_wconf 84' lang='grc' dir='ltr'><strong><em>τίου</em></strong></span> <span class='ocrx_word' id='word_1_25' title='bbox 397 338 699 394; x_wconf 77' lang='grc' dir='ltr'><strong><em>ἐξερχομένων,</em></strong></span> <span class='ocrx_word' id='word_1_26' title='bbox 732 337 1052 392; x_wconf 80' lang='grc' dir='ltr'><em>περιβάλλονται</em></span> <span class='ocrx_word' id='word_1_27' title='bbox 1079 336 1133 379; x_wconf 81' lang='grc' dir='ltr'><strong><em>τά</em></strong></span> <span class='ocrx_word' id='word_1_28' title='bbox 1162 336 1288 380; x_wconf 83' lang='grc' dir='ltr'><strong><em>λευκοὶ</em></strong></span> <span class='ocrx_word' id='word_1_29' title='bbox 1310 339 1456 393; x_wconf 78' lang='grc' dir='ltr'><strong><em>χρυσᾶ</em></strong></span> <span class='ocrx_word' id='word_1_30' title='bbox 1484 334 1729 392; x_wconf 83' lang='grc' dir='ltr'><strong><em>σκαραμάγ-</em></strong></span> 
     </span>
     <span class='ocr_line' id='line_1_6' title="bbox 279 401 1728 461; baseline -0.001 -17"><span class='ocrx_word' id='word_1_31' title='bbox 279 420 351 459; x_wconf 89' lang='grc' dir='ltr'><strong><em>για</em></strong></span> <span class='ocrx_word' id='word_1_32' title='bbox 373 403 444 445; x_wconf 84' lang='grc' dir='ltr'><em>καί</em></span> <span class='ocrx_word' id='word_1_33' title='bbox 461 403 511 446; x_wconf 79' lang='grc' dir='ltr'><strong><em>τά</em></strong></span> <span class='ocrx_word' id='word_1_34' title='bbox 535 401 709 445; x_wconf 87' lang='grc' dir='ltr'><strong><em>διάλιθα</em></strong></span> <span class='ocrx_word' id='word_1_35' title='bbox 735 404 893 445; x_wconf 84' lang='grc' dir='ltr'><strong><em>τούτων</em></strong></span> <span class='ocrx_word' id='word_1_36' title='bbox 913 403 1090 445; x_wconf 87' lang='grc' dir='ltr'><strong><em>σπαθία.</em></strong></span> <span class='ocrx_word' id='word_1_37' title='bbox 1145 405 1188 445; x_wconf 81' lang='grc' dir='ltr'><strong><em>ἐν</em></strong></span> <span class='ocrx_word' id='word_1_38' title='bbox 1207 405 1252 446; x_wconf 87' lang='grc' dir='ltr'><strong><em>δὲ</em></strong></span> <span class='ocrx_word' id='word_1_39' title='bbox 1278 405 1330 461; x_wconf 80' lang='grc' dir='ltr'><strong><em>τῇ</em></strong></span> <span class='ocrx_word' id='word_1_40' title='bbox 1361 405 1438 445; x_wconf 77' lang='grc' dir='ltr'><strong><em>τοῦ</em></strong></span> <span class='ocrx_word' id='word_1_41' title='bbox 1461 404 1630 459; x_wconf 86' lang='grc' dir='ltr'><strong><em>Κυρίου</em></strong></span> <span class='ocrx_word' id='word_1_42' title='bbox 1659 403 1728 444; x_wconf 80' lang='grc' dir='ltr'><strong><em>ἐκ-</em></strong></span> 
     </span>
     <span class='ocr_line' id='line_1_7' title="bbox 282 467 1754 526; baseline 0.001 -15"><span class='ocrx_word' id='word_1_43' title='bbox 282 471 427 526; x_wconf 73' lang='grc' dir='ltr'><strong><em>κλησίᾳ</em></strong></span> <span class='ocrx_word' id='word_1_44' title='bbox 456 469 773 524; x_wconf 76' lang='grc' dir='ltr'><strong><em>περιβάλλονται</em></strong></span> <span class='ocrx_word' id='word_1_45' title='bbox 797 471 1012 522; x_wconf 81' lang='grc' dir='ltr'><strong><em>στέμματα</em></strong></span> <span class='ocrx_word' id='word_1_46' title='bbox 1041 468 1256 526; x_wconf 86' lang='grc' dir='ltr'><strong><em>Πράσινα,</em></strong></span> <span class='ocrx_word' id='word_1_47' title='bbox 1295 470 1368 511; x_wconf 86' lang='grc' dir='ltr'><strong><em>καί</em></strong></span> <span class='ocrx_word' id='word_1_48' title='bbox 1398 467 1652 525; x_wconf 76' lang='grc' dir='ltr'><strong><em>ἀπέρχονται</em></strong></span> <span class='ocrx_word' id='word_1_49' title='bbox 1681 469 1754 512; x_wconf 77' lang='grc' dir='ltr'><strong><em>ένό</em></strong></span> 
     </span>
     <span class='ocr_line' id='line_1_8' title="bbox 281 531 1728 593; baseline -0.002 -16"><span class='ocrx_word' id='word_1_50' title='bbox 281 536 333 591; x_wconf 83' lang='grc' dir='ltr'><strong><em>τῇ</em></strong></span> <span class='ocrx_word' id='word_1_51' title='bbox 361 535 552 593; x_wconf 73' lang='grc' dir='ltr'><strong><em>ἐκκλησίᾳ</em></strong></span> <span class='ocrx_word' id='word_1_52' title='bbox 578 536 660 577; x_wconf 85' lang='grc' dir='ltr'><strong><em>τῶν</em></strong></span> <span class='ocrx_word' id='word_1_53' title='bbox 689 534 820 590; x_wconf 81' lang='grc' dir='ltr'><strong><em>ἇγίων</em></strong></span> <span class='ocrx_word' id='word_1_54' title='bbox 840 532 1090 589; x_wconf 76' lang='grc' dir='ltr'><strong><em>ἀποστόλων,</em></strong></span> <span class='ocrx_word' id='word_1_55' title='bbox 1118 534 1190 577; x_wconf 85' lang='grc' dir='ltr'><em>καί</em></span> <span class='ocrx_word' id='word_1_56' title='bbox 1209 535 1526 591; x_wconf 82' lang='grc' dir='ltr'><strong><em>περιβάλλονται</em></strong></span> <span class='ocrx_word' id='word_1_57' title='bbox 1549 532 1603 575; x_wconf 83' lang='grc' dir='ltr'><strong><em>τὰ</em></strong></span> <span class='ocrx_word' id='word_1_58' title='bbox 1627 531 1728 576; x_wconf 74' lang='grc' dir='ltr'><strong><em>ἑαυ-</em></strong></span> 
     </span>
     <span class='ocr_line' id='line_1_9' title="bbox 281 596 1727 658; baseline -0.002 -16"><span class='ocrx_word' id='word_1_59' title='bbox 281 602 364 642; x_wconf 82' lang='grc' dir='ltr'><strong><em>τῶν</em></strong></span> <span class='ocrx_word' id='word_1_60' title='bbox 391 599 516 642; x_wconf 82' lang='grc' dir='ltr'><strong><em>λευκὰ</em></strong></span> <span class='ocrx_word' id='word_1_61' title='bbox 547 601 767 658; x_wconf 80' lang='grc' dir='ltr'><strong><em>διβητήσια</em></strong></span> <span class='ocrx_word' id='word_1_62' title='bbox 797 600 869 643; x_wconf 78' lang='grc' dir='ltr'><strong><em>καὶ</em></strong></span> <span class='ocrx_word' id='word_1_63' title='bbox 893 599 946 642; x_wconf 81' lang='grc' dir='ltr'><strong><em>τά</em></strong></span> <span class='ocrx_word' id='word_1_64' title='bbox 977 603 1176 655; x_wconf 88' lang='grc' dir='ltr'><strong><em>χλανίδια</em></strong></span> <span class='ocrx_word' id='word_1_65' title='bbox 1218 602 1291 642; x_wconf 85' lang='grc' dir='ltr'>καί</span> <span class='ocrx_word' id='word_1_66' title='bbox 1320 598 1604 653; x_wconf 81' lang='grc' dir='ltr'><strong><em>εἷσοδεύουσι,</em></strong></span> <span class='ocrx_word' id='word_1_67' title='bbox 1643 596 1727 640; x_wconf 86' lang='grc' dir='ltr'><strong><em>δεί-</em></strong></span> 
     </span>
     <span class='ocr_line' id='line_1_10' title="bbox 283 658 1727 724; baseline 0 -16"><span class='ocrx_word' id='word_1_68' title='bbox 283 669 356 721; x_wconf 85' lang='grc' dir='ltr'><strong><em>λης</em></strong></span> <span class='ocrx_word' id='word_1_69' title='bbox 385 667 431 708; x_wconf 86' lang='grc' dir='ltr'><strong><em>δὲ</em></strong></span> <span class='ocrx_word' id='word_1_70' title='bbox 465 667 509 708; x_wconf 79' lang='grc' dir='ltr'><strong><em>ἐν</em></strong></span> <span class='ocrx_word' id='word_1_71' title='bbox 543 670 596 724; x_wconf 82' lang='grc' dir='ltr'><strong><em>τῇ</em></strong></span> <span class='ocrx_word' id='word_1_72' title='bbox 637 667 880 723; x_wconf 77' lang='grc' dir='ltr'><strong><em>ὑποστροφῇ</em></strong></span> <span class='ocrx_word' id='word_1_73' title='bbox 921 666 1243 722; x_wconf 77' lang='grc' dir='ltr'><strong><em>περιβάλλονται</em></strong></span> <span class='ocrx_word' id='word_1_74' title='bbox 1270 665 1321 708; x_wconf 80' lang='grc' dir='ltr'><strong><em>τὰ</em></strong></span> <span class='ocrx_word' id='word_1_75' title='bbox 1350 658 1556 719; x_wconf 76' lang='grc' dir='ltr'><strong><em>κολῶβια,</em></strong></span> <span class='ocrx_word' id='word_1_76' title='bbox 1598 660 1727 721; x_wconf 73' lang='grc' dir='ltr'><strong><em>ἤγουν</em></strong></span> 
     </span>
     <span class='ocr_line' id='line_1_11' title="bbox 283 729 1727 787; baseline 0.001 -14"><span class='ocrx_word' id='word_1_77' title='bbox 283 730 382 781; x_wconf 75' lang='grc' dir='ltr'><strong><em>τούς</em></strong></span> <span class='ocrx_word' id='word_1_78' title='bbox 407 729 572 787; x_wconf 78' lang='grc' dir='ltr'><strong><em>κριοὺς,</em></strong></span> <span class='ocrx_word' id='word_1_79' title='bbox 612 731 685 774; x_wconf 82' lang='grc' dir='ltr'><em>καί</em></span> <span class='ocrx_word' id='word_1_80' title='bbox 709 731 759 776; x_wconf 81' lang='grc' dir='ltr'><strong><em>τὰ</em></strong></span> <span class='ocrx_word' id='word_1_81' title='bbox 790 731 962 774; x_wconf 76' lang='grc' dir='ltr'><strong><em>διάλιθα</em></strong></span> <span class='ocrx_word' id='word_1_82' title='bbox 994 734 1192 785; x_wconf 82' lang='grc' dir='ltr'><strong><em>ζωστίκια</em></strong></span> <span class='ocrx_word' id='word_1_83' title='bbox 1221 733 1385 774; x_wconf 87' lang='grc' dir='ltr'><strong><em>σπαθία</em></strong></span> <span class='ocrx_word' id='word_1_84' title='bbox 1415 731 1488 775; x_wconf 80' lang='grc' dir='ltr'><strong><em>καί</em></strong></span> <span class='ocrx_word' id='word_1_85' title='bbox 1509 733 1727 785; x_wconf 78' lang='grc' dir='ltr'><strong><em>στέμματα</em></strong></span> 
     </span>
     <span class='ocr_line' id='line_1_12' title="bbox 282 794 1784 855; baseline -0.001 -15"><span class='ocrx_word' id='word_1_86' title='bbox 282 797 408 840; x_wconf 81' lang='grc' dir='ltr'><strong><em>λευκὰ</em></strong></span> <span class='ocrx_word' id='word_1_87' title='bbox 424 833 437 853; x_wconf 90' lang='grc'><strong><em>,</em></strong></span> <span class='ocrx_word' id='word_1_88' title='bbox 477 801 516 840; x_wconf 85' lang='grc' dir='ltr'><strong><em>εἰ</em></strong></span> <span class='ocrx_word' id='word_1_89' title='bbox 540 801 585 840; x_wconf 82' lang='grc' dir='ltr'><strong><em>δὲ</em></strong></span> <span class='ocrx_word' id='word_1_90' title='bbox 613 802 855 854; x_wconf 74' lang='grc' dir='ltr'><strong><em>βουληθῶσι</em></strong></span> <span class='ocrx_word' id='word_1_91' title='bbox 882 799 1050 853; x_wconf 82' lang='grc' dir='ltr'><strong><em>βάλλειν</em></strong></span> <span class='ocrx_word' id='word_1_92' title='bbox 1077 797 1151 849; x_wconf 79' lang='grc' dir='ltr'><strong><em>τὰς</em></strong></span> <span class='ocrx_word' id='word_1_93' title='bbox 1178 797 1324 855; x_wconf 80' lang='grc' dir='ltr'><strong><em>τιάρας</em></strong></span> <span class='ocrx_word' id='word_1_94' title='bbox 1340 833 1354 852; x_wconf 87' lang='grc'><strong><em>,</em></strong></span> <span class='ocrx_word' id='word_1_95' title='bbox 1381 794 1505 853; x_wconf 71' lang='grc' dir='ltr'><strong><em>ἤγουν</em></strong></span> <span class='ocrx_word' id='word_1_96' title='bbox 1531 796 1610 848; x_wconf 74' lang='grc' dir='ltr'><strong><em>τὰς</em></strong></span> <span class='ocrx_word' id='word_1_97' title='bbox 1633 796 1784 840; x_wconf 78' lang='grc' dir='ltr'><strong><em>τού-ιο</em></strong></span> 
     </span>
     <span class='ocr_line' id='line_1_13' title="bbox 92 861 1745 923; baseline -0.002 -14"><span class='ocrx_word' id='word_1_98' title='bbox 92 873 394 922; x_wconf 60' lang='grc' dir='ltr'><strong><em>Εὰιηιιφας,</em></strong></span> <span class='ocrx_word' id='word_1_99' title='bbox 437 864 755 920; x_wconf 83' lang='grc' dir='ltr'><strong><em>περιβάλλονται</em></strong></span> <span class='ocrx_word' id='word_1_100' title='bbox 792 865 935 915; x_wconf 77' lang='grc' dir='ltr'><strong><em>αὐτάς.</em></strong></span> <span class='ocrx_word' id='word_1_101' title='bbox 992 866 1147 918; x_wconf 82' lang='grc' dir='ltr'><strong><em>ἰστέον,</em></strong></span> <span class='ocrx_word' id='word_1_102' title='bbox 1193 862 1259 907; x_wconf 76' lang='grc' dir='ltr'><strong><em>ὅτι</em></strong></span> <span class='ocrx_word' id='word_1_103' title='bbox 1285 864 1415 922; x_wconf 78' lang='grc' dir='ltr'><strong><em>ταύτῃ</em></strong></span> <span class='ocrx_word' id='word_1_104' title='bbox 1445 866 1498 923; x_wconf 75' lang='grc' dir='ltr'><strong><em>τῇ</em></strong></span> <span class='ocrx_word' id='word_1_105' title='bbox 1524 861 1745 923; x_wconf 40' lang='grc' dir='ltr'><strong><em>ἑβδομάδιη</em></strong></span> 
     </span>
     <span class='ocr_line' id='line_1_14' title="bbox 283 927 1739 989; baseline 0.001 -18"><span class='ocrx_word' id='word_1_106' title='bbox 283 932 358 984; x_wconf 81' lang='grc' dir='ltr'><strong><em>τῆς</em></strong></span> <span class='ocrx_word' id='word_1_107' title='bbox 387 931 705 986; x_wconf 86' lang='grc' dir='ltr'><strong><em>διακαινησίμου</em></strong></span> <span class='ocrx_word' id='word_1_108' title='bbox 737 933 939 988; x_wconf 78' lang='grc' dir='ltr'><strong><em>φοροῦσιν</em></strong></span> <span class='ocrx_word' id='word_1_109' title='bbox 962 930 999 973; x_wconf 85' lang='grc' dir='ltr'><strong><em>οἱ</em></strong></span> <span class='ocrx_word' id='word_1_110' title='bbox 1028 929 1226 973; x_wconf 84' lang='grc' dir='ltr'><strong><em>δεσπόται</em></strong></span> <span class='ocrx_word' id='word_1_111' title='bbox 1246 930 1296 973; x_wconf 75' lang='grc' dir='ltr'><strong><em>τά</em></strong></span> <span class='ocrx_word' id='word_1_112' title='bbox 1326 927 1469 987; x_wconf 77' lang='grc' dir='ltr'><strong><em>ἅσπρα</em></strong></span> <span class='ocrx_word' id='word_1_113' title='bbox 1494 929 1739 989; x_wconf 56' lang='grc' dir='ltr'><strong><em>διβητήσια,ξ</em></strong></span> 
     </span>
     <span class='ocr_line' id='line_1_15' title="bbox 284 993 1734 1054; baseline 0 -18"><span class='ocrx_word' id='word_1_114' title='bbox 284 996 325 1038; x_wconf 84' lang='grc' dir='ltr'><strong><em>εἰ</em></strong></span> <span class='ocrx_word' id='word_1_115' title='bbox 352 997 398 1038; x_wconf 83' lang='grc' dir='ltr'><strong><em>δὲ</em></strong></span> <span class='ocrx_word' id='word_1_116' title='bbox 425 999 668 1052; x_wconf 75' lang='grc' dir='ltr'><strong><em>βουληθῶσι</em></strong></span> <span class='ocrx_word' id='word_1_117' title='bbox 693 998 865 1052; x_wconf 78' lang='grc' dir='ltr'><strong><em>ποιῆσαι</em></strong></span> <span class='ocrx_word' id='word_1_118' title='bbox 894 993 921 1052; x_wconf 78' lang='grc' dir='ltr'><strong><em>ἦ</em></strong></span> <span class='ocrx_word' id='word_1_119' title='bbox 949 994 1176 1052; x_wconf 86' lang='grc' dir='ltr'><strong><em>πρόκενσον</em></strong></span> <span class='ocrx_word' id='word_1_120' title='bbox 1203 999 1248 1039; x_wconf 82' lang='grc' dir='ltr'><strong><em>έν</em></strong></span> <span class='ocrx_word' id='word_1_121' title='bbox 1275 996 1482 1054; x_wconf 77' lang='grc' dir='ltr'><strong><em>ἐκκλησίᾳ,</em></strong></span> <span class='ocrx_word' id='word_1_122' title='bbox 1511 995 1592 1038; x_wconf 83' lang='grc' dir='ltr'><strong><em>εἴτε</em></strong></span> <span class='ocrx_word' id='word_1_123' title='bbox 1617 993 1734 1050; x_wconf 77' lang='grc' dir='ltr'><strong><em>λιτὴν</em></strong></span> 
     </span>
     <span class='ocr_line' id='line_1_16' title="bbox 284 1059 1734 1121; baseline -0.001 -18"><span class='ocrx_word' id='word_1_124' title='bbox 284 1060 365 1104; x_wconf 83' lang='grc' dir='ltr'><strong><em>εἴτε</em></strong></span> <span class='ocrx_word' id='word_1_125' title='bbox 394 1059 519 1117; x_wconf 76' lang='grc' dir='ltr'><strong><em>δοχὴν</em></strong></span> <span class='ocrx_word' id='word_1_126' title='bbox 542 1064 586 1104; x_wconf 83' lang='grc' dir='ltr'><strong><em>ἑν</em></strong></span> <span class='ocrx_word' id='word_1_127' title='bbox 614 1063 672 1121; x_wconf 78' lang='grc' dir='ltr'><strong><em>τῷ</em></strong></span> <span class='ocrx_word' id='word_1_128' title='bbox 699 1064 897 1121; x_wconf 81' lang='grc' dir='ltr'><strong><em>παλατίῳ,</em></strong></span> <span class='ocrx_word' id='word_1_129' title='bbox 925 1061 1248 1117; x_wconf 75' lang='grc' dir='ltr'><strong><em>περιβάλλονται</em></strong></span> <span class='ocrx_word' id='word_1_130' title='bbox 1276 1061 1329 1104; x_wconf 81' lang='grc' dir='ltr'><strong><em>τὰ</em></strong></span> <span class='ocrx_word' id='word_1_131' title='bbox 1357 1060 1583 1114; x_wconf 82' lang='grc' dir='ltr'><strong><em>τζιτζάκια.</em></strong></span> <span class='ocrx_word' id='word_1_132' title='bbox 1621 1062 1734 1103; x_wconf 81' lang='grc' dir='ltr'><strong><em>ἰστέ-</em></strong></span> 
     </span>
     <span class='ocr_line' id='line_1_17' title="bbox 287 1122 1787 1185; baseline 0 -17"><span class='ocrx_word' id='word_1_133' title='bbox 287 1143 356 1181; x_wconf 91' lang='grc' dir='ltr'><strong><em>ον,</em></strong></span> <span class='ocrx_word' id='word_1_134' title='bbox 405 1122 469 1169; x_wconf 75' lang='grc' dir='ltr'><strong><em>ὅτι</em></strong></span> <span class='ocrx_word' id='word_1_135' title='bbox 497 1129 548 1184; x_wconf 81' lang='grc' dir='ltr'><strong><em>τῇ</em></strong></span> <span class='ocrx_word' id='word_1_136' title='bbox 576 1128 698 1184; x_wconf 72' lang='grc' dir='ltr'><strong><em>καινῇ</em></strong></span> <span class='ocrx_word' id='word_1_137' title='bbox 724 1130 932 1185; x_wconf 82' lang='grc' dir='ltr'><strong><em>κυριακῇ,</em></strong></span> <span class='ocrx_word' id='word_1_138' title='bbox 973 1123 1100 1182; x_wconf 72' lang='grc' dir='ltr'><strong><em>ἤγουν</em></strong></span> <span class='ocrx_word' id='word_1_139' title='bbox 1127 1129 1209 1169; x_wconf 85' lang='grc' dir='ltr'><strong><em>τῶν</em></strong></span> <span class='ocrx_word' id='word_1_140' title='bbox 1246 1130 1394 1182; x_wconf 87' lang='grc' dir='ltr'><strong><em>θυρῶν</em></strong></span> <span class='ocrx_word' id='word_1_141' title='bbox 1420 1128 1787 1180; x_wconf 64' lang='grc' dir='ltr'><strong><em>κεκλεισμένων,15</em></strong></span> 
     </span>
     <span class='ocr_line' id='line_1_18' title="bbox 288 1191 1736 1247; baseline -0.002 -12"><span class='ocrx_word' id='word_1_142' title='bbox 288 1193 441 1247; x_wconf 79' lang='grc' dir='ltr'><strong><em>ὁμοίως</em></strong></span> <span class='ocrx_word' id='word_1_143' title='bbox 466 1194 742 1235; x_wconf 78' lang='grc' dir='ltr'><strong><em>ἐπιτελεῖται·</em></strong></span> <span class='ocrx_word' id='word_1_144' title='bbox 799 1193 995 1243; x_wconf 88' lang='grc' dir='ltr'><strong><em>πολλάκις</em></strong></span> <span class='ocrx_word' id='word_1_145' title='bbox 1035 1195 1106 1246; x_wconf 83' lang='grc' dir='ltr'><strong><em>δὲ,</em></strong></span> <span class='ocrx_word' id='word_1_146' title='bbox 1155 1195 1194 1236; x_wconf 87' lang='grc' dir='ltr'><strong><em>εἰ</em></strong></span> <span class='ocrx_word' id='word_1_147' title='bbox 1232 1192 1469 1237; x_wconf 74' lang='grc' dir='ltr'><strong><em>κελεύουσιν</em></strong></span> <span class='ocrx_word' id='word_1_148' title='bbox 1507 1191 1545 1234; x_wconf 80' lang='grc' dir='ltr'><strong><em>οἱ</em></strong></span> <span class='ocrx_word' id='word_1_149' title='bbox 1585 1192 1736 1234; x_wconf 88' lang='grc' dir='ltr'><strong><em>δεσπό-</em></strong></span> 
     </span>
     <span class='ocr_line' id='line_1_19' title="bbox 288 1258 1737 1318; baseline -0.001 -17"><span class='ocrx_word' id='word_1_150' title='bbox 288 1276 389 1315; x_wconf 89' lang='grc' dir='ltr'><strong><em>ται,</em></strong></span> <span class='ocrx_word' id='word_1_151' title='bbox 430 1260 560 1318; x_wconf 82' lang='grc' dir='ltr'><strong><em>ταύτῃ</em></strong></span> <span class='ocrx_word' id='word_1_152' title='bbox 588 1261 641 1318; x_wconf 80' lang='grc' dir='ltr'><strong><em>τῇ</em></strong></span> <span class='ocrx_word' id='word_1_153' title='bbox 669 1258 795 1318; x_wconf 74' lang='grc' dir='ltr'><strong><em>ἑορτῇ</em></strong></span> <span class='ocrx_word' id='word_1_154' title='bbox 836 1259 928 1303; x_wconf 73' lang='grc' dir='ltr'><strong><em>ἀντὶ</em></strong></span> <span class='ocrx_word' id='word_1_155' title='bbox 954 1261 1038 1303; x_wconf 87' lang='grc' dir='ltr'><strong><em>τῶν</em></strong></span> <span class='ocrx_word' id='word_1_156' title='bbox 1066 1262 1226 1303; x_wconf 84' lang='grc' dir='ltr'><strong><em>λευκῶν</em></strong></span> <span class='ocrx_word' id='word_1_157' title='bbox 1251 1261 1424 1316; x_wconf 78' lang='grc' dir='ltr'><strong><em>χρυσῶν</em></strong></span> <span class='ocrx_word' id='word_1_158' title='bbox 1451 1259 1737 1316; x_wconf 78' lang='grc' dir='ltr'><strong><em>σκαραμαγγί-</em></strong></span> 
     </span>
     <span class='ocr_line' id='line_1_20' title="bbox 290 1323 1732 1382; baseline -0.001 -14"><span class='ocrx_word' id='word_1_159' title='bbox 290 1342 350 1368; x_wconf 87' lang='grc' dir='ltr'><strong><em>ων</em></strong></span> <span class='ocrx_word' id='word_1_160' title='bbox 388 1324 706 1382; x_wconf 85' lang='grc' dir='ltr'><strong><em>περιβάλλονται</em></strong></span> <span class='ocrx_word' id='word_1_161' title='bbox 734 1325 787 1368; x_wconf 75' lang='grc' dir='ltr'><strong><em>τά</em></strong></span> <span class='ocrx_word' id='word_1_162' title='bbox 820 1329 1020 1382; x_wconf 79' lang='grc' dir='ltr'><strong><em>πορφυρᾶ</em></strong></span> <span class='ocrx_word' id='word_1_163' title='bbox 1046 1329 1190 1382; x_wconf 82' lang='grc' dir='ltr'><strong><em>χρυσᾶ</em></strong></span> <span class='ocrx_word' id='word_1_164' title='bbox 1218 1323 1532 1382; x_wconf 83' lang='grc' dir='ltr'><strong><em>σκαραμάγγια.</em></strong></span> <span class='ocrx_word' id='word_1_165' title='bbox 1584 1325 1732 1378; x_wconf 78' lang='grc' dir='ltr'><strong><em>ἰστέον,</em></strong></span> 
     </span>
     <span class='ocr_line' id='line_1_21' title="bbox 272 1388 1735 1450; baseline -0.001 -16"><span class='ocrx_word' id='word_1_166' title='bbox 272 1389 358 1438; x_wconf 68' lang='grc' dir='ltr'><strong><em>,ὅτι</em></strong></span> <span class='ocrx_word' id='word_1_167' title='bbox 395 1394 444 1450; x_wconf 84' lang='grc' dir='ltr'><strong><em>τῇ</em></strong></span> <span class='ocrx_word' id='word_1_168' title='bbox 480 1389 607 1450; x_wconf 70' lang='grc' dir='ltr'><strong><em>ἑορτῇ</em></strong></span> <span class='ocrx_word' id='word_1_169' title='bbox 643 1394 716 1448; x_wconf 72' lang='grc' dir='ltr'><strong><em>’τῆς</em></strong></span> <span class='ocrx_word' id='word_1_170' title='bbox 753 1390 1136 1448; x_wconf 77' lang='grc' dir='ltr'><strong><em>μεσοπεντηκοστῆς</em></strong></span> <span class='ocrx_word' id='word_1_171' title='bbox 1181 1389 1333 1445; x_wconf 76' lang='grc' dir='ltr'><strong><em>ὁμοίως</em></strong></span> <span class='ocrx_word' id='word_1_172' title='bbox 1373 1388 1654 1434; x_wconf 69' lang='grc' dir='ltr'><strong><em>ἀλλάσσουσιν</em></strong></span> <span class='ocrx_word' id='word_1_173' title='bbox 1694 1388 1735 1432; x_wconf 83' lang='grc' dir='ltr'><strong><em>οἱ</em></strong></span> 
     </span>
     <span class='ocr_line' id='line_1_22' title="bbox 290 1453 1788 1516; baseline 0.003 -18"><span class='ocrx_word' id='word_1_174' title='bbox 290 1455 517 1500; x_wconf 86' lang='grc' dir='ltr'><strong><em>δεσπόται.</em></strong></span> <span class='ocrx_word' id='word_1_175' title='bbox 571 1460 729 1512; x_wconf 81' lang='grc' dir='ltr'><strong><em>ἰστέον,</em></strong></span> <span class='ocrx_word' id='word_1_176' title='bbox 775 1454 842 1500; x_wconf 76' lang='grc' dir='ltr'><strong><em>ὅτι</em></strong></span> <span class='ocrx_word' id='word_1_177' title='bbox 877 1460 930 1516; x_wconf 88' lang='grc' dir='ltr'><em>τῇ</em></span> <span class='ocrx_word' id='word_1_178' title='bbox 973 1454 1099 1516; x_wconf 74' lang='grc' dir='ltr'><strong><em>ἑορτῇ</em></strong></span> <span class='ocrx_word' id='word_1_179' title='bbox 1138 1459 1211 1512; x_wconf 76' lang='grc' dir='ltr'><strong><em>τῆς</em></strong></span> <span class='ocrx_word' id='word_1_180' title='bbox 1253 1455 1501 1512; x_wconf 75' lang='grc' dir='ltr'><strong><em>ἀναλήψεως</em></strong></span> <span class='ocrx_word' id='word_1_181' title='bbox 1537 1453 1619 1498; x_wconf 71' lang='grc' dir='ltr'><strong><em>ἀπὸ</em></strong></span> <span class='ocrx_word' id='word_1_182' title='bbox 1655 1457 1788 1510; x_wconf 66' lang='grc' dir='ltr'><strong><em>μὲναο</em></strong></span> 
     </span>
     <span class='ocr_line' id='line_1_23' title="bbox 289 1521 1735 1580; baseline 0 -15"><span class='ocrx_word' id='word_1_183' title='bbox 289 1525 365 1565; x_wconf 76' lang='grc' dir='ltr'><strong><em>τοῦ</em></strong></span> <span class='ocrx_word' id='word_1_184' title='bbox 417 1522 621 1567; x_wconf 88' lang='grc' dir='ltr'><strong><em>παλατίου</em></strong></span> <span class='ocrx_word' id='word_1_185' title='bbox 675 1525 913 1580; x_wconf 78' lang='grc' dir='ltr'><strong><em>ἐξέρχονται</em></strong></span> <span class='ocrx_word' id='word_1_186' title='bbox 966 1522 1004 1566; x_wconf 85' lang='grc' dir='ltr'><strong><em>οἱ</em></strong></span> <span class='ocrx_word' id='word_1_187' title='bbox 1061 1522 1260 1566; x_wconf 79' lang='grc' dir='ltr'><strong><em>δεσπόται</em></strong></span> <span class='ocrx_word' id='word_1_188' title='bbox 1314 1522 1423 1577; x_wconf 82' lang='grc' dir='ltr'><strong><em>μετὰ</em></strong></span> <span class='ocrx_word' id='word_1_189' title='bbox 1482 1521 1735 1578; x_wconf 84' lang='grc' dir='ltr'><strong><em>τριβλατίων</em></strong></span> 
     </span>
     <span class='ocr_line' id='line_1_24' title="bbox 293 1584 1735 1648; baseline -0.001 -17"><span class='ocrx_word' id='word_1_190' title='bbox 293 1589 642 1646; x_wconf 79' lang='grc' dir='ltr'><strong><em>σκαραμαγγίων,</em></strong></span> <span class='ocrx_word' id='word_1_191' title='bbox 689 1592 762 1632; x_wconf 82' lang='grc' dir='ltr'><em>καί</em></span> <span class='ocrx_word' id='word_1_192' title='bbox 792 1591 1053 1648; x_wconf 77' lang='grc' dir='ltr'><strong><em>εἰσέρχονται</em></strong></span> <span class='ocrx_word' id='word_1_193' title='bbox 1088 1591 1146 1641; x_wconf 85' lang='grc' dir='ltr'><strong><em>εἰς</em></strong></span> <span class='ocrx_word' id='word_1_194' title='bbox 1183 1588 1256 1631; x_wconf 84' lang='grc' dir='ltr'><strong><em>τόν</em></strong></span> <span class='ocrx_word' id='word_1_195' title='bbox 1283 1589 1478 1645; x_wconf 86' lang='grc' dir='ltr'><strong><em>δρόμωνα</em></strong></span> <span class='ocrx_word' id='word_1_196' title='bbox 1507 1590 1580 1631; x_wconf 86' lang='grc' dir='ltr'><em>καί</em></span> <span class='ocrx_word' id='word_1_197' title='bbox 1606 1584 1735 1642; x_wconf 72' lang='grc' dir='ltr'><strong><em>ἀπέρ-</em></strong></span> 
     </span>
     <span class='ocr_line' id='line_1_25' title="bbox 250 1651 1735 1714; baseline -0.001 -17"><span class='ocrx_word' id='word_1_198' title='bbox 250 1674 279 1708; x_wconf 86' lang='lat' dir='ltr'>B</span> <span class='ocrx_word' id='word_1_199' title='bbox 294 1672 440 1710; x_wconf 80' lang='grc' dir='ltr'><strong><em>χονται</em></strong></span> <span class='ocrx_word' id='word_1_200' title='bbox 466 1657 598 1713; x_wconf 76' lang='grc' dir='ltr'><strong><em>μέχρι</em></strong></span> <span class='ocrx_word' id='word_1_201' title='bbox 623 1658 696 1713; x_wconf 77' lang='grc' dir='ltr'><strong><em>τῆς</em></strong></span> <span class='ocrx_word' id='word_1_202' title='bbox 719 1659 882 1713; x_wconf 75' lang='grc' dir='ltr'><strong><em>χρυσῆς</em></strong></span> <span class='ocrx_word' id='word_1_203' title='bbox 909 1656 1077 1714; x_wconf 86' lang='grc' dir='ltr'><strong><em>πόρτης,</em></strong></span> <span class='ocrx_word' id='word_1_204' title='bbox 1107 1658 1237 1698; x_wconf 82' lang='grc' dir='ltr'><strong><em>ἐκεῖσε</em></strong></span> <span class='ocrx_word' id='word_1_205' title='bbox 1265 1658 1312 1699; x_wconf 83' lang='grc' dir='ltr'><strong><em>δὲ</em></strong></span> <span class='ocrx_word' id='word_1_206' title='bbox 1333 1653 1554 1710; x_wconf 84' lang='grc' dir='ltr'><strong><em>βάλλοντες</em></strong></span> <span class='ocrx_word' id='word_1_207' title='bbox 1575 1652 1628 1696; x_wconf 77' lang='grc' dir='ltr'><strong><em>τὰ</em></strong></span> <span class='ocrx_word' id='word_1_208' title='bbox 1652 1651 1735 1696; x_wconf 73' lang='grc' dir='ltr'><strong><em>αὖ-</em></strong></span> 
     </span>
     <span class='ocr_line' id='line_1_26' title="bbox 293 1717 1734 1779; baseline -0.001 -15"><span class='ocrx_word' id='word_1_209' title='bbox 293 1724 374 1765; x_wconf 81' lang='grc' dir='ltr'><strong><em>τῶν</em></strong></span> <span class='ocrx_word' id='word_1_210' title='bbox 400 1725 544 1779; x_wconf 81' lang='grc' dir='ltr'><strong><em>χρυσᾶ</em></strong></span> <span class='ocrx_word' id='word_1_211' title='bbox 572 1723 747 1766; x_wconf 82' lang='grc' dir='ltr'><strong><em>διάλιθα</em></strong></span> <span class='ocrx_word' id='word_1_212' title='bbox 791 1722 954 1767; x_wconf 80' lang='grc' dir='ltr'><strong><em>σπαθία</em></strong></span> <span class='ocrx_word' id='word_1_213' title='bbox 983 1725 1055 1767; x_wconf 83' lang='grc' dir='ltr'><strong><em>καί</em></strong></span> <span class='ocrx_word' id='word_1_214' title='bbox 1080 1722 1418 1778; x_wconf 80' lang='grc' dir='ltr'><strong><em>καβαλικεύοντες</em></strong></span> <span class='ocrx_word' id='word_1_215' title='bbox 1445 1719 1498 1764; x_wconf 76' lang='grc' dir='ltr'><strong><em>τὰ</em></strong></span> <span class='ocrx_word' id='word_1_216' title='bbox 1524 1717 1734 1777; x_wconf 80' lang='grc' dir='ltr'><strong><em>χιώματα,</em></strong></span> 
     </span>
    </p>
   </div>
   <div class='ocr_carea' id='block_1_3' title="bbox 389 1851 762 1899">
    <p class='ocr_par' dir='ltr' id='par_1_3' title="bbox 389 1851 762 1899">
     <span class='ocr_line' id='line_1_27' title="bbox 389 1851 762 1899; baseline 0.003 -14"><span class='ocrx_word' id='word_1_217' title='bbox 389 1853 421 1899; x_wconf 76' lang='grc'><strong><em>4.</em></strong></span> <span class='ocrx_word' id='word_1_218' title='bbox 445 1851 589 1887; x_wconf 68' lang='grc' dir='ltr'><strong><em>τούτων</em></strong></span> <span class='ocrx_word' id='word_1_219' title='bbox 610 1863 679 1886; x_wconf 85' lang='lat' dir='ltr'><strong><em>om.</em></strong></span> <span class='ocrx_word' id='word_1_220' title='bbox 703 1851 762 1892; x_wconf 78' lang='lat' dir='ltr'><strong>ed.</strong></span> 
     </span>
    </p>
   </div>
   <div class='ocr_carea' id='block_1_4' title="bbox 297 1950 1766 2744">
    <p class='ocr_par' dir='ltr' id='par_1_4' title="bbox 297 1950 1766 2744">
     <span class='ocr_line' id='line_1_28' title="bbox 297 1950 1733 2000; baseline -0.002 -13"><span class='ocrx_word' id='word_1_221' title='bbox 297 1954 329 1988; x_wconf 82' lang='lat' dir='ltr'><strong><em>si</em></strong></span> <span class='ocrx_word' id='word_1_222' title='bbox 345 1955 491 1988; x_wconf 85' lang='lat' dir='ltr'><strong>rubram</strong></span> <span class='ocrx_word' id='word_1_223' title='bbox 521 1956 676 2000; x_wconf 85' lang='lat' dir='ltr'><strong>egressi,</strong></span> <span class='ocrx_word' id='word_1_224' title='bbox 698 1956 819 1989; x_wconf 84' lang='lat' dir='ltr'><strong>albam</strong></span> <span class='ocrx_word' id='word_1_225' title='bbox 850 1956 1043 1989; x_wconf 85' lang='lat' dir='ltr'><strong>redeuntes</strong></span> <span class='ocrx_word' id='word_1_226' title='bbox 1071 1955 1183 2000; x_wconf 87' lang='lat' dir='ltr'><strong>capiti</strong></span> <span class='ocrx_word' id='word_1_227' title='bbox 1206 1956 1411 2000; x_wconf 88' lang='lat' dir='ltr'><strong>imponunt.</strong></span> <span class='ocrx_word' id='word_1_228' title='bbox 1461 1954 1572 1988; x_wconf 86' lang='lat' dir='ltr'><strong>Porro</strong></span> <span class='ocrx_word' id='word_1_229' title='bbox 1583 1950 1733 1985; x_wconf 84' lang='lat' dir='ltr'>Domini</span> 
     </span>
     <span class='ocr_line' id='line_1_29' title="bbox 298 2001 1737 2047; baseline -0.003 -13"><span class='ocrx_word' id='word_1_230' title='bbox 298 2001 359 2034; x_wconf 82' lang='lat' dir='ltr'><strong><em>die</em></strong></span> <span class='ocrx_word' id='word_1_231' title='bbox 381 2002 535 2035; x_wconf 86' lang='lat' dir='ltr'><strong>secunda</strong></span> <span class='ocrx_word' id='word_1_232' title='bbox 558 2003 802 2035; x_wconf 81' lang='lat' dir='ltr'><strong>renovationis</strong></span> <span class='ocrx_word' id='word_1_233' title='bbox 821 2014 840 2036; x_wconf 92' lang='lat' dir='ltr'><strong>e</strong></span> <span class='ocrx_word' id='word_1_234' title='bbox 858 2004 995 2047; x_wconf 87' lang='lat' dir='ltr'><strong>palatio</strong></span> <span class='ocrx_word' id='word_1_235' title='bbox 1013 2003 1165 2047; x_wconf 81' lang='lat' dir='ltr'><strong>egressi,</strong></span> <span class='ocrx_word' id='word_1_236' title='bbox 1201 2001 1283 2034; x_wconf 86' lang='lat' dir='ltr'><strong>alba</strong></span> <span class='ocrx_word' id='word_1_237' title='bbox 1305 2011 1467 2045; x_wconf 81' lang='lat' dir='ltr'><strong>auroque</strong></span> <span class='ocrx_word' id='word_1_238' title='bbox 1489 2001 1627 2033; x_wconf 76' lang='lat' dir='ltr'><strong>intexta</strong></span> <span class='ocrx_word' id='word_1_239' title='bbox 1658 2008 1737 2040; x_wconf 78' lang='lat' dir='ltr'><strong><em>sca-¹</em></strong></span> 
     </span>
     <span class='ocr_line' id='line_1_30' title="bbox 298 2045 1736 2094; baseline -0.003 -14"><span class='ocrx_word' id='word_1_240' title='bbox 298 2049 482 2093; x_wconf 82' lang='lat' dir='ltr'><strong>ramangia</strong></span> <span class='ocrx_word' id='word_1_241' title='bbox 510 2054 547 2081; x_wconf 85' lang='lat' dir='ltr'><strong>et</strong></span> <span class='ocrx_word' id='word_1_242' title='bbox 572 2050 719 2094; x_wconf 79' lang='lat' dir='ltr'><strong>gemmis</strong></span> <span class='ocrx_word' id='word_1_243' title='bbox 746 2055 890 2082; x_wconf 86' lang='lat' dir='ltr'><strong>ornatos</strong></span> <span class='ocrx_word' id='word_1_244' title='bbox 910 2050 1048 2094; x_wconf 80' lang='lat' dir='ltr'>gladios</span> <span class='ocrx_word' id='word_1_245' title='bbox 1083 2053 1233 2093; x_wconf 79' lang='lat' dir='ltr'><strong>gestant.</strong></span> <span class='ocrx_word' id='word_1_246' title='bbox 1291 2050 1332 2080; x_wconf 91' lang='lat' dir='ltr'><strong><em>In</em></strong></span> <span class='ocrx_word' id='word_1_247' title='bbox 1357 2046 1493 2090; x_wconf 90' lang='lat' dir='ltr'><strong>templo</strong></span> <span class='ocrx_word' id='word_1_248' title='bbox 1519 2051 1640 2078; x_wconf 87' lang='lat' dir='ltr'><strong>autem</strong></span> <span class='ocrx_word' id='word_1_249' title='bbox 1659 2045 1736 2076; x_wconf 92' lang='lat' dir='ltr'><strong><em>Do-</em></strong></span> 
     </span>
     <span class='ocr_line' id='line_1_31' title="bbox 298 2090 1734 2141; baseline -0.003 -13"><span class='ocrx_word' id='word_1_250' title='bbox 298 2095 391 2128; x_wconf 84' lang='lat' dir='ltr'><strong>mini</strong></span> <span class='ocrx_word' id='word_1_251' title='bbox 416 2106 564 2128; x_wconf 82' lang='lat' dir='ltr'><strong>coronas</strong></span> <span class='ocrx_word' id='word_1_252' title='bbox 594 2095 728 2128; x_wconf 82' lang='lat' dir='ltr'><strong>virides</strong></span> <span class='ocrx_word' id='word_1_253' title='bbox 753 2097 863 2141; x_wconf 82' lang='lat' dir='ltr'><strong>capiti</strong></span> <span class='ocrx_word' id='word_1_254' title='bbox 885 2095 1047 2136; x_wconf 87' lang='lat' dir='ltr'><strong>addunt,</strong></span> <span class='ocrx_word' id='word_1_255' title='bbox 1090 2100 1127 2127; x_wconf 89' lang='lat' dir='ltr'><strong>et</strong></span> <span class='ocrx_word' id='word_1_256' title='bbox 1147 2094 1192 2126; x_wconf 84' lang='lat' dir='ltr'><strong><em>ad</em></strong></span> <span class='ocrx_word' id='word_1_257' title='bbox 1213 2094 1247 2127; x_wconf 86' lang='lat' dir='ltr'><strong><em>S.</em></strong></span> <span class='ocrx_word' id='word_1_258' title='bbox 1270 2095 1304 2128; x_wconf 89' lang='lat' dir='ltr'><strong><em>S.</em></strong></span> <span class='ocrx_word' id='word_1_259' title='bbox 1328 2093 1585 2137; x_wconf 85' lang='lat' dir='ltr'><strong>Apostolorum</strong></span> <span class='ocrx_word' id='word_1_260' title='bbox 1606 2090 1734 2123; x_wconf 86' lang='lat' dir='ltr'><strong>aedem</strong></span> 
     </span>
     <span class='ocr_line' id='line_1_32' title="bbox 301 2139 1736 2187; baseline -0.002 -14"><span class='ocrx_word' id='word_1_261' title='bbox 301 2140 460 2183; x_wconf 87' lang='lat' dir='ltr'><strong>abeunt,</strong></span> <span class='ocrx_word' id='word_1_262' title='bbox 493 2153 644 2187; x_wconf 88' lang='lat' dir='ltr'><strong>eamque</strong></span> <span class='ocrx_word' id='word_1_263' title='bbox 677 2142 865 2176; x_wconf 80' lang='lat' dir='ltr'><strong>dibetesiis</strong></span> <span class='ocrx_word' id='word_1_264' title='bbox 895 2142 988 2175; x_wconf 82' lang='lat' dir='ltr'><strong>albis</strong></span> <span class='ocrx_word' id='word_1_265' title='bbox 1011 2152 1052 2173; x_wconf 88' lang='lat' dir='ltr'><strong><em>ac</em></strong></span> <span class='ocrx_word' id='word_1_266' title='bbox 1076 2141 1209 2173; x_wconf 85' lang='lat' dir='ltr'><strong>tunicis</strong></span> <span class='ocrx_word' id='word_1_267' title='bbox 1231 2141 1304 2172; x_wconf 86' lang='lat' dir='ltr'><strong>suis</strong></span> <span class='ocrx_word' id='word_1_268' title='bbox 1326 2139 1465 2180; x_wconf 87' lang='lat' dir='ltr'><strong>induti,</strong></span> <span class='ocrx_word' id='word_1_269' title='bbox 1491 2139 1650 2179; x_wconf 83' lang='lat' dir='ltr'><strong>intrant,</strong></span> <span class='ocrx_word' id='word_1_270' title='bbox 1677 2148 1736 2170; x_wconf 88' lang='lat' dir='ltr'><strong>re-</strong></span> 
     </span>
     <span class='ocr_line' id='line_1_33' title="bbox 302 2185 1737 2234; baseline -0.003 -14"><span class='ocrx_word' id='word_1_271' title='bbox 302 2188 408 2221; x_wconf 88' lang='lat' dir='ltr'><strong>duces</strong></span> <span class='ocrx_word' id='word_1_272' title='bbox 425 2190 565 2234; x_wconf 83' lang='lat' dir='ltr'><strong>vesperi</strong></span> <span class='ocrx_word' id='word_1_273' title='bbox 592 2188 734 2221; x_wconf 90' lang='lat' dir='ltr'><strong>colobia</strong></span> <span class='ocrx_word' id='word_1_274' title='bbox 763 2195 800 2222; x_wconf 89' lang='lat' dir='ltr'><strong><em>ct</em></strong></span> <span class='ocrx_word' id='word_1_275' title='bbox 821 2189 969 2234; x_wconf 83' lang='lat' dir='ltr'><strong>gemmis</strong></span> <span class='ocrx_word' id='word_1_276' title='bbox 997 2193 1142 2220; x_wconf 84' lang='lat' dir='ltr'><strong>ornatos</strong></span> <span class='ocrx_word' id='word_1_277' title='bbox 1168 2186 1304 2231; x_wconf 82' lang='lat' dir='ltr'><strong>gladios</strong></span> <span class='ocrx_word' id='word_1_278' title='bbox 1330 2191 1366 2219; x_wconf 87' lang='lat' dir='ltr'><strong>et</strong></span> <span class='ocrx_word' id='word_1_279' title='bbox 1386 2185 1486 2218; x_wconf 85' lang='lat' dir='ltr'><strong>albas</strong></span> <span class='ocrx_word' id='word_1_280' title='bbox 1505 2195 1653 2218; x_wconf 80' lang='lat' dir='ltr'><strong>coronas</strong></span> <span class='ocrx_word' id='word_1_281' title='bbox 1674 2195 1737 2217; x_wconf 83' lang='lat' dir='ltr'><strong>su·-</strong></span> 
     </span>
     <span class='ocr_line' id='line_1_34' title="bbox 299 2232 1766 2281; baseline -0.003 -14"><span class='ocrx_word' id='word_1_282' title='bbox 299 2240 424 2278; x_wconf 77' lang='lat' dir='ltr'><strong>munt3</strong></span> <span class='ocrx_word' id='word_1_283' title='bbox 449 2235 505 2268; x_wconf 88' lang='lat' dir='ltr'><strong><em>sin</em></strong></span> <span class='ocrx_word' id='word_1_284' title='bbox 525 2246 611 2268; x_wconf 86' lang='lat' dir='ltr'><strong>vero</strong></span> <span class='ocrx_word' id='word_1_285' title='bbox 630 2236 758 2270; x_wconf 72' lang='lat' dir='ltr'><strong>tiaram</strong></span> <span class='ocrx_word' id='word_1_286' title='bbox 776 2247 838 2269; x_wconf 90' lang='lat' dir='ltr'><strong><em>seu</em></strong></span> <span class='ocrx_word' id='word_1_287' title='bbox 858 2235 1009 2281; x_wconf 88' lang='lat' dir='ltr'><strong>tupham</strong></span> <span class='ocrx_word' id='word_1_288' title='bbox 1033 2234 1142 2278; x_wconf 84' lang='lat' dir='ltr'><strong>capiti</strong></span> <span class='ocrx_word' id='word_1_289' title='bbox 1162 2233 1350 2278; x_wconf 84' lang='lat' dir='ltr'><strong><em>imponere</em></strong></span> <span class='ocrx_word' id='word_1_290' title='bbox 1368 2233 1529 2274; x_wconf 86' lang='lat' dir='ltr'><strong>malunt,</strong></span> <span class='ocrx_word' id='word_1_291' title='bbox 1553 2232 1623 2264; x_wconf 89' lang='lat' dir='ltr'><strong><em>hoc</em></strong></span> <span class='ocrx_word' id='word_1_292' title='bbox 1643 2242 1737 2276; x_wconf 88' lang='lat' dir='ltr'><strong>quo-</strong></span> <span class='ocrx_word' id='word_1_293' title='bbox 1763 2266 1766 2269; x_wconf 67' lang='grc'><strong><em>,</em></strong></span> 
     </span>
     <span class='ocr_line' id='line_1_35' title="bbox 300 2278 1739 2327; baseline -0.003 -13"><span class='ocrx_word' id='word_1_294' title='bbox 300 2292 375 2327; x_wconf 86' lang='lat' dir='ltr'><strong>que</strong></span> <span class='ocrx_word' id='word_1_295' title='bbox 392 2292 412 2314; x_wconf 88' lang='lat' dir='ltr'><strong>a</strong></span> <span class='ocrx_word' id='word_1_296' title='bbox 445 2282 705 2316; x_wconf 85' lang='lat' dir='ltr'><strong>consuetudine</strong></span> <span class='ocrx_word' id='word_1_297' title='bbox 722 2294 795 2315; x_wconf 90' lang='lat' dir='ltr'><strong><em>non</em></strong></span> <span class='ocrx_word' id='word_1_298' title='bbox 817 2283 976 2315; x_wconf 86' lang='lat' dir='ltr'><strong>alienum</strong></span> <span class='ocrx_word' id='word_1_299' title='bbox 1001 2280 1167 2313; x_wconf 85' lang='lat' dir='ltr'><strong>habetur.</strong></span> <span class='ocrx_word' id='word_1_300' title='bbox 1215 2281 1289 2313; x_wconf 82' lang='lat' dir='ltr'><strong><em>Hae</em></strong></span> <span class='ocrx_word' id='word_1_301' title='bbox 1306 2281 1506 2324; x_wconf 84' lang='lat' dir='ltr'><strong>septimana</strong></span> <span class='ocrx_word' id='word_1_302' title='bbox 1530 2278 1739 2311; x_wconf 76' lang='lat' dir='ltr'><strong>renovatio-</strong></span> 
     </span>
     <span class='ocr_line' id='line_1_36' title="bbox 298 2326 1739 2371; baseline -0.003 -9"><span class='ocrx_word' id='word_1_303' title='bbox 298 2329 359 2362; x_wconf 80' lang='lat' dir='ltr'><strong><em>nis</em></strong></span> <span class='ocrx_word' id='word_1_304' title='bbox 380 2327 557 2362; x_wconf 79' lang='lat' dir='ltr'><strong>‹libetesia</strong></span> <span class='ocrx_word' id='word_1_305' title='bbox 583 2328 665 2362; x_wconf 88' lang='lat' dir='ltr'><strong>alba</strong></span> <span class='ocrx_word' id='word_1_306' title='bbox 690 2329 866 2370; x_wconf 86' lang='lat' dir='ltr'><strong>induunt,</strong></span> <span class='ocrx_word' id='word_1_307' title='bbox 899 2330 930 2361; x_wconf 86' lang='lat' dir='ltr'><strong><em>si</em></strong></span> <span class='ocrx_word' id='word_1_308' title='bbox 956 2339 1040 2361; x_wconf 90' lang='lat' dir='ltr'><strong>vero</strong></span> <span class='ocrx_word' id='word_1_309' title='bbox 1065 2327 1331 2371; x_wconf 85' lang='lat' dir='ltr'><strong>processionem</strong></span> <span class='ocrx_word' id='word_1_310' title='bbox 1356 2326 1402 2359; x_wconf 89' lang='lat' dir='ltr'><strong><em>ad</em></strong></span> <span class='ocrx_word' id='word_1_311' title='bbox 1444 2326 1639 2370; x_wconf 67' lang='lat' dir='ltr'><strong>templum&#39;,</strong></span> <span class='ocrx_word' id='word_1_312' title='bbox 1673 2329 1739 2357; x_wconf 77' lang='lat' dir='ltr'><strong><em>aut</em></strong></span> 
     </span>
     <span class='ocr_line' id='line_1_37' title="bbox 299 2371 1738 2422; baseline -0.003 -14"><span class='ocrx_word' id='word_1_313' title='bbox 299 2385 491 2422; x_wconf 84' lang='lat' dir='ltr'><strong>pompam,</strong></span> <span class='ocrx_word' id='word_1_314' title='bbox 525 2381 588 2409; x_wconf 87' lang='lat' dir='ltr'><strong><em>aut</em></strong></span> <span class='ocrx_word' id='word_1_315' title='bbox 611 2377 854 2422; x_wconf 84' lang='lat' dir='ltr'><strong>receptionem</strong></span> <span class='ocrx_word' id='word_1_316' title='bbox 876 2376 1019 2408; x_wconf 86' lang='lat' dir='ltr'><strong>institui</strong></span> <span class='ocrx_word' id='word_1_317' title='bbox 1048 2372 1178 2406; x_wconf 84' lang='lat' dir='ltr'><strong>iubent</strong></span> <span class='ocrx_word' id='word_1_318' title='bbox 1197 2372 1235 2405; x_wconf 91' lang='lat' dir='ltr'><strong><em>in</em></strong></span> <span class='ocrx_word' id='word_1_319' title='bbox 1257 2374 1416 2418; x_wconf 83' lang='lat' dir='ltr'><strong>palatio,</strong></span> <span class='ocrx_word' id='word_1_320' title='bbox 1442 2372 1604 2405; x_wconf 83' lang='lat' dir='ltr'><strong>tzitzacia</strong></span> <span class='ocrx_word' id='word_1_321' title='bbox 1628 2371 1738 2404; x_wconf 87' lang='lat' dir='ltr'><strong>indu-</strong></span> 
     </span>
     <span class='ocr_line' id='line_1_38' title="bbox 301 2417 1738 2465; baseline -0.003 -10"><span class='ocrx_word' id='word_1_322' title='bbox 301 2427 380 2455; x_wconf 86' lang='lat' dir='ltr'><strong>unt.</strong></span> <span class='ocrx_word' id='word_1_323' title='bbox 426 2423 616 2456; x_wconf 88' lang='lat' dir='ltr'><strong>Dominica</strong></span> <span class='ocrx_word' id='word_1_324' title='bbox 644 2434 736 2457; x_wconf 85' lang='lat' dir='ltr'><strong>nova</strong></span> <span class='ocrx_word' id='word_1_325' title='bbox 761 2434 824 2456; x_wconf 89' lang='lat' dir='ltr'><strong><em>seu</em></strong></span> <span class='ocrx_word' id='word_1_326' title='bbox 854 2423 1055 2455; x_wconf 89' lang='lat' dir='ltr'><strong>clausarum</strong></span> <span class='ocrx_word' id='word_1_327' title='bbox 1079 2424 1264 2465; x_wconf 84' lang='lat' dir='ltr'><strong>portarum</strong></span> <span class='ocrx_word' id='word_1_328' title='bbox 1297 2419 1423 2452; x_wconf 88' lang='lat' dir='ltr'><strong>eodem</strong></span> <span class='ocrx_word' id='word_1_329' title='bbox 1446 2419 1554 2452; x_wconf 90' lang='lat' dir='ltr'><strong>modo</strong></span> <span class='ocrx_word' id='word_1_330' title='bbox 1575 2417 1738 2451; x_wconf 79' lang='lat' dir='ltr'><strong>celebra-</strong></span> 
     </span>
     <span class='ocr_line' id='line_1_39' title="bbox 305 2465 1739 2515; baseline -0.003 -14"><span class='ocrx_word' id='word_1_331' title='bbox 305 2473 376 2501; x_wconf 83' lang='lat' dir='ltr'><strong>tur.</strong></span> <span class='ocrx_word' id='word_1_332' title='bbox 425 2469 540 2515; x_wconf 81' lang='lat' dir='ltr'><strong>Saepe</strong></span> <span class='ocrx_word' id='word_1_333' title='bbox 572 2470 700 2512; x_wconf 78' lang='lat' dir='ltr'><strong>etiam,</strong></span> <span class='ocrx_word' id='word_1_334' title='bbox 725 2470 755 2503; x_wconf 89' lang='lat' dir='ltr'><strong><em>si</em></strong></span> <span class='ocrx_word' id='word_1_335' title='bbox 775 2470 940 2503; x_wconf 86' lang='lat' dir='ltr'><strong>Dominis</strong></span> <span class='ocrx_word' id='word_1_336' title='bbox 958 2468 1069 2509; x_wconf 82' lang='lat' dir='ltr'><strong>libet,</strong></span> <span class='ocrx_word' id='word_1_337' title='bbox 1099 2466 1169 2499; x_wconf 88' lang='lat' dir='ltr'><strong><em>hoc</em></strong></span> <span class='ocrx_word' id='word_1_338' title='bbox 1189 2466 1281 2499; x_wconf 85' lang='lat' dir='ltr'><strong>festo</strong></span> <span class='ocrx_word' id='word_1_339' title='bbox 1298 2478 1363 2511; x_wconf 88' lang='lat' dir='ltr'><strong><em>pro</em></strong></span> <span class='ocrx_word' id='word_1_340' title='bbox 1386 2466 1477 2499; x_wconf 85' lang='lat' dir='ltr'><strong>albis</strong></span> <span class='ocrx_word' id='word_1_341' title='bbox 1497 2475 1660 2511; x_wconf 88' lang='lat' dir='ltr'><strong>auroque</strong></span> <span class='ocrx_word' id='word_1_342' title='bbox 1680 2465 1739 2496; x_wconf 88' lang='lat' dir='ltr'><strong><em>in-</em></strong></span> 
     </span>
     <span class='ocr_line' id='line_1_40' title="bbox 300 2511 1738 2563; baseline -0.003 -15"><span class='ocrx_word' id='word_1_343' title='bbox 300 2515 413 2548; x_wconf 77' lang='lat' dir='ltr'><strong>textis</strong></span> <span class='ocrx_word' id='word_1_344' title='bbox 437 2517 686 2561; x_wconf 86' lang='lat' dir='ltr'><strong>scaramangiis</strong></span> <span class='ocrx_word' id='word_1_345' title='bbox 704 2527 886 2563; x_wconf 87' lang='lat' dir='ltr'><strong>purpurea</strong></span> <span class='ocrx_word' id='word_1_346' title='bbox 922 2526 1010 2548; x_wconf 89' lang='lat' dir='ltr'><strong>auro</strong></span> <span class='ocrx_word' id='word_1_347' title='bbox 1038 2518 1164 2548; x_wconf 83' lang='lat' dir='ltr'><strong>ornata</strong></span> <span class='ocrx_word' id='word_1_348' title='bbox 1189 2513 1358 2547; x_wconf 89' lang='lat' dir='ltr'><strong>induunt.</strong></span> <span class='ocrx_word' id='word_1_349' title='bbox 1414 2515 1455 2546; x_wconf 92' lang='lat' dir='ltr'><strong><em>In</em></strong></span> <span class='ocrx_word' id='word_1_350' title='bbox 1475 2512 1567 2546; x_wconf 82' lang='lat' dir='ltr'><strong>sesto</strong></span> <span class='ocrx_word' id='word_1_351' title='bbox 1595 2511 1738 2545; x_wconf 82' lang='lat' dir='ltr'><strong>mediae</strong></span> 
     </span>
     <span class='ocr_line' id='line_1_41' title="bbox 301 2557 1739 2607; baseline -0.003 -13"><span class='ocrx_word' id='word_1_352' title='bbox 301 2567 531 2607; x_wconf 81' lang='lat' dir='ltr'><strong>pentecostes</strong></span> <span class='ocrx_word' id='word_1_353' title='bbox 552 2563 732 2597; x_wconf 83' lang='lat' dir='ltr'><strong>similibus</strong></span> <span class='ocrx_word' id='word_1_354' title='bbox 753 2564 957 2597; x_wconf 79' lang='lat' dir='ltr'><strong>mutatoriis</strong></span> <span class='ocrx_word' id='word_1_355' title='bbox 974 2567 1136 2595; x_wconf 89' lang='lat' dir='ltr'><strong>utuntur.</strong></span> <span class='ocrx_word' id='word_1_356' title='bbox 1185 2561 1226 2593; x_wconf 90' lang='lat' dir='ltr'><strong><em>In</em></strong></span> <span class='ocrx_word' id='word_1_357' title='bbox 1244 2561 1336 2593; x_wconf 87' lang='lat' dir='ltr'><strong>festo</strong></span> <span class='ocrx_word' id='word_1_358' title='bbox 1353 2560 1573 2593; x_wconf 82' lang='lat' dir='ltr'><strong>ascensionis</strong></span> <span class='ocrx_word' id='word_1_359' title='bbox 1589 2557 1739 2592; x_wconf 88' lang='lat' dir='ltr'><strong>Domini</strong></span> 
     </span>
     <span class='ocr_line' id='line_1_42' title="bbox 303 2602 1740 2656; baseline -0.002 -16"><span class='ocrx_word' id='word_1_360' title='bbox 303 2610 556 2655; x_wconf 83' lang='lat' dir='ltr'><strong>scaramangiis</strong></span> <span class='ocrx_word' id='word_1_361' title='bbox 577 2609 772 2645; x_wconf 81' lang='lat' dir='ltr'><strong>triblatteis</strong></span> <span class='ocrx_word' id='word_1_362' title='bbox 789 2621 808 2644; x_wconf 89' lang='lat' dir='ltr'><strong>e</strong></span> <span class='ocrx_word' id='word_1_363' title='bbox 825 2611 962 2656; x_wconf 81' lang='lat' dir='ltr'><strong>palatio</strong></span> <span class='ocrx_word' id='word_1_364' title='bbox 977 2609 1174 2654; x_wconf 85' lang='lat' dir='ltr'><strong>progressi,</strong></span> <span class='ocrx_word' id='word_1_365' title='bbox 1201 2608 1355 2641; x_wconf 85' lang='lat' dir='ltr'><strong>celocem</strong></span> <span class='ocrx_word' id='word_1_366' title='bbox 1374 2605 1622 2639; x_wconf 86' lang='lat' dir='ltr'><strong>conscendunt</strong></span> <span class='ocrx_word' id='word_1_367' title='bbox 1636 2610 1673 2638; x_wconf 83' lang='lat' dir='ltr'><strong>et</strong></span> <span class='ocrx_word' id='word_1_368' title='bbox 1691 2602 1740 2636; x_wconf 80' lang='lat' dir='ltr'><strong><em>ad</em></strong></span> 
     </span>
     <span class='ocr_line' id='line_1_43' title="bbox 303 2652 1741 2700; baseline -0.003 -13"><span class='ocrx_word' id='word_1_369' title='bbox 303 2660 445 2700; x_wconf 79' lang='lat' dir='ltr'><strong>portam</strong></span> <span class='ocrx_word' id='word_1_370' title='bbox 473 2667 619 2690; x_wconf 87' lang='lat' dir='ltr'><strong>auream</strong></span> <span class='ocrx_word' id='word_1_371' title='bbox 645 2657 801 2699; x_wconf 84' lang='lat' dir='ltr'><strong>abeunt,</strong></span> <span class='ocrx_word' id='word_1_372' title='bbox 827 2656 891 2690; x_wconf 90' lang='lat' dir='ltr'><strong><em>ubi</em></strong></span> <span class='ocrx_word' id='word_1_373' title='bbox 917 2656 1035 2691; x_wconf 84' lang='lat' dir='ltr'><strong>aureis</strong></span> <span class='ocrx_word' id='word_1_374' title='bbox 1059 2655 1320 2700; x_wconf 84' lang='lat' dir='ltr'><strong>gemmatisque</strong></span> <span class='ocrx_word' id='word_1_375' title='bbox 1341 2653 1469 2699; x_wconf 81' lang='lat' dir='ltr'><strong>gladiis</strong></span> <span class='ocrx_word' id='word_1_376' title='bbox 1491 2652 1618 2692; x_wconf 80' lang='lat' dir='ltr'><strong>cincti,</strong></span> <span class='ocrx_word' id='word_1_377' title='bbox 1641 2660 1741 2696; x_wconf 78' lang='lat' dir='ltr'><strong>equo</strong></span> 
     </span>
     <span class='ocr_line' id='line_1_44' title="bbox 304 2698 1740 2744; baseline -0.003 -10"><span class='ocrx_word' id='word_1_378' title='bbox 304 2703 527 2738; x_wconf 73' lang='lat' dir='ltr'><strong>ornamentis</strong></span> <span class='ocrx_word' id='word_1_379' title='bbox 553 2704 645 2738; x_wconf 82' lang='lat' dir='ltr'><strong>circa</strong></span> <span class='ocrx_word' id='word_1_380' title='bbox 670 2704 803 2741; x_wconf 86' lang='lat' dir='ltr'><strong>collum</strong></span> <span class='ocrx_word' id='word_1_381' title='bbox 823 2704 1000 2738; x_wconf 78' lang='lat' dir='ltr'><strong>instructo</strong></span> <span class='ocrx_word' id='word_1_382' title='bbox 1014 2701 1215 2744; x_wconf 82' lang='lat' dir='ltr'><strong>vehuntur,</strong></span> <span class='ocrx_word' id='word_1_383' title='bbox 1238 2706 1276 2735; x_wconf 83' lang='lat' dir='ltr'><strong>et</strong></span> <span class='ocrx_word' id='word_1_384' title='bbox 1294 2700 1341 2735; x_wconf 83' lang='lat' dir='ltr'><strong><em>ad</em></strong></span> <span class='ocrx_word' id='word_1_385' title='bbox 1361 2698 1602 2738; x_wconf 73' lang='lat' dir='ltr'><strong>venerandam</strong></span> <span class='ocrx_word' id='word_1_386' title='bbox 1620 2707 1740 2732; x_wconf 77' lang='lat' dir='ltr'><strong>sacro-</strong></span> 
     </span>
    </p>
   </div>
  </div>
 </body>
</html>
