1878 3112
307 125 420 199 496
603 141 861 185 APPEme
900 141 973 181 An
1021 142 1239 182 mmmm
1261 142 1501 184 nmmum

115 255 432 298 Ed.1,.23675nm
459 242 481 283 δ
510 240 707 296 βασιλευς
735 242 793 289 εἰς
820 238 867 282 τὸ
897 241 1098 293 ἕβδομον,
1143 240 1405 283 ἀπαιτοῦσιν,
1435 241 1480 282 ἐν
1506 242 1559 299 τῇ
1586 242 1729 300 ἐπεξελη-

305 312 374 366 σίοιι
400 309 481 350 τῶν
510 307 684 360 Νηπίων
712 303 870 360 ἒμπρὸς
905 307 979 346 τοῦ
1006 308 1266 360 μαρτυρίου,
1315 303 1387 347 καί
1421 308 1663 362 κατέρχεται
1704 303 1728 348 ὅ

306 370 522 427 δεσπότης,
552 372 624 412 καί
653 372 821 423 δέχεται
851 368 1005 419 αὐτούς
1033 368 1113 410 dud
1143 369 1474 422 στόματος-,καί
1497 373 1744 429 εἰσέρχεται.Χ

309 440 368 486 εἰς
393 436 436 478 τὸ
463 434 691 490 μαρτύριον
729 433 802 475 καί
829 429 1020 487 εὔχεται.
1074 436 1148 475 καὶ
1173 435 1193 475 ὅ
1222 437 1299 488 μὲν
1327 431 1523 490 δεσπότης
1552 432 1730 491 οἷπέρχε-

133 512 369 559 Μ3,ι7.1)ται
397 503 454 551 εἷς
481 499 525 542 τὸ
557 500 742 553 ἕβδομον,
772 498 810 540 οἱ
839 500 883 541 δὲ
911 500 1183 554 συγκλητικοί,
1217 496 1321 541 ὅπου
1349 498 1582 554 βούλονται.
1619 496 1657 543 εἰ
1682 497 1755 547 δὲό

298 569 410 624 πλοῷ
439 566 603 622 ἔρχεται
631 565 653 606 ὅ
683 564 892 620 δεσπότης,
921 565 1107 606 ἵστανται
1134 562 1238 620 πρὸς
1263 567 1319 622 τῷ
1349 566 1534 623 αἰγιαλῷ,
1563 565 1634 608 καὶ
1661 559 1728 616 ἕξ·-

303 633 417 676 ιόντα
461 630 592 673 αὐτὸν
629 632 703 672 τοῦ
733 628 933 687 δρόμονος
968 632 1272 685 προσκυνοῦσιν
1301 630 1358 680 ὦς
1385 631 1430 672 ἐν
1458 633 1733 673 Κωνσταντι-’

302 698 499 741 νουπόλει
528 697 549 737 ὁ
586 694 828 750 α’πομονεύς,
857 696 930 737 καί
958 695 1120 750 δέχεται
1149 694 1302 744 αὖτοῦς
1329 693 1410 736 α’πό
1439 692 1732 750 στόματος,καί

303 760 571 818 ὄψικεύουσιν
597 762 724 817 μέχρι
749 763 823 816 τῆς
847 758 1013 816 πόρτης,
1042 759 1115 801 καί
1139 760 1230 802 ἐκεῖ
1249 758 1356 813 μετ-οὶ
1383 761 1465 802 τῶν
1491 755 1626 802 ἄλλων
1652 756 1739 815 ‘39‘-

265 828 456 884 Βχόντων
486 826 758 883 α’φίστανται.
811 824 918 868 α’λλά
945 826 1088 879 ταῦτα,
1116 824 1192 867 ἐὰν
1220 823 1302 866 οἷπό
1330 821 1536 875 ἒξπεδίτου
1565 823 1784 882 ἔρχεταιιο

301 891 331 950 ἢ
357 893 522 950 μακρᾶς
550 881 810 948 ὁδοιπορίας·
865 891 981 944 ἐπεὶ,
1031 890 1105 933 ἐὰν
1142 887 1303 949 ἀπέλθῃ
1345 889 1728 946 ἓωςΣαλαμβριάς,
1777 885 1783 897 ’

301 957 331 1015 ἢ
348 959 621 1015 ιΗρακλειάς,
650 954 678 1013 ἢ
706 958 828 1016 ὀλίγῳ
856 956 1107 1013 πορῥωτέρω
1124 990 1136 1010 ,
1165 956 1245 998 καῖ’
1261 953 1400 1011 ὀλίγας
1426 956 1585 1012 ἡμέρας
1610 953 1737 1010 nom}-⁴

303 1041 377 1083 σῃ,
424 1026 496 1066 καί
531 1020 662 1072 εὐθὺς
689 1022 930 1079 ὑποστρέψῃ
941 1056 953 1075 ,
1000 1019 1103 1063 ὅπου
1136 1021 1421 1072 ’συνετάξαντο
1448 1017 1488 1062 οἱ
1517 1015 1729 1076 ἄρχοντες,

303 1091 395 1132 ἐκεῖ
414 1091 487 1128 καί
515 1090 705 1140 δέχονται
732 1085 869 1127 αὐτόν.
924 1087 963 1127 εἰ
987 1085 1068 1142 γάρ
1098 1084 1120 1127 ὅ
1145 1084 1344 1140 βασιλεῦς
1371 1088 1416 1128 ἐκ
1441 1088 1518 1128 τοῦ
1545 1083 1727 1139 ἑβδόμου

304 1154 477 1206 ἐξῆλθεν
505 1150 577 1192 καί
603 1152 660 1199 εἰς
686 1148 731 1192 τὸ
762 1151 937 1203 ἕβδομον
961 1151 1224 1207 ὑποστρέφει,
1254 1151 1343 1193 ἐκεῖ
1364 1147 1635 1193 ἀπαιτοῦσιν·
1690 1152 1780 1199 εἶι5

305 1218 352 1258 δὲ
391 1215 464 1257 καί
486 1211 679 1269 βούλεται
707 1214 995 1269 ὀρθοποδῆσαι
1033 1218 1093 1264 εἰς
1117 1214 1191 1271 την
1217 1213 1359 1268 πόλιν,
1401 1217 1491 1258 ἐκεῖ
1523 1212 1648 1256 πάλιν
1677 1215 1729 1257 οἷ·-

303 1283 526 1324 παντοῦσιν
553 1280 675 1337 αὐτῷ,
705 1278 744 1321 οἳ
773 1281 818 1321 δὲ
845 1280 1108 1336 συγκλητικοὶ
1139 1279 1500 1337 προλαμβάνουσι.
1535 1277 1636 1331 ’καὶ
1654 1278 1729 1322 ἐὰν

305 1348 408 1404 πεζῇ
435 1347 666 1402 εἰσέρχεται
695 1343 718 1385 ὅ
747 1344 964 1398 βασιλεύς,
1011 1342 1261 1388 ἆπαντοῦσιν
1301 1345 1410 1403 αὐτῷ
1446 1347 1491 1388 ἐν
1526 1346 1581 1402 τῷ
1610 1342 1728 1403 φόρῳ

264 1427 291 1458 c
308 1412 532 1454 Θεοδοσίου
569 1412 628 1468 τῷ
665 1411 902 1468 καλουμένῳ
948 1409 1113 1470 ταύρῳ,
1157 1411 1231 1454 καί
1266 1413 1574 1468 προσφέρουσιν
1617 1411 1730 1469 αὐτῷ

401 1509 453 1532 12.
476 1494 632 1538 ποιήσει
655 1494 731 1529 cod.
757 1499 795 1528 et
822 1483 877 1528 ed.
1482 1482 1484 1487 ’
1621 1483 1625 1487 ”

306 1574 477 1628 nempel,
512 1573 860 1619 descendentemque
897 1584 942 1607 ex
976 1584 1070 1620 equo
1105 1574 1360 1619 Imperatorem
1384 1571 1559 1613 adorant,
1579 1574 1643 1620 qui
1669 1583 1732 1607 eo·

306 1623 472 1666 benignis
496 1621 615 1656 verbis
645 1621 788 1655 salutat.
836 1621 938 1654 Licet
960 1631 1126 1666 quoque,
1152 1620 1182 1652 si
1208 1621 1290 1665 quis
1313 1631 1499 1666 procerum
1525 1621 1732 1654 Heracleam

307 1670 407 1702 adire
431 1667 557 1714 ibique
583 1667 719 1701 cultum
744 1678 848 1700 suum
873 1667 1084 1712 Imperatori
1109 1672 1306 1699 monstrare
1336 1668 1438 1704 velit.
1484 1667 1624 1713 Quodsi
1646 1677 1732 1702 vero

306 1727 372 1761 per
397 1715 642 1748 continentem
666 1713 846 1759 profectus
871 1714 1069 1758 Imperator
1100 1714 1146 1747 ad
1174 1713 1399 1747 Hebdomum
1423 1714 1624 1758 appulerit,
1647 1723 1734 1746 con-

307 1763 460 1796 veniunt
483 1766 664 1794 senatores
700 1761 739 1792 in
771 1760 955 1793 ecclesiam
989 1759 1235 1792 innocentium
1266 1770 1460 1804 puerorum
1486 1759 1734 1794 Bethlemiti-

310 1819 456 1848 corum,
489 1806 616 1851 ibique
649 1817 767 1839 coram
799 1811 975 1850 martyreo
1010 1806 1085 1855 [seu
1117 1805 1238 1850 tymbo
1273 1806 1416 1849 illorum
1439 1811 1634 1851 martyrum
1655 1816 1734 1840 me-

309 1853 445 1888 moriae
470 1852 589 1900 sacro']
629 1853 699 1898 ipsi
724 1858 936 1895 occurrunt3
965 1863 1055 1898 quos
1079 1853 1275 1897 Imperator
1301 1851 1456 1897 benigno
1480 1852 1642 1898 alloquio
1666 1863 1734 1886 ex-

312 1901 420 1946 cipit,
446 1911 562 1945 eoque
590 1900 698 1938 sacto,
719 1900 757 1932 in
780 1904 995 1943 martyreum
1023 1899 1157 1939 intrat,
1182 1905 1218 1932 et
1242 1909 1364 1944 preces
1389 1899 1434 1933 ad
1458 1900 1574 1933 Deum
1597 1897 1733 1936 fundit.

310 1949 358 1981 Et
388 1947 464 1990 ipse
497 1946 643 1992 quidem
679 1946 844 1990 deinceps
877 1945 954 1978 abit
987 1946 1026 1977 in
1053 1945 1279 1978 Hebdomum
1305 1947 1386 1989 [seu
1409 1945 1583 1989 palatium
1614 1944 1732 1978 trihu-

311 1995 371 2026 nal
384 1992 560 2025 Hebdomi
585 1993 759 2036 dictumj:
784 1991 952 2025 senatorii
964 1997 1082 2035 autem
1109 1993 1255 2032 abeunt,
1278 2003 1349 2036 quo
1373 1992 1560 2027 voluerint.
1584 1989 1732 2024 Si'navi

313 2041 370 2083 [in
388 2039 628 2082 Hebdomum]
653 2039 816 2083 appellit,
841 2044 935 2071 stant
963 2039 1001 2070 in
1017 2038 1136 2079 litore,
1161 2044 1198 2071 et
1220 2042 1407 2071 exeuntem
1431 2048 1451 2069 e
1474 2037 1645 2070 dromone
1669 2035 1742 2070 ad.·

313 2090 443 2124 orant,
471 2086 770 2129 quemadmodum
785 2109 794 2124 ,
820 2086 883 2129 qui
907 2085 945 2116 in
970 2083 1064 2116 Urbe
1100 2085 1287 2124 remansit,
1311 2093 1524 2126 apomoneus
1548 2093 1611 2115 seu
1634 2085 1734 2117 vica-

312 2132 385 2164 rius
410 2132 546 2175 regius,
570 2133 648 2175 ipsa
671 2132 709 2163 in
734 2130 827 2162 Urbe
851 2131 961 2171 faeit3
995 2141 1083 2175 quos
1115 2131 1310 2174 Imperator
1340 2128 1502 2162 humanis
1525 2128 1643 2162 verbis
1665 2139 1732 2175 ap-

312 2177 446 2221 pellat3
471 2178 541 2220 ipsi
567 2183 685 2210 autem
709 2187 814 2221 porro
837 2176 998 2220 pergenti
1024 2176 1285 2220 *obsequuntur
1314 2175 1521 2218 Imperatori
1546 2185 1659 2220 usque
1684 2174 1743 2208 ad·

313 2227 451 2267 portam
474 2222 678 2262 tribunalis,
702 2221 765 2254 ubi
790 2233 868 2254 cum
888 2221 1014 2254 ceteris
1034 2222 1261 2266 proceribus,
1289 2220 1363 2266 {qui
1387 2232 1464 2253 cum
1490 2222 1567 2265 ipso
1591 2221 1637 2254 ab
1665 2231 1730 2253 ex-

312 2268 501 2314 peditione
535 2266 719 2312 redeuut‚]
757 2278 837 2300 eum
871 2269 1029 2301 mittunt.
1075 2268 1119 2301 Et
1152 2268 1212 2302 hic
1239 2267 1384 2312 quidem
1407 2272 1552 2300 tenetur
1577 2266 1750 2308 modu³,‘

314 2314 457 2360 quando
483 2316 654 2347 Dominus
679 2313 723 2346 ab
739 2313 969 2358 expeditione
1001 2319 1063 2346 aut
1090 2315 1220 2347 itinere
1242 2312 1437 2357 longinquo
1463 2313 1566 2350 redit.
1603 2312 1732 2358 Quod·

315 2362 346 2394 si
370 2371 454 2394 vero
479 2366 619 2394 tantum
647 2360 693 2393 ad
730 2359 982 2403 Selymbriam,
1012 2366 1074 2393 aut
1095 2361 1300 2394 Heracleam
1316 2383 1325 2399 ,
1360 2365 1422 2392 aut
1444 2361 1552 2404 paulo
1578 2359 1730 2393 ulterius

316 2408 532 2447 excesserit,
557 2413 594 2440 et
625 2417 754 2451 paucos
788 2406 1036 2440 tantummodo
1071 2405 1146 2440 dies
1182 2406 1235 2439 ibi
1271 2405 1383 2449 egerit
1417 2407 1560 2452 citoque
1584 2402 1731 2446 redeat,

317 2459 511 2487 occurrunt
542 2453 613 2498 ipsi
638 2463 799 2497 proceres
831 2452 885 2485 ibi
910 2453 1002 2494 loci,
1034 2453 1099 2485 ubi
1133 2453 1167 2486 ei
1196 2453 1275 2486 vale
1314 2453 1422 2495 paulo
1448 2458 1530 2486 ante
1554 2451 1740 2490 dixerant*

313 2501 375 2533 Ex.
402 2511 430 2532 c.
454 2500 484 2531 si
508 2501 547 2532 in
574 2498 760 2532 Hebdomo
785 2498 983 2532 deseruerit
999 2510 1058 2532 eos
1078 2500 1290 2543 Imperator,
1315 2499 1410 2531 redit
1432 2499 1561 2532 iterum
1586 2499 1625 2530 in
1656 2497 1734 2531 He·-

313 2545 498 2586 bdomum,
524 2546 685 2590 adeoque
709 2545 762 2577 ibi
788 2557 930 2591 quoque
948 2551 1136 2579 occurrunt
1157 2546 1227 2590 ipsi
1250 2556 1424 2589 proceres.
1461 2543 1625 2589 Quod-si
1647 2548 1753 2577 vero‘

322 2591 512 2625 deflectere
543 2591 700 2625 noluerit
732 2591 949 2635 Imperator,
982 2592 1046 2626 sed
1070 2597 1166 2626 recta
1197 2592 1316 2636 potius
1347 2592 1404 2625 via
1429 2592 1468 2624 in
1491 2590 1622 2624 Urbem
1645 2596 1754 2623 con*-t

314 2638 462 2679 tendat,
483 2643 615 2672 coeunt
646 2636 792 2683 quidem
822 2648 986 2682 proceres
1023 2639 1063 2671 in
1088 2637 1242 2672 eundem
1267 2638 1403 2680 locum3
1428 2637 1598 2670 senatorii
1611 2640 1732 2669 antem

311 2683 351 2718 in
379 2684 509 2720 Urbem
532 2687 763 2731 praevertunt
776 2683 968 2724 'salutandi
995 2685 1142 2720 Domini
1166 2695 1281 2719 causa.
1321 2684 1358 2718 Si
1385 2684 1429 2718 ab
1452 2688 1618 2719 terrestre
1641 2682 1752 2728 qut-³
