1878 3112
346 128 454 204 782
635 145 992 187 CONSTANTINI
1035 147 1516 192 ronpnmoossm‘n

340 248 505 305 χρυσοῦ
533 251 850 304 σκαραμαγγίου
879 246 1150 305 ἕμπράττως,
1178 250 1252 292 καί
1290 253 1538 307 προτίθεται
1565 251 1790 309 κλητώριον

342 315 415 356 ἐπὶ
453 315 685 368 ἀποκοπτῆς
727 315 933 370 τραπέζης
961 316 1006 358 ἐν
1034 317 1092 373 τῷ
1126 316 1425 359 Ἰουστινιανοῦ
1461 321 1677 378 τρικλίνῳ,
1716 320 1791 361 καί

303 380 641 429 (ςσυνεστιῶνται
667 381 723 436 τῷ
750 383 922 434 βασιλεῖ
944 380 983 422 οἱ
1021 379 1104 423 sind
1134 383 1210 437 τῆς
1235 380 1469 438 συγκλήτου
1497 382 1662 434 πάντες.
1702 385 1791 427 εἶσ-

337 443 509 500 άγονται
548 446 594 488 δὲ
621 443 728 498 μετὰ
767 446 849 489 τῶν
888 445 1049 490 οἰκείων
1086 450 1409 503 σκαραμαγγίων
1441 447 1516 492 καί
1544 446 1683 506 μόνον,
1737 451 1787 508 τῇ

336 514 386 555 δὲ
426 511 850 570 τεσσαρισκαιδεκάτῃ
890 514 967 554 τοῦ
1003 513 1139 556 αὐτοῦ
1176 512 1308 569 μηνὸς
1347 518 1526 558 τελεῖται
1561 511 1810 571 ἧῧψωσιςό

336 579 412 621 καί
439 576 626 635 ἕμφάνια
654 579 731 620 τοῦ
756 581 900 632 τιμίου
929 581 1001 622 καί
1033 581 1236 631 ζωοποιοῦ
1263 582 1465 637 σταυροῦ,
1493 580 1566 624 καὶ
1590 581 1788 637 οἷνέρχον-

335 661 406 689 ται
434 642 474 686 οἱ
502 647 689 699 βασιλεῖς
716 640 878 702 ὄρθρου
906 647 1076 700 βαθέως
1102 646 1148 689 ἐν
1173 647 1230 704 τῷ
1257 648 1343 704 ναῷ
1366 648 1439 703 τῆς
1465 646 1588 703 ἁγίας
1610 648 1785 704 Σοφίας,

335 713 435 755 ποτὲ
448 713 495 754 δὲ
523 712 596 753 καί
623 710 707 752 α’πὸ
740 708 944 766 ἑσπέρας·
973 710 1047 754 καί
1057 713 1303 768 τελουμένης
1320 714 1392 768 τῆς
1409 715 1552 769 τρίτης
1578 711 1786 768 ὑψόσε-ως

335 779 415 820 τοῦ
442 778 648 832 παναγιόυ
678 776 823 832 ξύλου,
854 778 1134 835 κατέρχονται
1159 776 1287 821 πάλιν
1315 776 1455 821 οἴκαδε
1483 777 1556 821 διὰ
1579 781 1662 822 τῶν
1689 781 1785 825 δια-

335 845 520 899 βατικῶν
557 845 602 886 ἐν
637 843 838 900 πρώτοις,
882 843 956 888 καὶ
992 846 1242 900 τελουμένης
1277 846 1464 900 παγανῆς
1498 843 1837 901 προελεύσεωςιο

335 909 456 953 ἔνδον
481 911 556 952 τοῦ
582 911 810 963 παλατίου,
849 913 1097 966 προτίθεται
1120 909 1348 967 κλητώριον
1374 911 1419 953 ἐν
1445 913 1502 970 τῷ
1538 912 1783 955 Ἰουστινια-

335 979 412 1019 νοῦ
453 975 673 1034 τρικλίνῳ,
713 977 788 1017 καί
815 977 885 1018 δεῖ
905 976 1018 1031 ἡμᾶς
1054 978 1396 1031 συγκαλέσασθαι
1420 977 1481 1027 εἷς
1518 975 1783 1020 συνεστίοισιν

335 1044 421 1085 τῶν
445 1043 651 1096 βασιλέων
680 1044 830 1099 φίλους
858 1040 962 1085 κατὰ
991 1042 1060 1086 τὸν
1087 1037 1171 1099 ἤδη
1198 1045 1282 1085 τῶν
1309 1044 1549 1099 κλητωρίων
1575 1044 1781 1098 λεχθέντα

296 1109 493 1151 Βτύπον·
548 1107 729 1163 εἰσάγειν
758 1110 804 1150 δὲ
831 1108 986 1158 πάντας
1012 1108 1122 1162 μετὰ
1150 1110 1234 1152 τῶν
1262 1110 1422 1152 οἰκείων
1460 1110 1782 1167 σκαραμαγγώον

331 1177 406 1216 καί
431 1172 569 1228 μόνον.
627 1176 699 1216 ἐπὶ
723 1176 770 1217 δὲ
802 1177 878 1216 τοῦ
904 1174 1037 1230 μηνὸς
1067 1179 1311 1233 Νοεμβρίου
1338 1177 1550 1222 τελοῦνται
1573 1173 1624 1218 τὰ
1651 1178 1834 1231 βρου-ι5

330 1239 464 1295 μάλια
491 1242 572 1283 τῶν
600 1241 825 1293 δεσποτῶν,
854 1242 928 1283 καί
952 1243 1204 1295 τελουμένου
1233 1243 1303 1298 ἐφ’
1321 1238 1498 1284 ἑκάστου
1526 1240 1672 1298 κλήσει
1699 1243 1778 1284 τοῦ

326 1305 528 1363 ἑσπερίου
558 1308 839 1364 φωτοφανοῦς
864 1309 1066 1361 σαξιζιιου,
1093 1308 1280 1350 δίδονται
1307 1305 1543 1362 α’ποκόμβια
1570 1307 1684 1350 τάδε·
1710 1307 1784 1349 ἐπὶ

275 1422 278 1425 Δ
322 1375 410 1427 [μὲν
434 1373 510 1415 τοῦ
535 1374 797 1429 βρουμαλίου
825 1374 1006 1422 Λέοντος
1033 1375 1110 1415 τοῦ
1137 1373 1415 1430 φιλοχρίστου
1446 1369 1644 1416 δεσπότου
1669 1388 1779 1428 χρυ-

326 1441 410 1482 σοῦ
437 1440 577 1495 λίτραι
604 1437 652 1479 κ’·
709 1439 783 1480 ἐπὶ
808 1440 855 1481 δὲ
881 1438 963 1482 τοῦ,
984 1440 1193 1494 εὐτυχοῦς
1227 1435 1506 1495 Ἀλεξάνδρου
1534 1435 1775 1493 αὖγοῦστου

327 1507 498 1561 χρυσοῦ
522 1506 660 1560 λίτραι
688 1502 726 1546 ι’·
758 1503 831 1547 ἐπὶ
857 1506 904 1546 δὲ
931 1506 1005 1560 τῆς
1031 1504 1231 1559 εὐσεβοῦς
1258 1505 1381 1560 Ζώης
1409 1502 1642 1560 αὔγούστης
1667 1517 1830 1559 χρυ-20

330 1572 411 1613 σοῦ
449 1571 587 1626 λίτραι
615 1568 666 1626 η’·
721 1569 750 1612 ἃ
777 1572 849 1612 καὶ
882 1571 1149 1624 διανέμονται
1175 1568 1259 1612 ὑπὸ
1289 1573 1364 1613 τοῦ
1390 1568 1575 1625 μεγάλου
1611 1584 1776 1626 πρωτο-

328 1638 565 1692 μαγίστρου
595 1636 670 1680 καί
684 1639 761 1680 τοῦ
777 1639 942 1680 κλεινοῦ
970 1635 1205 1694 ἀρτικλίνου
1226 1638 1303 1680 τοῦ
1328 1638 1549 1692 βασιλικοῦ
1566 1634 1672 1680 κατὰ
1701 1633 1775 1678 τὸν

333 1795 459 1829 ficium
474 1820 484 1836 ‚
507 1794 605 1829 redit
626 1795 826 1840 Imperator
850 1794 889 1828 in
914 1804 1031 1840 equo,
1050 1793 1199 1828 indutus
1225 1804 1334 1828 aureo
1360 1793 1625 1838 scaramangio,
1647 1801 1775 1836 magna

334 1852 418 1875 cum
442 1852 599 1887 pompa3
627 1846 882 1886 proponuntur
917 1841 1048 1887 epulae
1073 1851 1182 1887 super
1206 1845 1371 1886 separata
1399 1850 1524 1874 mensa
1554 1838 1773 1874 Iustinianei

333 1889 500 1930 triclinii,
525 1895 562 1923 et
584 1889 759 1922 senatorii
783 1899 907 1922 omnes
922 1888 1078 1923 Domino
1105 1889 1352 1924 convivantur.
1399 1885 1683 1921 Introducuntur
1705 1896 1773 1918 au-

332 1939 409 1968 tem
433 1935 472 1969 in
495 1937 570 1970 suis
595 1936 846 1980 scaramangiis
878 1934 1141 1970 tantummodo.
1197 1936 1266 1970 Die
1291 1934 1430 1968 decimo
1453 1935 1582 1981 quarto
1607 1931 1771 1967 eiusdem

331 1983 466 2016 mensis
491 1983 675 2028 peragitur
698 1982 870 2017 exaltatio
897 1988 934 2017 et
959 1982 1172 2017 monstratio
1194 1981 1416 2017 venerabilis
1437 1987 1475 2015 et
1497 1980 1657 2017 vivificae
1689 1990 1771 2014 cru-

332 2029 395 2061 cis.
443 2030 680 2074 Imperatores
705 2035 783 2064 tum
807 2029 1008 2064 ascendunt
1031 2039 1169 2062 summo
1193 2040 1300 2063 mane
1314 2054 1324 2071 ,
1348 2027 1531 2062 interdum
1554 2027 1666 2060 etiam
1687 2031 1772 2071 post

330 2085 518 2119 vesperam
543 2076 760 2124 [vigiliarum
784 2075 1114 2124 praecedentium],
1147 2077 1187 2109 in
1212 2076 1387 2121 templum
1411 2074 1446 2109 S.
1472 2073 1651 2118 Sophiae,
1683 2082 1771 2116 per-

331 2126 486 2167 actaque
509 2128 612 2156 terna
637 2124 751 2156 crucis
776 2123 998 2156 exaltatione
1013 2148 1022 2164 ,
1047 2123 1186 2156 abeunt
1202 2133 1325 2156 rursus
1351 2121 1496 2155 domum
1519 2131 1585 2164 per
1607 2119 1769 2163 porticus

331 2169 495 2201 omnium
525 2170 645 2214 primi.
701 2169 932 2203 Processione
967 2169 1138 2213 deinceps
1173 2179 1312 2214 pagana
1343 2168 1440 2200 intra
1470 2166 1650 2212 palatium
1680 2176 1771 2200 con-

331 2214 428 2248 fecta
444 2239 454 2255 ,
478 2217 672 2260 exponitur
697 2215 902 2250 convivium
926 2215 966 2247 in
990 2215 1184 2249 Iustiniani
1214 2215 1395 2255 triclinio,
1427 2212 1474 2246 ad
1498 2212 1599 2258 quod
1633 2213 1768 2247 invita-

331 2272 412 2295 mus
442 2263 574 2296 amicos
600 2262 770 2302 Domini,
804 2261 929 2307 quales
962 2262 1035 2294 iam
1067 2272 1176 2306 saepe
1215 2260 1370 2295 diximus
1413 2259 1460 2293 ad
1497 2260 1645 2305 publica
1678 2259 1768 2293 talia

332 2307 498 2343 convivia
521 2309 678 2344 invitari.
726 2308 1008 2342 introducuntur
1033 2319 1156 2342 omnes
1179 2307 1219 2340 in
1246 2308 1320 2341 suis
1341 2306 1591 2351 scaramangiis
1615 2310 1766 2340 tantum.

330 2355 459 2390 Mense
483 2360 602 2389 autem
625 2355 821 2390 Novembri
845 2360 1066 2401 peraguntur
1089 2354 1269 2390 brumalia
1293 2355 1529 2388 Dominorum
1543 2379 1554 2395 ,
1587 2353 1765 2398 finitaque

330 2406 416 2447 post
439 2402 723 2449 uniuscuiusque
748 2402 898 2446 [Leonis
927 2407 1041 2448 puta,
1075 2402 1293 2443 Alexandri,
1329 2402 1572 2446 Augustorum
1605 2404 1643 2434 et
1677 2399 1765 2432 Ζοὲε

333 2447 530 2496 Augustae]
570 2458 716 2483 coenam
750 2450 957 2493 vespertina
991 2449 1058 2483 sub
1084 2448 1200 2483 taedis
1224 2449 1371 2489 chorea,
1395 2448 1527 2482 dantur
1549 2444 1764 2491 apocombia

332 2494 436 2529 haec.
483 2497 525 2529 In
549 2495 727 2530 brumalio
758 2496 910 2538 Leonis,
945 2495 1127 2531 Christum
1155 2496 1307 2529 amantis
1340 2494 1511 2537 Domini,
1546 2491 1626 2527 auri
1656 2492 1763 2526 littae

330 2542 484 2587 viginti3
512 2541 713 2576 felicissimi
738 2547 859 2577 autem
879 2542 1075 2577 Alexandri
1099 2543 1248 2589 Augusti
1274 2544 1382 2576 litrae
1406 2542 1484 2576 auri
1513 2539 1659 2580 decem,
1681 2543 1764 2572 tan-

332 2588 416 2624 dem
442 2590 480 2624 in
503 2589 684 2626 brumalio
721 2589 839 2636 [quod
871 2590 992 2623 editur
1025 2588 1186 2637 nomine]
1228 2590 1312 2635 piae
1343 2591 1430 2623 Zoes
1467 2589 1648 2632 Augustae
1682 2584 1763 2627 auri

330 2635 440 2671 littae
464 2642 567 2678 octo,
593 2647 686 2683 quae
707 2635 978 2671 distribuuntur
1002 2649 1023 2670 a
1054 2647 1179 2683 magno
1204 2636 1481 2682 protomagistro
1511 2639 1550 2668 et
1583 2644 1603 2666 a
1637 2631 1762 2665 claris-

308 2693 310 2695 ·
334 2683 425 2717 simo
451 2684 617 2718 articlino
642 2683 740 2729 regio
765 2683 962 2717 secundum
984 2683 1177 2718 formulam
1204 2683 1453 2718 codicillorum
1467 2680 1583 2715 nostri
1600 2678 1759 2722 collegii.

315 2729 412 2764 'Hae
436 2730 519 2776 ergo
544 2741 667 2765 omues
693 2730 840 2765 rituales
865 2736 903 2765 et
927 2731 1095 2766 solennes
1122 2731 1388 2766 anniversariae
1412 2727 1680 2766 convivationes
1694 2725 1762 2759 im-
