1884 3112
275 105 386 173 244
503 148 507 152 -
566 121 923 166 CONSTAN‘nm
966 119 1449 165 PORPHYROGENrrr

269 227 341 283 τῆς
367 227 608 281 ἐκκλησίας,
639 228 770 279 φορεῖ
791 222 867 265 καί
899 221 1027 272 αὐτὸς
1056 225 1200 277 σαγίον
1230 217 1457 277 ἀληθινὸν,-
1490 220 1576 264 καῖ·
1594 216 1726 270 οὕτως

269 293 488 347 ἀναχωρεῖ
514 292 575 339 εἰς
605 288 679 332 τὸν
703 285 813 330 οἶκον
850 286 997 331 αὑτοῦ.

71 409 184 447 Ed.L.
199 409 263 456 143
872 402 1012 443 ΚΕΦ.
1036 399 1122 457 μή.

479 490 574 526 Ὅσα
599 490 660 525 δεῖ
676 490 988 538 παραφυλάττειν
1003 490 1069 526 ἐπὶ
1091 491 1259 540 προβολῇ
1283 493 1505 540 πατρικίων.

377 579 593 623 Εἰσελθών
637 581 662 622 ὅ
685 579 890 635 βασιλεῦς
922 580 981 630 εἷς
1015 580 1091 636 τήν
1117 581 1316 638 καμάραν
1341 581 1416 638 τήν
1450 575 1583 625 οὖσαν
1621 581 1752 639 πρός5

266 644 339 689 τὸν
367 643 469 695 ναὸν
496 647 572 688 τοῦ
603 647 728 701 ἄγιόυ
766 645 988 704 Θεοδώρου
1029 646 1147 690 ἔνδον
1181 648 1256 690 τοῦ
1284 645 1440 704 βήλου,
1480 651 1730 705 προσκαλεῖ-

267 730 338 757 ται
373 711 396 753 ὅ
428 711 705 769 πραιπόσιτος
747 711 847 763 τούς
891 711 1163 771 βεστὴτορας,
1205 714 1281 755 καί
1312 712 1613 771 περιβάλλουσι
1641 713 1719 770 τὴν

266 780 451 834 χλανίδα
482 778 555 821 τὸν
585 781 787 834 βασιλέα,
823 781 899 822 καί
924 778 1081 823 τούτων
1108 777 1382 835 ἐξελθόντων,
1421 781 1619 837 στέφεται
1643 775 1725 822 ὑπὸ

268 847 347 888 τοῦ
387 847 687 901 πραιποσιτου,
737 844 881 888 ἔπειτα
918 848 1132 902 ἐξέρχεται
1161 848 1207 888 ἐκ
1243 848 1318 902 τῆς
1351 843 1575 904 καμάρας,
1612 847 1657 889 ἐν
1696 835 1727 905 ᾗ

269 911 462 968 έστέφθη
479 944 491 965 ‚
533 910 606 953 καί
634 911 828 955 α’νελθών
856 914 1082 964 καθέζεται
1117 914 1189 955 ἐπὶ
1213 914 1290 955 τοῦ
1316 914 1463 966 σένζου
1492 911 1623 956 affro&
1651 913 1727 955 τοῦ
1735 920 1779 947 10

271 977 498 1031 ἱσταμένου
530 978 588 1026 εἷς
615 976 660 1020 τὸ
702 978 1063 1034 χρυσοτρίκλινον.
1118 976 1303 1022 στάντων
1330 979 1377 1022 δὲ
1402 981 1484 1022 τῶν
1514 976 1727 1037 α’ρχόντων

230 1045 345 1087 Βτοῦ
384 1043 680 1098 κουβουκλείου
722 1043 842 1087 ἔνθεν
881 1046 1099 1100 κάκεῖθεν,
1141 1044 1182 1087 οἱ
1219 1043 1560 1103 κουβικουλοὶριοι
1586 1047 1660 1088 καί
1686 1048 1726 1091 οἱ

271 1107 757 1166 σπαθοκουβικουλάριοι
794 1112 984 1153 ἵστανται
1014 1109 1149 1153 ὀπίσω
1177 1109 1313 1169 κύκλῳ
1339 1113 1416 1153 τοῦ
1441 1112 1610 1164 σένζου,
1647 1128 1725 1153 κα·

272 1177 363 1225 θεός
390 1177 477 1218 ἐστι
505 1174 552 1218 τὸ
591 1175 859 1230 ἡμικύκλιον,
905 1176 974 1218 διὰ
1003 1175 1049 1218 τὸ
1090 1179 1341 1233 χωρηθῆναι
1371 1176 1471 1228 τούς
1501 1179 1726 1231 μέλλοντας

274 1243 479 1284 εἰσελθεῖν
493 1240 564 1283 διὰ
585 1243 665 1284 τῶν
680 1240 784 1284 ὀκτώ
808 1242 968 1298 βήλων·
1001 1241 1041 1284 οἵ
1069 1244 1115 1285 δὲ
1130 1242 1508 1300 πρωτοσπαθάριοι
1526 1241 1775 1298 εὕνοῦχοιι5

275 1309 466 1350 ἵστανται
503 1307 675 1363 πλησίον
711 1310 789 1350 τοῦ
830 1309 991 1360 σε’νζου.
1047 1304 1135 1350 εἶτα
1172 1307 1313 1363 λαβών
1351 1308 1425 1351 τὸν
1465 1308 1675 1363 θυμιατὸν
1703 1304 1726 1349 ὅ

274 1372 566 1430 μινσουράτωρ
608 1369 636 1429 ἢ
674 1373 748 1415 καί
774 1373 797 1415 ὃ
837 1373 996 1423 παπιἀς
1033 1376 1110 1432 τοῦ
1149 1374 1355 1416 παλατίου
1397 1376 1473 1416 τοῦ
1511 1372 1725 1430 μεγάλου,

275 1443 412 1497 θυμιᾷ
454 1439 534 1482 dm)
571 1442 647 1481 τοῦ
687 1441 910 1497 αἰρομένου
952 1442 1082 1495 βήλου
1122 1443 1201 1481 τοῦ
1239 1444 1606 1496 χρυσοτρικλίνου,
1655 1439 1730 1482 καί

280 1507 501 1562 ἀνέρχεται
538 1506 707 1559 θυμιῶν
734 1504 806 1548 τὸν
843 1507 1048 1560 βασιλέα,
1090 1507 1163 1548 καί
1193 1508 1313 1548 τοῦτο
1354 1508 1486 1548 ποιῶν
1512 1508 1558 1549 ἐκ
1584 1508 1725 1562 τρίτου

80 1572 504 1629 Με.ιογ.οὖποχωρεῑ’.
559 1571 634 1614 καὶ
660 1571 802 1626 λαβών
829 1575 964 1626 νεῦμα
996 1572 1020 1613 ot
1049 1569 1322 1628 πραιπόσιτος
1349 1570 1466 1628 παρὰ
1495 1573 1571 1614 τοῦ
1597 1574 1776 1626 βασι-χο

277 1640 393 1691 λέως,
424 1640 652 1695 ἀπέρχεται
681 1638 755 1680 καί
795 1639 960 1681 ἵσταται
990 1637 1229 1695 ἔμπροσθεν
1257 1640 1334 1680 τοῦ
1361 1640 1566 1691 βασιλέως
1593 1639 1721 1693 μέσον

277 1707 361 1747 τῶν
391 1701 606 1761 ἀρχόντων
633 1708 708 1748 τοῦ
735 1707 1055 1759 κουβουκλείου,
1092 1704 1166 1747 καί
1192 1701 1448 1761 ἑφαπλώσας
1474 1704 1550 1755 τὰς
1572 1711 1723 1761 χεῖρας

376 1819 388 1841 r
400 1818 427 1840 ι.
455 1805 641 1843 ἱστάντων
667 1807 724 1842 ed.

280 1885 395 1919 triciis
420 1892 649 1932 peraguntur,
676 1899 720 1922 ex
744 1888 894 1922 ecclesia
918 1899 1001 1923 vero
1028 1887 1214 1922 discedens
1231 1913 1240 1930 ,
1267 1898 1388 1933 sagum
1411 1896 1631 1933 purpureum
1657 1895 1722 1930 ge-

281 1939 379 1967 stans
394 1959 404 1975 ‚
429 1933 575 1968 domum
602 1935 690 1970 abit.

909 2004 1087 2047 CAP.4s

581 2071 822 2106 Observanda
848 2073 890 2105 in
913 2073 1143 2117 promotione
1168 2071 1429 2105 Patriciorum.

375 2150 592 2194 Imperatore
629 2162 801 2184 cameram
843 2162 954 2195 prope
989 2150 1162 2195 templum
1196 2149 1230 2183 S.
1258 2147 1442 2181 Theodori
1478 2147 1572 2181 intra
1602 2147 1722 2182 velum

285 2198 466 2242 ingresso,
497 2198 722 2241 praepositus
759 2198 946 2231 vestitores
977 2202 1106 2237 vocat,
1137 2196 1202 2242 qui
1224 2195 1349 2240 ipsum
1385 2195 1508 2228 tunica
1543 2193 1722 2236 induunt,

283 2243 415 2289 hisque
447 2244 594 2288 egressis
610 2268 619 2284 ‚
653 2254 673 2276 a
703 2245 910 2289 praeposito
940 2249 1153 2283 coronatur,
1178 2241 1312 2275 deinde
1337 2252 1356 2275 e
1382 2252 1542 2282 camera,
1566 2240 1632 2275 ubi
1658 2252 1722 2275 co-

283 2296 429 2324 ronatus
460 2294 534 2330 est,
558 2290 683 2334 prodit
706 2296 815 2336 atque
838 2291 876 2324 in
901 2289 1030 2325 throno
1057 2302 1121 2325 suo
1146 2291 1185 2322 in
1209 2287 1496 2332 chrysotriclinio
1523 2289 1721 2321 constituto

286 2337 400 2371 sedek.
447 2337 588 2371 Interea
624 2337 798 2382 praefecti
836 2337 1003 2370 cubiculo
1031 2336 1077 2370 ab
1107 2342 1262 2381 utroque
1285 2336 1420 2376 latere,
1444 2335 1658 2369 cubicularii
1685 2338 1723 2368 et

284 2383 631 2430 spathocubicularii
657 2395 676 2416 a
702 2389 801 2429 tergo
833 2384 955 2418 throni
982 2385 1022 2417 in
1045 2384 1178 2417 circulo
1203 2382 1366 2423 adstant,
1399 2388 1441 2416 ut
1473 2387 1528 2416 est
1559 2381 1723 2415 semicir-

285 2431 408 2473 culus,
446 2442 518 2476 quo
551 2441 616 2476 per
649 2437 728 2464 octo
765 2431 844 2464 vela
875 2431 1067 2476 ingressuri
1099 2430 1220 2464 venire
1251 2429 1405 2463 debent:
1440 2427 1722 2474 protospatharii

284 2488 368 2512 vero
394 2475 551 2512 eunuchi
574 2489 685 2523 prope
709 2477 879 2511 thronum
914 2479 1124 2511 consistunt.
1173 2475 1315 2509 Deinde
1347 2480 1571 2509 mensurator
1595 2479 1658 2509 aut
1680 2484 1720 2507 e-

284 2524 373 2557 tiam
396 2525 521 2570 papias
543 2525 671 2570 palatii
695 2526 815 2569 magni
839 2524 1063 2558 thuribulum
1086 2523 1215 2564 sumit,
1241 2529 1278 2557 et
1302 2534 1323 2555 a
1344 2523 1426 2556 velo
1449 2522 1590 2555 sublato
1617 2520 1723 2564 chry-

286 2572 481 2605 sotriclinii
505 2582 586 2605 eum
608 2570 715 2606 thure
740 2571 888 2605 veniens
904 2597 913 2613 ‚
939 2573 1192 2616 Imperatorem
1216 2572 1403 2610 incensat,
1429 2580 1501 2615 quo
1525 2573 1580 2601 ter
1604 2568 1722 2607 facto,

287 2617 451 2652 discedit.
503 2619 606 2652 Tunc
629 2619 877 2663 praepositus,
902 2619 1003 2663 signo
1028 2630 1048 2651 a
1072 2618 1228 2651 Domino
1254 2621 1419 2662 accepto,
1443 2615 1520 2649 abit
1543 2619 1580 2648 et
1603 2625 1722 2647 coram

287 2665 511 2709 Imperatore
545 2666 584 2699 in
619 2664 738 2699 medio
773 2665 1034 2710 praefectorum
1074 2664 1233 2698 cubiculi
1269 2669 1362 2704 stat,
1388 2662 1626 2707 manibusque
1649 2670 1721 2693 una

291 2721 372 2744 cum
399 2712 523 2746 tunica
548 2723 609 2746 sua
635 2713 823 2758 expansis,
845 2713 1100 2758 Imperatorem
1123 2716 1333 2752 veneratur,
1359 2721 1434 2744 non
1450 2707 1641 2743 inclinatis
1665 2711 1721 2740 ta-
