1878 3112
365 73 487 142 432·
632 94 987 136 CONSTANTINI
1030 93 1512 137 mammos-emm

364 194 652 248 ρακαλούντων
681 195 795 251 αὐτῷ
823 194 975 247 στέψαι
1002 193 1072 235 τὸν
1098 197 1300 249 βασιλέα,
1347 198 1419 238 καί
1456 194 1674 239 διαλαλιαί
1697 202 1800 240 πολ-

365 261 440 300 λαί
466 258 562 313 περὶ
585 257 747 311 τούτου,
775 258 1063 311 ὑποσχομένου
1105 260 1239 301 αὐτοῦ
1277 261 1399 301 τοῦτο
1438 265 1590 305 ποιεῖν.
1643 257 1731 304 εἶτα
1757 259 1801 304 ἕ-

362 325 515 378 κραζον
545 321 653 365 ὥστε
679 322 752 365 τὸν
778 324 1005 379 μὰγιστρον
1032 326 1197 377 πέμψαι
1226 327 1296 367 καί
1332 325 1572 381 πατρικίους
1597 327 1671 368 καί
1695 327 1799 380 ἀγα-

359 393 444 440 γεῖν
484 386 554 429 τὸν
597 391 778 443 καίσαρα
794 423 804 433 .
860 387 935 430 καί
981 388 1203 449 ἐπέτρεψεν
1240 391 1297 447 τῷ
1331 392 1545 448 μαγίστρῳ
1583 392 1660 432 καί
1690 406 1799 433 τισιν

319 454 598 507 Βπατρικίοις
626 453 824 494 ἀπελθεῖν
851 454 924 494 καί
950 453 1116 508 ἀγαγεῖν
1144 449 1289 496 αὕτόν.
1342 453 1415 496 καί
1441 454 1676 505 ἐξελθόντες
1700 450 1842 511 ἦνιν-5Δ

358 532 430 570 γον
458 516 527 558 τὸν
554 517 751 572 καίσαρα,
779 517 851 559 καί
876 516 1056 573 ἔστησαν
1081 521 1142 567 εἰς
1167 516 1218 560 τοὶ
1248 518 1449 574 ἀριστερὰ
1479 522 1554 561 τοῦ
1577 522 1795 573 βασιλέως,

358 583 431 623 καί
456 579 527 623 τὸν
550 583 773 624 ἐπίσκοπον
801 581 882 623 σύν
911 583 1024 640 αὐτῷ
1038 617 1051 636 ,
1098 582 1171 625 καί
1206 581 1301 638 ἔστη
1337 585 1396 632 εἰς
1435 581 1480 626 τὸ
1509 583 1644 636 δεξιὸν
1668 586 1798 640 μέρος
1841 603 1848 609 ·

357 648 433 688 τοῦ
459 647 663 700 βασιλέως
691 645 712 687 ὅ
742 648 972 702 ἐπίσκοπος,
1003 650 1075 690 καί
1103 647 1230 703 εὕχῆν
1255 649 1457 703 ἐποίησεν,
1485 651 1557 691 καί
1572 648 1797 704 ὖπήχησαν

356 710 505 760 πάντες
543 710 589 752 τὸ
637 707 824 767 ,,ἆμήν.”
878 712 950 754 καὶ
974 711 995 755 ὃ
1031 712 1304 768 πραιπόσιτος
1340 714 1543 756 ἐπέδωκεν
1581 715 1639 771 τῷ
1673 717 1797 767 βασι-

355 779 424 817 λεῖ
444 777 676 833 στέφανον,
721 776 795 819 καὶ
819 778 1058 833 ἐπιτέθηκεν
1085 779 1144 828 εἰς
1181 777 1257 833 τὴν
1283 777 1469 834 κεφαλὴν
1495 781 1571 820 τοῦ
1598 781 1847 835 καίσαροςιο

355 837 584 895 ,,εὖτυχῶ’ς,
614 838 816 896 εὖτυχῶς,
847 838 1033 897 εὐτυχῶς
1043 846 1084 896 ,”
1127 846 1198 886 καί
1224 842 1483 898 ἀνεχώρησεν
1510 843 1534 884 ὅ
1563 844 1794 893 ἐπίσκοπος,

357 909 431 949 καί
469 906 664 950 ἐκάθισεν
705 907 728 949 ὅ
769 908 966 962 βασιλεὺς
993 911 1134 952 Λέων.
1189 910 1262 950 καί
1288 907 1311 950 ὅ
1338 907 1485 965 μικρὸς
1510 910 1636 952 Λέων
1662 910 1796 964 ἠσπά-

356 988 459 1014 σατο
485 971 556 1014 τὸν
585 974 740 1028 δῆμον,
771 975 843 1016 καί
871 973 1047 1029 ἔκραξαν
1074 973 1225 1023 πάντες
1263 968 1535 1028 ,,αὗ’γουστε.”
1592 976 1666 1016 καί
1701 972 1795 1016 τότε

356 1034 485 1093 ἦλθεν
513 1036 535 1078 ὅ
563 1036 747 1094 ἔπαρχος
773 1041 847 1093 τῆς
874 1039 1032 1086 πόλεως
1077 1042 1121 1089 ἐξ
1148 1039 1380 1094 ἀριστερῶν
1408 1038 1481 1081 καὶ
1504 1040 1532 1094 ἦ
1560 1037 1795 1095 σύγκλητος,

160 1113 227 1147 Ma.
247 1104 429 1149 168.buai
453 1102 712 1158 προσήγαγον
739 1100 856 1162 αὐτῷ
883 1105 1077 1157 μοδὼλον
1118 1100 1229 1160 (ἦτοι
1257 1106 1478 1162 στέφανον)
1505 1106 1690 1160 χρυσοῦν
1717 1107 1846 1150 aea-15

157 1181 271 1221 Ed,1„,
285 1167 405 1217 2511&
435 1166 482 1210 τὸ
512 1166 610 1217 ἔθος
620 1201 634 1221 ,
675 1170 749 1210 καί
786 1169 1026 1224 διελάλησεν
1063 1169 1086 1210 ὅ
1122 1167 1321 1223 βασιλεῦς
1356 1170 1657 1223 ἀποδεχόμενος
1692 1167 1793 1218 τούς

351 1232 615 1288 στρατιώτας,
643 1234 718 1274 καί
744 1233 952 1288 ὖπὲσχετο
980 1232 1142 1292 ἑκάστῳ
1171 1233 1331 1276 διδόναι
1357 1233 1463 1275 κατὰ
1489 1233 1535 1276 τὸ
1563 1232 1662 1283 ἔθος
1688 1232 1791 1291 πρὸς

351 1299 471 1341 πέντε
502 1297 736 1351 νομίσματα
766 1297 838 1340 καί
862 1298 1008 1355 λίτραν
1037 1297 1225 1355 ἀργύρου
1251 1297 1353 1356 ὑπὲρ
1386 1296 1710 1354 αὖγουστιακῶν.

954 1389 1091 1430 ΚΕΦ.
1119 1387 1191 1428 ςέ.

417 1462 688 1510 Ἀναγόρευσις
719 1465 789 1498 τοῦ
812 1463 1082 1509 εὐσεβεστάτου
1115 1465 1224 1511 ἡμῶν
1248 1463 1434 1499 δεσπότου
1457 1464 1743 1500 Ἰουστινιανοῦ.
1791 1471 1843 1499 20

462 1531 518 1573 ‘O
541 1529 614 1587 τῆς
653 1531 773 1580 θείας
812 1531 964 1586 λήξεως
994 1529 1225 1579 Ἰουστῖνος
1252 1531 1325 1573 τὸν
1352 1530 1648 1585 εὐσεβέστατον
1673 1529 1790 1585 ἡμῶν

444 1622 476 1657 8.
506 1620 706 1666 ὖπῆχησαν
730 1622 824 1654 coni.
849 1622 901 1662 R„
932 1619 1160 1663 ὑπήκουσαν
1184 1619 1264 1654 cod.
1359 1631 1413 1655 11.
1434 1620 1526 1654 Ante
1548 1617 1713 1665 εὐτυχῶς
1734 1619 1789 1654 la·

445 1678 574 1701 cunam
602 1679 679 1702 esse
703 1668 833 1702 statuit
858 1669 895 1701 R.

351 1735 472 1769 cissim
497 1735 804 1770 intercedentibus
821 1760 830 1776 ‚
867 1736 973 1768 sacris
1001 1735 1223 1769 sermonibus
1246 1734 1479 1780 promittebat
1500 1734 1644 1768 tandem
1666 1735 1788 1778 Impe-

350 1787 459 1823 rator,
485 1783 524 1816 id
549 1795 587 1817 se
614 1783 802 1816 facturum.
850 1781 1062 1816 clamabant
1088 1783 1219 1827 igitur,
1242 1782 1331 1815 velit
1353 1781 1469 1814 missis
1495 1779 1661 1827 magistro
1685 1780 1787 1813 aliis-

351 1839 423 1873 que
439 1829 579 1874 aliquot
602 1829 763 1874 patriciis
783 1828 968 1862 Caesarem
983 1839 1168 1862 arcessere.
1195 1828 1277 1873 Quo
1296 1829 1481 1872 imperato,
1495 1828 1663 1872 magister
1675 1825 1787 1860 etde-

348 1874 438 1908 lecti
465 1877 611 1920 patricii
635 1875 806 1915 abibant,
830 1880 868 1909 et
891 1874 1118 1909 adducebant
1132 1875 1338 1915 Caesarem,
1362 1884 1516 1920 eumque
1539 1873 1584 1906 ad
1609 1872 1787 1906 sinistram

349 1921 581 1965 Iinperatoris
622 1921 856 1955 collocabant.
929 1921 1000 1955 Sed
1033 1922 1241 1966 episcopus,
1273 1931 1380 1966 quem
1410 1931 1481 1953 una
1517 1930 1597 1953 cum
1633 1918 1785 1953 Caesare

351 1966 582 2002 adducebant
596 1993 607 2009 ‚
634 1967 857 2003 consistebat
881 1967 927 2000 ad
950 1968 1177 2012 Imperatoris
1205 1967 1387 2006 dextram,
1410 1972 1446 1999 et
1475 1965 1633 1999 faciebat
1660 1974 1785 2010 preces

353 2018 392 2046 et
414 2015 475 2058 pia
500 2019 602 2048 vota:
635 2014 768 2060 quibus
802 2014 927 2053 finitis,
953 2023 1093 2046 omnes:
1131 2015 1245 2046 Amen
1279 2012 1520 2045 succinebant.
1581 2009 1663 2055 Quo
1689 2010 1786 2045 facto

350 2060 580 2104 praepositus
604 2060 815 2104 hperatori
850 2070 1019 2093 coronam
1046 2059 1273 2103 porrigebat,
1307 2069 1413 2103 quam
1446 2057 1507 2091 hic
1528 2061 1625 2089 stans
1649 2057 1785 2090 Caesa-

352 2105 403 2137 ris
426 2105 466 2138 in
490 2112 596 2150 caput
618 2105 848 2150 imponebat,
872 2105 1070 2138 acclamans
1094 2110 1170 2138 ter:
1199 2105 1385 2139 Feliciter.
1431 2103 1566 2137 Abibat
1587 2107 1666 2136 tum
1700 2103 1782 2146 epi-

353 2161 502 2195 scopus,
529 2157 565 2184 et
599 2151 809 2185 considebat
832 2151 1026 2195 Imperator
1050 2151 1122 2183 Leo
1148 2160 1317 2195 magnus3
1340 2150 1458 2183 minor
1480 2154 1602 2182 autem
1626 2149 1700 2182 Leo
1724 2159 1783 2181 sa-

351 2196 496 2231 lutabat
519 2203 618 2242 gestu
641 2198 835 2243 populum3
863 2196 909 2228 ad
923 2196 1020 2243 quod
1046 2207 1168 2230 omnes
1195 2195 1462 2230 exclamabant:
1482 2197 1652 2237 Auguste.
1680 2195 1784 2228 Tunc

348 2243 545 2276 veniebant
569 2244 767 2289 praefectus
781 2244 885 2276 Urbis
907 2248 944 2276 et
966 2248 1110 2276 senatus
1125 2242 1298 2277 asinistra
1318 2247 1431 2287 parte,
1455 2247 1491 2275 et
1505 2241 1703 2275 offerebant
1712 2241 1783 2284 ipsi

351 2289 550 2323 modiolum
577 2301 639 2323 seu
660 2300 827 2323 eoronam
843 2300 998 2330 auream,
1023 2294 1064 2322 ut
1086 2300 1161 2322 mos
1188 2292 1263 2328 est,
1288 2293 1326 2322 et
1349 2288 1599 2334 alloquebatur
1621 2288 1783 2331 Impera-

350 2340 411 2368 tor
433 2335 588 2377 milites‚
614 2337 806 2370 licentiam
832 2337 981 2380 ipsis-et
1009 2335 1167 2368 abeundi
1191 2335 1332 2367 veniam
1356 2333 1465 2375 dans,
1498 2334 1606 2367 simul
1628 2333 1784 2378 promit-

351 2385 432 2415 tens
456 2382 591 2415 viritim
615 2393 679 2426 pro
702 2393 799 2415 more
827 2387 998 2415 consueto
1023 2382 1153 2428 quinos
1178 2392 1341 2415 nummos
1366 2387 1404 2416 et
1428 2382 1529 2415 litras
1553 2380 1783 2426 urgenti‚sin-

353 2427 452 2472 gulas
475 2429 622 2462 nomine
646 2429 942 2474 augustiacorum.

975 2495 1070 2528 CAP.
1095 2495 1151 2541 95.

577 2563 820 2608 Inauguratio
844 2563 1004 2608 piissimi
1031 2562 1181 2596 Domini
1202 2563 1319 2596 nostri
1342 2561 1574 2598 Iustiniani.!

440 2630 517 2665 Pari
536 2630 642 2665 modo
676 2631 787 2667 Divus
823 2632 982 2666 Iustinus
997 2657 1006 2673 ,
1032 2636 1069 2665 et
1092 2633 1168 2676 ipse
1183 2629 1338 2677 {quoque
1363 2631 1460 2677 gravi
1483 2629 1608 2663 morbo
1633 2627 1780 2662 ‹lecum-1
