1878 3112
302 109 373 183 47
387 113 421 174 ’2
590 130 857 175 APPENDIX
894 133 968 174 AD
1007 132 1210 174 LrssRUM
1246 131 1470 175 *Palmum

301 228 578 286 κοιτωνάριον.
625 230 786 286 ὀφείλει
815 233 862 274 δὲ
892 235 1083 288 γίνεσθαι
1111 232 1259 282 λάκκος
1285 232 1394 288 ἔχων
1420 234 1556 289 βάθος
1584 236 1741 278 σπιθα-

307 293 394 347 μὰς
422 295 522 347 δυό,
566 295 641 337 καί
665 298 734 339 ἵνα
760 297 1032 350 σκεπάζονται
1069 297 1208 341 ἐπάνω
1245 301 1318 354 τῆς
1343 302 1416 355 γῆς
1433 296 1525 342 ’ὑπὸ
1553 299 1744 342 πετάλων

308 361 479 414 χαλκῶν
505 363 770 416 κοσκινωτῶν,
799 366 872 406 καί
898 363 1257 421 συμπαρακεινται
1277 362 1428 415 αὐταῖς
1447 363 1553 422 πρὸς
1578 368 1622 409 ἓν
1648 367 1744 423 τρία

305 424 529 481 κηρούλια,
573 426 762 484 φανάρια
790 433 932 484 χαλκᾶ
958 429 1211 485 κοσκινωτά,
1250 430 1323 472 καί
1348 431 1572 487 ὡρολόγιον
1597 430 1746 488 μικρὸν

264 486 513 547 Βᾶργυροῧν
542 491 612 534 διὰ
647 494 700 535 rii
731 495 1067 551 νυκτερεύματα,
1111 493 1213 552 ὅπερ
1253 496 1414 553 ὀφείλει
1449 499 1649 539 ἵστασθαι
1685 497 1770 546 εἶς5

301 555 376 598 τὸν
400 559 601 612 κοιτῶνα,
629 559 704 601 καί
727 562 867 617 ἕτερον
890 565 1100 616 χαλκοῦν,
1130 557 1230 618 ὅπερ
1261 561 1422 619 ὀφείλει
1448 564 1653 605 ἵστασθαι
1678 559 1745 605 ἕνα

301 625 363 664 θα
392 622 431 664 οἱ
458 630 690 667 κοιτωνῖται
714 627 926 679 μένουσιν.
974 626 1080 684 πρὸς
1104 626 1265 677 τούτοις
1292 629 1535 670 σκουτέλλια
1560 625 1746 683 ὄλόχρυ-·

302 703 359 730 σα
400 685 453 744 δ’,
499 692 779 747 μινσουράκια
811 690 1026 749 ὁλόχρυσα
1054 692 1090 747 β’
1097 725 1109 747 ,
1150 693 1378 750 ὀρθομίλια
1413 689 1626 749 ὁλόχρυσα
1653 689 1745 734 δύο.

302 754 464 808 ἰστέον,
512 751 579 797 ὅτι
614 758 746 799 ταῦτα
785 759 829 801 ἐν
857 760 913 816 τῷ
941 760 1242 802 συνεστιᾶσθαι
1270 757 1462 808 ἐθνικούς
1495 760 1552 816 τῷ
1579 761 1751 813 βασιλεῖ

304 814 546 876 ὀφείλουσιν
573 823 775 877 ἐνεργεῖν.
831 824 903 866 διὰ
940 827 1060 867 τοῦτο
1097 824 1178 880 γὰρ
1218 824 1293 867 καὶ
1317 826 1362 867 ἐν
1387 831 1479 874 ταῖς
1505 821 1797 882 φορτώσεσιιο

302 886 380 926 τοῦ
407 890 630 942 βασιλικοῦ
646 891 896 946 -βεστιαρίου
925 890 1226 945 τυγχάνουσιν,
1275 890 1334 940 ὥς
1360 888 1418 946 μή
1448 892 1542 932 καθ’
1569 887 1748 944 ἑκάστην

303 953 550 1008 ἐνεργοῦντα
591 955 651 1003 εἰς
677 952 722 997 τὸ
750 954 968 1010 βασιλικὸν
1003 957 1238 1013 τραπέζιον.
1293 954 1341 999 τὸ
1383 958 1430 1000 δὲ
1483 956 1640 1012 ιῖσήμιν
1677 957 1750 1011 τῆς

302 1021 521 1075 βασιλικῆς
561 1019 793 1077 ὑπουργίας
831 1023 992 1078 ὀφείλει
1029 1021 1253 1076 βαστάζειν
1287 1022 1314 1078 ἧ
1342 1020 1549 1079 ὑπουργία
1587 1022 1647 1071 εἰς
1672 1018 1750 1076 τὴν

107 1089 170 1123 Ed.
181 1088 221 1128 L.
233 1081 518 1145 273aep69ramtv
579 1087 671 1127 τῶν·
717 1083 757 1127 π’
806 1091 1051 1143 σαγμαρίων
1105 1090 1178 1143 τῆς
1226 1089 1443 1144 βασιλικῆς
1490 1087 1747 1143 ὑπουργίας·

305 1153 382 1208 ἀφ’
414 1147 466 1194 οὗ
496 1153 542 1194 δὲ
584 1154 826 1209 ἇποκινήσει
856 1154 879 1196 ὃ
907 1154 1108 1208 βασιλευς
1135 1156 1196 1203 εἷς
1221 1152 1299 1203 τὰς
1325 1153 1531 1210 ἐρήμους,
1568 1151 1645 1195 δύο
1673 1155 1800 1210 ‹pt-15

305 1234 377 1260 ναι
405 1218 623 1274 ὀφείλουσι
651 1221 843 1273 γίνεσθαι
861 1252 872 1274 ‚
922 1219 997 1261 καί
1024 1224 1124 1262 καθ’
1147 1217 1362 1274 ἑβδομάδα
1390 1221 1611 1275 ὀφείλουσι
1638 1222 1747 1272 λαμ-

305 1284 452 1338 βάνειν
475 1282 751 1340 μιλιαρήσια.
807 1285 962 1339 ὁμοίως
989 1285 1064 1327 καί
1089 1285 1128 1327 οἱ
1155 1286 1368 1339 βασιλικοὶ
1392 1279 1567 1340 ἅγουροι
1593 1287 1749 1337 μαῖου-

305 1352 391 1403 μᾶν
417 1349 492 1391 καί
513 1349 782 1407 μιλιαρὴσια.
839 1351 878 1393 οἱ
907 1353 953 1394 δὲ
978 1349 1204 1407 μα’γιστροι
1243 1350 1318 1392 καὶ
1354 1349 1394 1392 οῖ
1427 1348 1638 1407 πατρίκιοι
1675 1347 1750 1391 καὶ

306 1415 346 1456 οῖ
384 1414 650 1471 ὄφφικιάλιοι
685 1419 980 1460 συνεστιῶνται
1013 1420 1071 1476 τῷ
1107 1421 1280 1472 βασιλεῖ’
1311 1417 1371 1466 εἷς
1410 1413 1512 1465 τούς
1547 1412 1747 1471 ἀκλήτους

307 1478 388 1524 σὺν
413 1485 499 1531 τοῖς
526 1483 828 1538 πραιποσίτοις.
1748 1496 1802 1524 20

307 1626 459 1674 quidem
485 1628 524 1662 in
549 1633 700 1663 coetone
725 1641 789 1664 seu
819 1630 989 1664 cubiculo
1014 1629 1228 1663 dormitorio
1253 1627 1505 1673 Imperatoris,
1529 1626 1683 1660 alterum
1707 1627 1748 1660 in

309 1674 526 1717 cucumilio,
561 1678 710 1710 tertium
736 1678 774 1710 in
810 1679 1107 1722 paracoetonario
1140 1687 1204 1709 seu
1230 1674 1412 1716 cubiculo,
1442 1674 1544 1720 quod
1581 1672 1628 1706 ad
1651 1674 1754 1706 latus·

308 1723 472 1755 coetonis
499 1727 575 1763 est,
605 1725 766 1768 ponitur.
813 1725 968 1758 Inferius
1005 1723 1140 1756 habere
1176 1722 1313 1756 debent
1336 1721 1477 1766 singula
1503 1720 1665 1765 singulos
1691 1720 1749 1752 la-

310 1778 374 1801 cus
397 1768 446 1801 ad
469 1769 621 1802 duarum
646 1771 905 1815 spithamarum
936 1770 1240 1816 profunditatem3
1265 1770 1304 1802 in
1340 1779 1478 1802 summo
1509 1772 1624 1802 tectos
1658 1766 1749 1801 -bra-

310 1816 399 1848 creis
434 1817 557 1848 aeneis
591 1816 638 1849 ad
670 1818 784 1852 instar
809 1817 918 1852 cribri
955 1818 1171 1862 perforatis3
1205 1822 1242 1850 et
1276 1815 1441 1849 adjacere
1466 1814 1618 1859 singulis
1642 1817 1746 1848 terna

309 1862 468 1904 cerulia,
494 1862 552 1907 [id
576 1868 631 1896 est
653 1866 769 1907 cerei,
793 1870 835 1899 ut
865 1864 1032 1905 videtur,
1064 1876 1139 1898 non
1162 1865 1272 1905 recti,
1297 1862 1362 1896 sed
1389 1860 1686 1906 conglomerati],
1709 1865 1748 1893 et

308 1908 474 1942 laternae
511 1920 665 1952 aeneae,
715 1913 754 1944 in
779 1923 918 1945 summo
950 1917 1117 1956 pertusae
1142 1910 1402 1950 foraminibus,
1425 1909 1528 1942 velut
1549 1906 1685 1948 cribm3
1709 1910 1748 1939 et

309 1953 542 2000 horologium
565 1968 714 2001 parvum
740 1964 948 2004 argenteum
975 1963 1121 2003 propter
1143 1957 1286 2002 vigilias
1309 1961 1522 1996 nocturnas,
1547 1952 1647 1999 quod
1673 1952 1751 1985 col-

308 2001 424 2035 locari
450 2003 562 2036 debet
585 2005 623 2036 in
649 2010 820 2049 coetone5
846 2011 883 2038 et
907 2004 1008 2037 aliud
1031 2015 1205 2044 aeneum,
1230 2003 1330 2048 quod
1352 2002 1405 2034 ibi
1431 2000 1541 2034 debet
1564 1999 1747 2041 collocari,

312 2047 378 2080 ubi
404 2051 608 2082 coetonitae
634 2051 873 2085 diversantur.
921 2054 1108 2086 Praeterea
1137 2050 1305 2083 scutellas
1341 2053 1496 2095 quatuor
1523 2045 1656 2079 solidas
1681 2057 1748 2079 au—

311 2103 412 2135 reas,
439 2100 476 2127 ct
499 2097 716 2131 minsuracia
741 2110 803 2132 seu
829 2099 993 2131 missoria
1020 2098 1078 2131 vel
1102 2098 1222 2129 lances
1248 2095 1381 2128 solidas
1407 2104 1532 2127 aureas
1559 2093 1660 2134 duas,
1689 2103 1748 2126 or-

308 2140 480 2174 thomina
496 2141 571 2187 [seu
593 2145 810 2187 pyramides,
837 2146 961 2192 quales
986 2143 1151 2177 lancibus
1170 2142 1217 2175 ad
1242 2140 1471 2175 occultandas
1486 2139 1595 2184 dapes
1621 2149 1747 2184 super-

311 2187 552 2232 imponuntur
566 2189 587 2235 ,]
622 2191 714 2223 duae
748 2197 848 2225 totae
882 2201 1023 2224 aureae.
1071 2191 1169 2223 Haec
1204 2199 1287 2222 vasa
1311 2187 1528 2232 pretiosiora
1553 2187 1686 2220 servire
1711 2190 1749 2219 et

312 2234 353 2266 in
381 2245 487 2267 usum
511 2238 631 2270 vocari
657 2237 792 2271 debent
815 2243 904 2278 tum,
929 2249 1041 2284 quum
1067 2237 1180 2270 exteri
1205 2247 1285 2268 cum
1310 2236 1530 2279 Imperatore
1547 2233 1748 2267 *convivan-

311 2285 393 2323 tul-3
427 2293 535 2326 quem
561 2282 600 2314 in
624 2284 732 2317 finem
765 2295 911 2331 quoque
939 2285 1087 2317 sarcinis
1111 2284 1275 2318 vestiarii
1299 2282 1388 2326 regii
1414 2283 1508 2325 [non
1532 2285 1654 2313 autem
1677 2280 1748 2312 mi—

312 2327 458 2364 nisterii
482 2329 686 2374 culinaris‚]
712 2331 899 2372 induntur,
927 2336 1054 2376 utpote
1079 2329 1244 2376 quotidie
1264 2340 1339 2362 non
1364 2327 1559 2361 servientia
1583 2327 1623 2359 in
1646 2336 1748 2359 men-

314 2385 352 2408 sa
377 2375 484 2419 regia.
545 2374 733 2421 Reliquam
774 2389 858 2412 vero
892 2378 1155 2421 supellectilem
1186 2381 1390 2420 argenteam
1415 2375 1614 2407 eulinarem
1638 2372 1749 2406 (lebet
1780 2402 1782 2404 ,

315 2422 558 2455 ministerium
588 2423 749 2457 culinare
774 2426 812 2457 in
848 2425 975 2457 ceteris
1013 2424 1160 2457 sarcinis
1187 2422 1445 2456 attributorum
1471 2420 1542 2453 sihi
1565 2420 1747 2465 octoginta

316 2468 497 2501 mulorum
531 2470 786 2514 sagmariorum
818 2472 922 2504 ferre.
983 2473 1034 2506 Ex
1059 2482 1131 2518 quo
1152 2474 1274 2504 movet
1296 2470 1495 2513 Imperator
1519 2467 1557 2500 in
1583 2466 1749 2507 deserta,

317 2514 410 2547 duae
436 2515 572 2548 debent
607 2518 702 2551 {inae
733 2519 791 2553 vel
815 2519 960 2563 vigiliae
986 2518 1085 2555 fieri,
1114 2517 1233 2563 iisque
1257 2514 1526 2561 septimanatim
1550 2513 1748 2546 miliaresia

318 2560 406 2594 dari.
456 2562 590 2595 Pariter
614 2576 760 2611 quoque
794 2565 928 2598 debent
953 2564 1160 2609 imperiales
1185 2564 1286 2608 aguri
1310 2563 1368 2595 vel
1396 2560 1530 2607 ephebi
1553 2560 1747 2593 maiumam

318 2613 354 2640 ct
384 2609 581 2642 miliaresia
614 2613 784 2656 accipere.
833 2612 995 2654 Magistri
1028 2617 1148 2644 autom
1185 2615 1222 2642 et
1245 2609 1388 2654 patricii
1414 2614 1451 2642 et
1475 2607 1668 2648 officiales,
1690 2606 1748 2638 'uti

318 2659 355 2685 ‘⁵‘
387 2656 584 2708 praepositi
623 2660 857 2694 convivantur
884 2659 1121 2706 Imperatori,
1145 2657 1287 2692 etiamsi
1312 2668 1386 2690 non
1410 2654 1556 2689 nomine
1580 2659 1686 2688 tenus
1710 2662 1748 2685 e·-

317 2707 436 2735 vocati
462 2708 498 2735 et
524 2704 678 2739 invitati.
