1878 3112
309 136 380 175 DE
411 132 680 175 clar-mou.
720 130 899 172 AULAE
930 130 1157 172 num.
1193 133 1246 171 11.
1272 136 1313 176 ιι.
1427 113 1539 186 529

119 234 212 277 τεὶα
239 235 286 276 δὲ
313 233 389 275 οὔκ
416 231 517 287 ἔχει,
544 230 685 280 καθώς
711 233 784 273 καί
808 229 858 272 τὰ
887 232 970 272 τῶν
997 225 1211 285 εὖνοῦχοον
1234 235 1542 288 πρωτοσπαθα-

121 300 222 356 ρι’ων
248 297 323 340 καὶ
348 297 400 340 τὰ
427 300 510 339 ταῖν
537 298 776 351 μαγίστρων
801 294 1018 349 στιχάρια.
1072 298 1146 337 καί
1181 299 1298 339 τοῦτο
1329 299 1376 340 ἐκ
1399 295 1543 352 χειρός

119 366 196 406 τοῦ
225 363 429 418 βασιλέως
456 362 671 413 δέξά,ιιενος
714 362 785 402 ἐπί
819 363 891 414 τῆς
923 363 995 415 γῆς
1022 367 1267 416 προσκυνεῖ,
1314 362 1389 404 καί
1430 366 1551 419 φιλεῖ

120 427 221 476 τούς
246 426 379 476 πόδας
403 429 481 468 τοῦ
504 426 709 479 βασιλέως
736 428 809 466 καί
832 423 883 466 τά
911 423 1076 479 γόνατα,
1107 426 1258 479 ὁμοίως
1276 429 1350 469 καί
1372 430 1448 470 τοῦ
1472 443 1545 481 μι-

94 495 223 550 ὄκροῦ
255 493 478 547 βασιλέως·
533 492 607 531 καί
641 488 746 543 μετὰ
782 493 914 532 ταῦτα
953 487 1165 544 ἐξάγουσιν
1202 492 1329 534 αὐτὸν
1354 491 1395 535 οἶ
1418 503 1572 549 πραι-(ἶ

119 555 281 600 πόσιτοι
301 557 360 604 εἷς
386 555 432 597 τὸ
462 558 589 612 βῆλον
615 554 659 597 τὸ
691 554 794 611 πρὸς
824 553 870 596 τὸ
899 553 1203 611 ἆριστητήριον,
1231 553 1356 612 ἤγουν
1389 555 1546 614 ἔμπρο-

119 625 222 665 σθεν
240 623 316 664 τοῦ
341 624 541 673 κοιτῶνος,
571 620 734 662 κάκεῖσε
765 617 983 662 ἐνδύουσιν
1007 621 1134 662 αὐτὸν
1158 620 1200 663 τὸ
1235 625 1421 665 τοιοῦτον
1449 622 1547 676 ἱμά-

118 703 233 740 τιον,
283 685 356 728 καὶ
378 685 503 727 πάλιν
530 685 769 739 εἰσάγουσιν
796 683 924 727 αὐτὸν
949 687 1008 735 εἰς
1033 685 1104 727 τὸν
1129 689 1329 741 βασιλέα,
1379 687 1454 730 καί
1478 687 1546 730 πι’-

119 769 230 795 πτων
249 757 476 807 προσκυνεῖ
495 753 568 792 καί
595 755 715 807 φιλεῖ
734 749 834 799 τούς
870 750 1002 799 πόδας
1029 750 1102 792 καὶ
1122 752 1174 793 τὰ
1201 752 1351 806 γόνατα
1370 748 1446 795 τοῦ
1469 770 1548 806 με-

71 815 248 873 ιογοίλου
275 819 499 869 βασιλέως,
529 813 680 869 ὁμοίως
707 815 779 856 καὶ
802 818 877 857 τοῦ
901 818 1076 872 μικροῦ,
1116 820 1188 859 καί
1209 819 1386 860 ἐπιδίδει
1413 815 1738 860 abrotanum-

120 883 145 924 ὅ
171 880 367 936 βασιλευς
394 880 439 923 τὸ
464 881 877 937 χρυσοπερίκλειστον
902 883 1097 934 μαντιόν,
1139 884 1214 924 καί
1249 882 1544 938 περιβάλλεται

119 942 224 989 miro
272 944 387 1001 παρὰ
421 947 494 988 τοῦ
533 949 835 1001 πραιποσίτου,
883 947 954 987 καί
979 945 1105 988 πάλιν
1131 948 1292 989 πίπτων
1323 953 1553 1003 προσκυνεῖ

120 1013 194 1054 καί
220 1015 338 1068 φιλεῖ
358 1009 456 1059 τούς
482 1009 615 1059 πόδας
642 1010 715 1053 καὶ
743 1011 793 1053 τὰ
834 1009 984 1065 γόνατα
1013 1014 1088 1053 τοῦ
1113 1013 1297 1066 μεγάλου
1324 1016 1543 1066 βασιλέως,

120 1074 271 1130 ὁμοίως
296 1078 368 1118 καί
392 1078 470 1117 τοῦ
494 1078 649 1131 μικροῦ
657 1111 668 1122 ,
724 1073 815 1118 εἶτα
854 1078 1097 1118 ἐπιδίδωσιν
1135 1076 1263 1119 αὐτὸν
1292 1077 1314 1120 ὅ
1349 1078 1549 1132 βασιλευς

71 1141 330 1197 ιόμαφόριον
357 1139 454 1192 ὅξὺν
481 1144 735 1197 πορφυροῦν,
765 1139 861 1195 ἔχον
888 1143 940 1182 δι’
969 1139 1069 1183 ὅλου
1095 1144 1407 1198 χρυσοκὲντητα
1436 1141 1544 1199 ῥόδα

119 1209 236 1262 δίκην
261 1207 572 1261 λουπηναρίων.
628 1207 764 1248 ἰστέον
773 1239 787 1258 ,
831 1202 895 1248 ὅτι
923 1205 996 1248 καί
1021 1205 1066 1248 τὸ
1092 1209 1265 1260 μαντιὀν
1291 1209 1363 1250 καί
1387 1207 1432 1250 τὸ
1460 1217 1588 1261 μοι-1)

119 1267 269 1328 φόριον
296 1267 319 1311 ὅ
346 1270 618 1326 πραιπόσιτος
643 1271 819 1312 ἐπιδήῖει
846 1270 917 1313 τὸν
954 1274 1155 1324 βασιλέα.
1207 1270 1252 1314 τὸ
1281 1274 1329 1314 δὲ
1355 1276 1545 1314 τοιοῦτον

117 1332 332 1392 μαφόριον
356 1337 401 1378 ἐν
426 1338 478 1392 τῇ
503 1338 688 1392 προβολῇ
715 1335 819 1392 πρὸς
845 1333 955 1388 ἅπαξ
981 1339 1053 1379 καί
1078 1335 1214 1390 μόνον.
1269 1334 1320 1378 οὗ
1347 1337 1546 1393 περιβάλ-

118 1405 237 1443 λεται
264 1402 311 1443 δὲ
338 1396 434 1442 οὔτε
462 1403 507 1442 ἐν
532 1403 582 1457 τῇ
610 1402 875 1456 προελεύσει,
922 1398 1014 1443 οὔτε
1052 1403 1096 1443 ἐν
1124 1398 1226 1458 ἄλλῃ
1253 1397 1361 1458 ᾗτινι
1391 1400 1443 1444 ἄν
1469 1398 1546 1443 οὖν

68 1465 277 1524 αοῆμέρᾳ.
331 1467 406 1507 καί
443 1465 734 1520 περιβάλλεται
771 1465 818 1508 τὸ
867 1468 1026 1508 τοιοῦτο
1063 1466 1276 1522 μαφόριον
1313 1465 1428 1521 παρὰ
1462 1469 1545 1509 τῶν

121 1531 402 1585 πραιποσι’των
429 1527 510 1571 ἀπὸ
537 1532 611 1584 τῆς
631 1534 823 1586 κεφαλῆς,
853 1529 956 1573 ὥστε
979 1529 1025 1572 τό
1046 1533 1128 1573 πᾶν
1148 1530 1280 1572 αὐτοῦ
1307 1532 1430 1583 σῶμα
1445 1547 1547 1584 συγ-

121 1593 404 1636 καλύπτεσθαι
431 1593 511 1635 ύπὸ
539 1598 615 1635 τοῦ
640 1595 828 1638 τοιούτου
854 1597 1083 1653 μαφοριόυ.
1139 1598 1211 1637 καί
1234 1595 1360 1637 πάλιν
1388 1595 1545 1638 πίπτων

94 1654 98 1657 ’
121 1664 346 1714 προσκυνεῖ
366 1659 438 1700 καί
478 1664 597 1714 φιλεῖ
617 1658 715 1708 τούς
744 1661 878 1710 πόδας
905 1663 978 1704 καί
1002 1660 1054 1703 ui
1082 1661 1238 1715 γόνατα
1265 1662 1340 1702 τοῦ
1365 1660 1545 1714 μεγάλου

118 1724 350 1777 βασιλέως,
393 1722 548 1776 ὁμοίως
574 1723 647 1766 καὶ
671 1727 747 1766 τοῦ
772 1729 945 1782 μικροῦ,
974 1725 1046 1768 καί
1069 1722 1148 1768 εἶθ’
1177 1722 1305 1774 οὕτως
1331 1722 1545 1780 ἐξάγουσιν

221 1837 271 1872 ¹9·
297 1826 356 1860 Sic
377 1829 469 1862 coni.
493 1831 552 1871 R„
575 1828 669 1878 ἄλλῃ
687 1833 816 1867 τοίνυν
841 1829 889 1867 ἂν
911 1831 989 1869 cod.

122 1921 201 1943 rum
234 1910 623 1955 protospathariorum,
669 1925 789 1960 neque
827 1915 1073 1959 magistrorum
1113 1913 1279 1947 sticharia
1314 1927 1358 1955 ea
1391 1913 1539 1952 habeut,

121 1955 374 1990 Indumentum
403 1957 473 1991 hoe
501 1970 520 1992 e
546 1970 652 1993 manu
682 1962 907 2004 Imperatoris
940 1962 1089 1994 senioris
1121 1966 1266 2002 nactus,
1300 1961 1425 1995 adorat
1460 1973 1543 1994 eum

121 2001 244 2042 humi,
267 2003 451 2048 pedesque
479 2010 515 2037 et
547 2017 661 2050 genua
690 2007 804 2051 ipsius
831 2007 1036 2047 osculatur,
1068 2011 1104 2040 et
1126 2006 1296 2051 deinceps
1326 2007 1422 2041 idem
1450 2019 1542 2052 quo-

122 2059 194 2094 que
206 2049 339 2082 iuniori
363 2051 569 2094 Imperatori
589 2052 691 2094 sacit3
715 2059 752 2086 et
775 2054 826 2086 sic
837 2053 994 2086 educunt
1008 2054 1125 2098 ipsum
1143 2053 1339 2098 praepositi
1359 2055 1398 2086 in
1410 2053 1541 2092 velum,

122 2093 223 2139 quod
245 2095 291 2128 ad
313 2097 550 2130 aristeterium
573 2109 636 2131 seu
660 2101 885 2142 pransorium
913 2105 1069 2144 spectat,
1094 2105 1156 2132 aut
1186 2100 1283 2145 quod
1307 2105 1390 2133 ante
1416 2105 1542 2132 coeto-

123 2151 207 2173 nem
222 2146 287 2174 eut.
313 2142 369 2175 Ibi
387 2149 576 2188 postquam
599 2143 794 2179 induerunt
810 2148 892 2190 ipsi,
911 2146 1008 2191 quod
1021 2146 1127 2179 modo
1148 2146 1411 2191 descripsimus,
1433 2145 1544 2178 indu-

123 2191 296 2227 mentum,
310 2189 543 2223 introducunt
562 2202 642 2223 eum
662 2203 779 2224 rursus
801 2193 847 2225 ad
866 2194 1125 2238 Imperatorem.
1152 2191 1262 2225 Cuius
1281 2193 1356 2234 ine,
1372 2191 1472 2225 humi
1491 2193 1544 2224 ia-

125 2241 207 2264 cens
221 2257 231 2272 ,
254 2233 362 2277 pedes
387 2236 568 2269 osculatur
586 2242 695 2281 atque
718 2249 850 2283 genua,
876 2239 1025 2272 senioris
1048 2241 1202 2283 primum
1222 2245 1258 2271 et
1283 2244 1543 2284 consequenter

124 2277 276 2311 iunioris
289 2291 442 2326 quoque.
468 2283 559 2314 Tum
576 2284 687 2316 tradit
701 2285 769 2328 ipsi
788 2285 961 2318 Dominus
975 2297 1060 2318 auro
1083 2286 1353 2328 circumseptum
1367 2284 1542 2316 mantium

124 2322 183 2360 vel
199 2324 362 2366 pallium,
385 2327 482 2372 quod
495 2329 563 2372 ipsi
585 2329 749 2372 protinus
774 2341 793 2362 a
818 2333 1021 2375 praeposito
1036 2331 1291 2364 circumiicitur
1327 2331 1409 2374 Quo
1430 2330 1539 2368 facto,

125 2368 282 2414 procidit
303 2369 416 2413 hnmi,
434 2373 570 2415 adorat,
588 2381 625 2408 et
640 2377 820 2409 osculatur
838 2379 947 2422 pedes
964 2383 1071 2421 atque
1087 2388 1199 2422 genua
1211 2377 1361 2410 senioris
1379 2377 1542 2420 Impera-

125 2414 216 2447 toris
244 2420 280 2450 et
299 2417 449 2452 iunioris
466 2421 611 2465 pariter.
638 2421 779 2456 Deinde
792 2423 902 2456 tradit
921 2425 989 2468 ipsi
1008 2424 1200 2468 Imperator
1215 2422 1437 2466 maphorium
1455 2422 1539 2464 [seu

126 2459 325 2506 humerale]
350 2475 567 2508 purpureum
588 2466 699 2501 vividi·
722 2469 868 2502 luminis
883 2495 892 2510 ,
926 2474 1042 2502 totum
1065 2472 1153 2503 rosis
1177 2470 1294 2502 aureis
1319 2479 1382 2500 acu
1411 2466 1539 2511 pictis,

126 2506 227 2539 velut
249 2507 382 2553 lupinis
407 2511 584 2552 totidem,
618 2513 783 2547 obsitum.
837 2515 913 2548 Hoc
938 2514 1165 2559 maphorium
1198 2521 1235 2548 et
1260 2514 1433 2547 mantiam
1463 2517 1540 2545 tra-

127 2551 184 2586 dit
205 2555 426 2599 PtaeP⁰⁸stus
446 2556 671 2601 Imperator13
706 2559 896 2606 induitque
917 2561 1109 2594 honoratus
1133 2560 1358 2605 maphorium
1381 2562 1541 2591 tantum·-

126 2597 234 2632 modo
259 2601 394 2642 semel,
426 2601 466 2634 in
510 2606 734 2647 promotione
767 2606 956 2648 nimirum3
991 2607 1159 2651 deinceps
1194 2611 1313 2639 autem
1343 2615 1462 2650 neque
1499 2603 1540 2636 in

126 2646 368 2694 processione,
386 2658 503 2692 neque
524 2649 599 2682 ullo
623 2650 695 2683 alio
721 2651 781 2685 die
798 2652 836 2685 id
861 2651 992 2685 induit.
1017 2653 1076 2686 Sic
1099 2651 1270 2685 autemid
1295 2650 1366 2696 ipsi
1381 2650 1540 2684 tunccir-

129 2692 360 2726 cumvolvunt
380 2696 576 2739 praepositi
600 2696 690 2729 eirca
719 2705 843 2742 caput,
867 2703 908 2731 ut
930 2703 1046 2733 totum
1067 2699 1145 2732 eius
1170 2707 1297 2742 corpus
1322 2708 1365 2731 eo
1389 2696 1537 2734 veletur.

177 2760 435 2796 Constantinus
457 2761 628 2807 Porphyr.
653 2763 733 2799 Vol.
749 2767 777 2796 1.
1241 2766 1284 2811 34
