1884 3112
418 36 422 37 ι
874 0 910 37 Ι

295 90 403 147 272
562 93 918 138 cous-rmum
959 93 1440 138 pommooaum

909 220 1051 262 ΚΕΦ.
1077 219 1151 268 νς’.

435 307 527 345 Ὅσα
547 307 607 343 δεῖ
625 309 936 356 παραφυλάττειν
959 309 1025 346 ἐπὶ
1047 311 1258 359 προαγωγῇ
1282 309 1579 359 δευτερεύοντος.

400 395 661 440 Κελεύουσιν
701 396 739 439 οἱ
769 398 967 441 δεσπόται
1002 400 1060 456 τῷ
1102 399 1360 459 πραιποσίτῳ
1387 402 1488 458 περὶ
1526 402 1736 457 προβολῆς

99 462 636 519 Εά.ι.159δευτερεύοντος,
681 465 755 505 καί
789 465 1030 506 ἀποστέλλει
1059 462 1080 506 ὅ
1117 464 1396 522 πραιπόσιτος
1431 465 1735 522 σιλεντιὰριον,

293 531 368 571 καί
395 530 513 585 ζητεῖ
532 528 603 571 τὸν
633 527 864 586 δήμαρχον,
895 530 967 573 καί
992 529 1068 573 ἐὰν
1096 532 1276 589 εὑρεθῇ,
1306 534 1479 575 δίδωσιν
1506 528 1761 587 ἀπόκρισιν5

290 601 379 646 ’τοῖς
407 593 656 649 δεσπόταις,
686 598 761 638 καί
787 595 827 639 οἱ
855 594 1056 640 δεσπόται
1083 600 1367 654 παραδιδοῦσι
1393 601 1451 657 τῷ
1476 599 1738 656 πραιποσίτῳ

290 660 339 705 ὃν
365 657 593 716 βοῦλονται
619 665 912 719 προβαλέσθαι
940 661 1255 720 δευτερεύοντα.
1307 666 1380 707 καί
1397 666 1611 721 ἐξέρχεται
1639 664 1740 718 ὄψι-

289 728 515 782 κευόμενος
554 726 638 770 ὑπὸ
678 731 1035 787 κουβικουλαρίων
1063 732 1137 772 καί
1171 731 1459 787 σιλεντιαράιον
1492 734 1577 774 τῶν
1606 726 1739 774 ὄντων

290 791 580 850 ἑβδομαράον,
609 796 682 837 καί
707 796 974 851 παραδίδωσι
999 794 1072 839 τὸν
1101 797 1400 852 δευτερεύοντα
1426 798 1484 855 τῷ
1512 797 1740 855 δημάρχῳ,

291 861 365 902 καί
389 862 642 914 ἑπεύχονται
656 866 742 910 τοῖς
770 859 1002 911 δεσπόταις.
1057 863 1337 918 προβάλλεται
1364 864 1410 905 δὲ
1439 858 1468 918 ἢ
1493 863 1611 920 ἐντῷ
1639 859 1791 917 ἧμι-ιο

292 928 466 984 κυκλίῳ,
517 922 546 981 ἦ
575 928 619 970 ἑν
643 929 695 984 τῇ
722 926 991 987 θερμάστρᾳ,
1029 930 1068 971 εἰ
1095 929 1141 970 δὲ
1170 929 1346 971 ἀσθενεῖ
1367 925 1388 971 ὅ
1417 929 1657 984 δήμαρχος,
1696 928 1741 970 ἕ-

292 994 436 1048 παίρει
465 991 597 1035 αὐτὸν
625 991 646 1036 ὃ
680 991 932 1050 ἑβδομάριος
966 995 1240 1051 σιλεντιάριος
1266 993 1383 1050 παρὰ
1412 997 1490 1037 τοῦ
1516 991 1742 1051 πραιποσιῑ-

291 1075 367 1102 του
378 1093 390 1112 ,
420 1060 493 1100 καί
518 1059 749 1114 ἀπέρχεται
779 1060 823 1102 ἐν
851 1062 909 1116 τῷ
937 1059 1036 1119 οἴκῳ
1065 1063 1142 1103 τοῦ
1170 1059 1418 1116 δημάρχου,
1460 1062 1534 1102 καί
1558 1059 1742 1115 παραδί-

294 1127 401 1167 δωσι
427 1126 492 1182 τῷ
521 1123 723 1183 δημάρχῳ
752 1123 825 1167 τὸν
869 1125 1177 1182 δευτερεύοντα,
1234 1125 1319 1182 χρὴ
1352 1128 1399 1168 δὲ
1438 1127 1617 1178 εἰδέναι,
1658 1121 1738 1184 ὅτι,

292 1187 363 1233 ὅτε
394 1189 416 1232 ὅ
448 1188 721 1247 πραιπόσιτος
749 1192 1016 1248 παραδίδωσι
1042 1193 1099 1250 τῷ
1126 1194 1388 1250 σιλεντιαρίῳ
1415 1190 1487 1234 τὸν
1523 1189 1791 1248 δευτερεύ-ιὸ

258 1261 417 1310 Βοντα,
446 1254 711 1312 εὑρίσκονται
737 1257 812 1298 καί
842 1255 881 1298 οἷ
909 1260 986 1298 τοῦ
1012 1259 1182 1314 μέρους,
1213 1256 1237 1298 ὅ
1273 1256 1582 1313 γειτονιάρχης,
1622 1256 1644 1297 ὁ
1672 1271 1742 1299 νο-

95 1322 460 1380 Μεαιφετάριος,
502 1318 598 1378 ἦτοι
625 1320 647 1363 ὅ
680 1321 1015 1380 χαρτουλάριος,
1057 1323 1080 1365 0‘
1122 1322 1321 1379 ποιητής,
1367 1321 1390 1364 ὅ
1431 1321 1631 1377 μελιστὴς
1671 1323 1744 1364 καὶ

301 1386 315 1401 t

293 1405 315 1431 ο
357 1390 580 1444 μαΐστωρ,
629 1391 698 1431 ἵνα
725 1390 800 1430 καί
835 1390 961 1432 αὐτοὶ
997 1387 1301 1445 παραλάβωσιν
1346 1387 1474 1431 αὕτὸν
1510 1387 1626 1445 παρὰ
1664 1381 1743 1430 τοῦ

293 1457 587 1511 πραιποσίτου.
640 1454 726 1512 χρὴ
757 1457 804 1498 δὲ
833 1457 987 1498 εἰδέναι
998 1490 1010 1509 ,
1054 1453 1119 1498 ὅτι
1148 1455 1186 1497 οἱ
1216 1454 1294 1497 δύο
1324 1452 1637 1511 δευτερεύοντες
1663 1453 1741 1511 τήν

293 1520 429 1580 αὐτὴν
454 1522 706 1565 ἀκολουθίαν
733 1520 903 1578 ἔχουσι,
930 1525 1009 1565 τοῦ
1035 1523 1215 1566 Βενὲτου
1245 1523 1319 1567 καὶ
1344 1522 1582 1579 Πρασίνου.
1737 1539 1790 1566 20

399 1657 431 1692 7.
455 1643 736 1692 προβάλλεσθαι
761 1643 817 1678 ed.

926 1759 1022 1795 CAP.
1050 1762 1106 1799 56.

604 1828 844 1866 Observanda
871 1830 912 1865 in
933 1830 1163 1878 promotione
1187 1821 1457 1867 Secundicerti.

387 1909 538 1944 Domini
566 1909 774 1954 praeposito
800 1908 845 1942 de
872 1910 1102 1954 promotione
1128 1907 1370 1941 secundicerii
1397 1906 1608 1940 mandatum
1633 1904 1739 1946 dant,

298 1961 337 1990 et
359 1957 474 1990 mittit
494 1956 722 2002 praepositus
740 1955 1001 1998 silentiarium,
1027 1961 1068 1989 ut
1087 1955 1275 1989 tribunum
1297 1959 1465 2001 quaerat:
1491 1964 1564 1999 quo
1583 1956 1740 1996 reperto,

299 2015 512 2048 responsum
540 2002 588 2035 ad
613 2003 786 2036 nominos
816 2003 973 2048 perfert,
999 2002 1038 2036 hi
1061 2002 1289 2047 praeposito,
1316 2011 1423 2048 quem
1453 1998 1740 2032 secundicerium

299 2051 519 2083 constituere
541 2049 688 2090 volunt,
713 2048 871 2083 tradunt„
919 2050 999 2094 Ipse
1025 2049 1224 2094 egreditur,
1250 2059 1270 2080 a
1294 2046 1526 2080 cubiculariis
1543 2051 1580 2079 et
1597 2044 1742 2077 silenti-

299 2097 407 2137 ariis,
431 2096 495 2142 qui
517 2106 558 2128 ea
574 2096 774 2140 septimana
801 2096 866 2129 illo
884 2106 1032 2128 munere
1059 2095 1278 2141 funguntur,
1305 2094 1458 2138 stipatus
1473 2118 1482 2134 ,
1506 2092 1546 2125 hi
1571 2087 1741 2125 secundi-

300 2144 437 2176 cerium
455 2143 604 2176 tribuno
630 2143 800 2183 tradunt,
837 2143 1077 2188 Dominisque
1106 2141 1223 2174 fausta
1251 2145 1500 2186 apprecantur.
1547 2139 1741 2175 Promove-

298 2195 361 2223 tur
381 2194 502 2223 autem
519 2189 578 2223 vel
596 2189 635 2221 in
659 2188 873 2233 hemicyclio
898 2189 955 2222 vel
975 2190 1014 2221 in
1034 2189 1194 2229 camino,
1218 2187 1248 2219 si
1275 2191 1395 2220 autem
1419 2185 1588 2229 tribunus
1612 2183 1742 2226 morbo

300 2236 468 2278 laborat,
495 2235 737 2276 silentiarius,
763 2237 827 2281 qui
848 2246 912 2280 per
928 2236 1028 2268 illam
1050 2235 1288 2280 septimanam
1305 2234 1428 2267 officio
1450 2233 1632 2277 fungitur,
1657 2243 1741 2265 eum

301 2295 324 2318 a
346 2283 552 2330 praeposito
570 2282 737 2326 suscipit,
763 2287 801 2315 et
822 2281 947 2315 abiens
970 2282 1016 2314 ad
1031 2281 1169 2314 tribuni
1194 2280 1321 2322 aedes,
1356 2281 1428 2325 ipsi
1455 2278 1743 2312 secundicerium

298 2331 424 2371 tradit.
471 2327 745 2364 Observandum
767 2339 851 2364 vero
877 2334 942 2370 est,
970 2329 1068 2375 quod
1093 2329 1178 2361 dum
1211 2328 1437 2373 praepositus
1457 2325 1743 2359 secundicerium

300 2377 504 2417 silentiario
523 2376 719 2410 traditurus
745 2380 823 2417 est,
851 2375 1019 2409 factionis
1047 2373 1290 2421 gitoniarcha‚
1314 2374 1478 2408 notarius
1510 2384 1575 2406 seu
1597 2371 1743 2405 chartu-

301 2426 436 2466 larius,
459 2428 566 2469 poeta
580 2449 590 2464 ,
609 2423 764 2455 musicus
787 2427 823 2455 et
841 2423 1031 2468 magister,
1056 2427 1097 2455 ut
1122 2422 1193 2467 ipsi
1218 2432 1365 2468 quoque
1391 2432 1472 2454 eum
1493 2432 1513 2453 a
1532 2418 1742 2465 praeposito

302 2473 501 2518 accipiant,
531 2470 660 2503 adsint.
710 2469 879 2503 Ceterum
907 2470 1096 2517 utriusque
1119 2469 1300 2511 factionis,
1323 2469 1484 2504 Venetae
1500 2472 1538 2502 et
1557 2466 1744 2508 Prasinac,

303 2519 574 2559 secundicerius
593 2516 720 2552 eodem
743 2517 818 2551 ritu
841 2522 992 2552 creatur⁴
