1884 3112
300 120 319 156 1
330 119 402 175 92
577 118 934 163 CONSTANTINI
971 119 1455 167 PORPHYROGENITI

289 222 380 263 πῶν
417 219 666 276 ταγμάτων,
713 221 788 263 καὶ
820 222 1165 278 προλαμβάνουσι
1192 223 1243 267 τὰ
1273 223 1401 279 σκεύη
1429 221 1533 280 πρὸς
1557 222 1603 267 τὸ
1634 218 1735 278 ὄψι-

111 290 438 345 Μ3,89.1)κεῧσαι
465 286 566 336 τούς
594 285 810 337 δεσπότας,
858 286 932 329 καί
960 284 1025 330 ὅτε
1053 288 1186 332 πάντα
1214 288 1539 343 ἑτοιμασθῶσιν,
1570 291 1736 345 ἐξέρχε-

284 370 356 396 ται
385 351 405 394 ὃ
435 351 631 407 βασιλεὺς
658 354 703 394 ἐκ
725 354 803 393 τοῦ
832 349 1120 408 αὖγουστέως,
1161 357 1304 411 φορῶν
1342 353 1388 397 τὸ
1421 353 1732 410 σκαραμάγγιον

285 417 417 461 αὑτοῦ
445 416 518 460 καί
543 418 687 471 σαγίον
715 421 984 474 πορφυροῦν,
1014 417 1311 474 ὀψικευόμενος
1339 419 1419 461 ὑπὸ
1448 423 1526 462 τοῦ
1553 424 1733 475 κουβου-

288 483 445 536 κλειόυ,
494 485 566 524 καί
603 484 818 538 ἐξέρχεται
854 486 984 540 μέχρι
1023 487 1100 526 τοῦ
1142 482 1356 539 ὄνόποδος,
1410 488 1483 528 καί
1517 489 1675 541 γίνεται
1701 487 1756 543 ἦ15

250 549 430 606 Βπριότη
461 547 565 604 δοχῆ
598 550 680 591 τῶν
711 550 942 606 πατρικίων
970 553 1015 593 ἐν
1041 552 1100 608 τῷ
1127 547 1339 610 ὄνοποδίῳ,
1374 552 1447 594 καί
1474 554 1583 607 λέγει
1608 551 1629 594 ὅ
1657 554 1732 607 τῆς

285 613 577 665 καταστάσεως
613 614 905 668 ,,κελευ’σατε·”
944 615 1019 658 καί
1050 617 1295 671 ἐπεύχονται
1331 619 1421 671 ,,εἶς
1459 616 1636 668 πολλοὺς
1661 617 1735 660 καί

284 679 471 736 ἀγαθοὺς
496 679 717 736 χρόνους.”
773 680 846 723 καί
867 684 1146 739 κατέρχονται
1174 685 1304 739 μέχρι
1326 686 1399 726 τοῦ
1423 684 1606 739 μεγάλου
1637 700 1732 726 κον-

282 747 522 802 σιστωρίου,
561 745 664 789 ἔνθα
698 747 893 790 ἵστανται
923 749 962 791 οἱ
988 746 1139 792 ὕπατοι
1171 748 1467 805 κονσιστώριον
1490 752 1562 792 καί
1585 749 1624 792 οἱ
1646 754 1732 792 λοι-

282 811 355 856 not*
389 812 671 868 συγκλητικοί,
723 816 795 856 καὶ
827 815 1021 857 ἵστανται
1050 815 1090 857 οἱ
1127 814 1324 859 δεσπόται
1355 817 1415 866 εἰς
1445 814 1493 858 τὸ
1519 815 1785 872 κιβώριον,ιο

282 881 356 922 καί
397 877 613 922 πίπτουσιν
653 877 691 921 οἱ
739 880 1006 936 συγκλητικοὶ
1045 883 1196 931 πάντες
1235 876 1324 936 ἅμα
1367 888 1452 933 τοῖς
1485 882 1731 938 πατρικίοις.

283 945 358 988 καὶ
389 943 659 988 ἀναστάντων
689 941 845 999 αὖτῶν,
895 947 1088 990 νεύουσιν
1120 945 1158 990 οἱ
1197 948 1395 990 δεσπόται
1424 949 1482 1006 τῷ
1509 949 1734 1004 πραιποσί-

280 1027 353 1070 τῳ,
402 1009 472 1051 καί
505 1013 613 1065 λέγει
650 1009 674 1052 ὅ
721 1012 997 1069 σιλεντιάριος
1034 1014 1334 1066 ,,κελεύσατε·”
1388 1013 1462 1056 καί
1488 1014 1734 1068 ἐπεύχονται

283 1079 375 1131 »εἰς
406 1075 586 1127 πολλοὺς
615 1076 688 1118 καί
711 1078 900 1132 ἀγαθούς
926 1077 1148 1134 χρόνους.”
1181 1081 1254 1122 καί
1278 1076 1546 1122 άποκινοῦσιν
1575 1082 1641 1129 εἰς
1658 1077 1734 1134 τήν

288 1142 508 1199 ἐκκλησίαν
532 1141 601 1185 διά
630 1145 712 1185 τῶν
742 1146 928 1198 σχολῶν,
964 1143 1015 1186 τά
1045 1147 1092 1187 δὲ
1118 1146 1227 1201 μέρη
1255 1146 1449 1188 ἵστανται
1476 1148 1521 1188 ἐν
1550 1151 1636 1194 τοῖς
1663 1146 1786 1189 τό-ιὸ

236 1225 375 1263 ρποις
414 1206 551 1251 αὖτῶν
585 1209 837 1264 ἦλλαγμένα,
884 1211 1180 1267 σφραγίζοντες
1207 1213 1279 1252 καί
1305 1209 1442 1264 μόνον.
1499 1213 1610 1268 (Β.)
1641 1213 1735 1254 Καὶ

282 1272 351 1317 ὅτε
380 1275 548 1332 εἰσέλθῃ
578 1275 599 1318 ὃ
631 1273 829 1329 βασιλεῦς
854 1277 914 1325 εἰς
942 1274 987 1318 τὸ
1013 1276 1250 1333 ὡρολόγιον,
1287 1278 1492 1331 σηκοῦται
1518 1275 1565 1318 τὸ
1591 1279 1730 1332 βῆλον,

281 1341 354 1383 καί
379 1341 614 1396 εἰσέρχεται
641 1342 686 1383 ἐν
709 1343 766 1399 τῷ
789 1341 1041 1400 μητατωρίῳ
1072 1345 1144 1385 καί
1178 1339 1376 1385 ἀλλάσσει
1409 1340 1454 1385 τὸ
1491 1342 1731 1398 διβητὴσιον

282 1404 358 1450 καὶ
377 1404 424 1448 τὸ
450 1404 684 1457 τζιτζάκιον
698 1440 710 1459 ,
751 1406 825 1449 καὶ
845 1407 990 1461 βάλλει
1020 1406 1159 1450 ἐπάνω
1182 1407 1230 1450 τὸ
1255 1408 1400 1463 σαγιόν
1427 1406 1502 1450 καί
1529 1409 1730 1450 εἰσοδεύει

281 1469 390 1526 μετὰ
420 1473 493 1514 τοῦ
518 1471 798 1528 πατριάρχου,
832 1472 905 1515 καί
923 1470 1047 1515 ἅπτει
1069 1473 1222 1530 κηρούς
1246 1475 1305 1524 εἰς
1330 1472 1407 1524 τάς
1436 1475 1625 1530 ἄργυριῖς
1651 1474 1785 1515 nit-20

282 1541 358 1587 λας
385 1537 458 1580 καὶ
485 1535 687 1580 εἰσοδεύει
710 1540 754 1581 έν
774 1539 830 1596 τῷ
853 1541 962 1596 ναῷ,
1005 1542 1078 1582 καί
1103 1541 1338 1596 εἰσέρχεται
1366 1540 1426 1588 εἷς
1449 1537 1525 1594 τὴν
1546 1538 1732 1581 σωλαιἀν

283 1602 357 1646 καὶ
382 1598 554 1658 εὔχεται
581 1604 641 1653 εἷς
663 1604 714 1645 τὰ
744 1601 843 1659 ἅγια
873 1607 1018 1661 θυρία,
1056 1602 1172 1659 ἅψας
1201 1604 1378 1662 κηρούς,
1415 1606 1486 1646 καί
1514 1605 1733 1660 ἀνέρχεται

285 1671 345 1719 εἰς
369 1668 443 1711 τὸν
467 1665 642 1723 ἅμβωνα
674 1666 764 1723 ἅμα
790 1672 864 1712 τοῦ
883 1670 1173 1727 πατριάρχου.
1213 1670 1285 1713 καί
1308 1677 1425 1713 ποιεῖ
1452 1668 1526 1726 τὴν
1553 1669 1682 1724 εὐχὴν
1708 1667 1730 1711 ὅ

287 1733 554 1791 πατριάρχης
575 1737 647 1778 ἐπὶ
673 1738 745 1792 τῆς
773 1735 1004 1791 χλαμύδος,
1035 1737 1108 1779 καί
1135 1734 1233 1780 ὅταν
1254 1735 1449 1794 πληρώσῃ
1481 1734 1556 1791 τὴν
1582 1734 1727 1790 εὐχήν,

289 1800 534 1858 ἐπαίρουσιν
555 1800 686 1858 αὐτὴν
711 1800 749 1844 οἱ
772 1805 848 1845 τοῦ
871 1804 1163 1859 κουβουκλειόυ
1197 1806 1268 1846 καί
1286 1802 1480 1847 ἐνδύουσι
1507 1803 1566 1860 τῷ
1587 1799 1785 1844 &cond-25

386 1894 438 1927 16·
462 1893 724 1938 σφραγίζοντα
749 1891 808 1929 ed.

290 1953 466 1988 Dominos
498 1956 722 1998 comitaturi,
748 1956 975 2002 depromunt.
1023 1955 1158 1990 Paratis
1185 1954 1371 1997 omnibus,
1395 1956 1594 2000 Imperator
1613 1963 1731 1986 scara-

291 2002 435 2047 mangio
460 2013 526 2035 suo
551 2007 588 2035 et
607 2013 690 2048 sago
711 2014 895 2048 purpureo
915 2003 1088 2044 indutus,
1121 2014 1164 2036 ex
1189 2003 1369 2048 augustali
1391 2001 1576 2046 procedit,
1608 2005 1644 2033 et
1667 2011 1730 2032 cu-

291 2048 480 2082 biculariis
512 2060 594 2081 eum
619 2049 876 2082 comitantibus
893 2075 902 2091 ‚
940 2049 986 2082 ad
1012 2050 1236 2094 onopodium
1254 2047 1502 2094 progreditur,
1527 2045 1593 2079 uhi
1612 2047 1730 2091 prima

296 2095 456 2140 receptio
491 2096 650 2128 solennis
671 2107 690 2128 a
718 2096 880 2142 patriciis
910 2097 972 2136 fit,
1007 2096 1260 2128 cerimoniario
1282 2095 1442 2129 dicente:
1466 2094 1588 2128 Iubete
1605 2119 1614 2134 ,
1643 2093 1731 2126 reli-

293 2142 377 2188 quis
400 2142 699 2175 acclamantibus:
737 2144 782 2177 In
810 2144 924 2177 multa
949 2143 1116 2189 bonaque
1144 2151 1316 2189 tempora.
1371 2140 1459 2174 Inde
1488 2139 1534 2172 ad
1561 2151 1730 2184 magnum

291 2189 545 2222 consistorium
562 2194 735 2234 pergunt,
760 2188 825 2221 ubi
843 2189 1007 2221 consules
1030 2195 1066 2221 et
1084 2190 1193 2222 ceteri
1211 2194 1392 2222 senatores
1412 2187 1615 2232 congregati
1634 2187 1730 2220 sunt:

294 2235 349 2269 ibi
367 2236 515 2269 Domini
545 2237 583 2268 in
612 2235 751 2269 ciborio
776 2237 996 2276 consistunt,
1034 2241 1218 2268 senatores
1248 2246 1328 2268 cum
1348 2234 1508 2279 patriciis
1531 2233 1569 2266 in
1597 2238 1730 2266 terram

293 2281 499 2328 procidunt.
547 2283 621 2328 Qui
637 2287 830 2328 postquam
851 2293 1048 2323 surrexere,
1075 2283 1222 2315 Domini
1242 2281 1449 2327 praeposito
1469 2281 1609 2325 signum
1631 2275 1730 2322 dant,

295 2339 370 2375 quo
392 2328 507 2371 facto,
532 2330 753 2363 silentiarius
772 2329 879 2362 dicit:
906 2324 1036 2363 'lubete
1052 2353 1062 2368 ,
1091 2330 1202 2361 ceteri
1229 2329 1444 2361 acclamant:
1469 2329 1514 2362 In
1535 2327 1648 2361 multa
1668 2327 1731 2361 bo-

297 2387 420 2423 naque
441 2384 612 2422 tempor-a.
661 2376 808 2410 Domini
837 2386 902 2421 per
927 2372 1065 2412 sch'olas
1091 2375 1137 2408 ad
1162 2376 1337 2421 templum
1358 2373 1579 2420 procedunt,
1602 2373 1732 2406 factio-

297 2433 364 2455 nes
382 2433 466 2456 vero
486 2429 623 2456 mutata
639 2428 738 2456 veste
766 2423 806 2455 in
838 2422 911 2455 suis
931 2420 1151 2455 stationibus
1170 2427 1315 2467 praesto
1337 2427 1439 2462 sunt,
1465 2430 1568 2453 cruce
1590 2424 1733 2453 tantum

297 2467 382 2503 illos
417 2469 609 2513 signantes.
667 2470 742 2517 (ΙΙ.)
775 2471 957 2514 Ingressus
985 2474 1105 2501 autem
1122 2468 1349 2514 horologium
1367 2470 1582 2513 Imperator,
1611 2466 1732 2499 velum

294 2515 548 2560 suspenditur,
583 2522 670 2550 tunc
699 2517 951 2557 metatorium,
997 2515 1214 2548 dibetesium
1244 2522 1281 2548 et
1306 2514 1508 2549 tzitzacium
1537 2511 1732 2546 induturus

294 2572 337 2594 ac
353 2574 475 2608 sagum
501 2562 558 2596 his
585 2563 950 2608 superimpositurus,
989 2573 1068 2595 cum
1089 2562 1292 2606 patriarcha
1317 2561 1538 2608 ingreditur,
1557 2560 1669 2592 cereis
1691 2559 1732 2592 in

292 2610 409 2653 portis
427 2611 604 2655 argenteis
625 2610 797 2652 accensis,
821 2610 997 2654 templum
1014 2609 1120 2654 petit,
1145 2609 1230 2642 inde
1247 2605 1294 2642 ad
1314 2610 1448 2643 soleam
1466 2606 1555 2647 abit,
1578 2615 1732 2651 cumque

294 2656 408 2688 cereis
430 2656 642 2691 ardentibus
662 2657 709 2690 ad
726 2667 840 2689 sacras
863 2658 989 2689 ianuas
1008 2662 1193 2700 precatus,
1219 2668 1300 2689 cum
1318 2653 1522 2701 patriarcha
1548 2652 1587 2684 in
1607 2651 1733 2685 ambo-

293 2710 378 2736 nem
393 2703 567 2738 ascendit.
621 2704 680 2738 Ibi
701 2702 904 2750 patriarcha
923 2713 1047 2749 preces
1064 2713 1172 2749 super
1194 2702 1382 2748 chlamyde
1405 2701 1514 2742 dicit,
1538 2698 1672 2744 quibus
1689 2698 1733 2733 fi-
