1884 3112
329 87 436 158 140
589 107 948 151 CONSTANTlNl
987 109 1472 154 PORPHYROGENHI

321 225 400 264 ρας
425 203 454 264 ἢ
479 211 553 252 καί
573 213 734 268 τρίτην,
764 205 894 266 ἤγουν
915 211 990 266 τῆς
1019 214 1267 268 παραμονῆς
1293 215 1375 256 ταῖν
1397 210 1574 271 φώτων,
1603 215 1665 264 εἷς
1693 212 1768 269 τὸν

320 275 523 329 βασιλέα,
564 274 891 330 ὑπομιμνήσκων
921 275 1050 319 αὕτὸν
1083 277 1187 335 περὶ
1215 281 1293 320 τοῦ
1314 277 1612 336 πατριάρχου,
1652 275 1768 330 ὅπως

320 338 500 397 ἑσπέρας
537 343 597 390 εἰς
638 339 711 384 τὸν
754 340 962 397 ἁγιασμόν
988 340 1111 401 ἔλθῃ,
1151 345 1226 386 καί
1262 343 1411 387 ὁποίαν
1449 341 1566 401 ὥραν
1602 343 1766 387 κελεύει

307 409 632 465 ,παραγενέσθαι
654 405 794 461 αύτὸν,
824 404 852 464 ἢ
873 410 1036 465 πρῶτον
1061 408 1240 464 ἁγιάσας
1269 413 1330 461 εἰς
1353 410 1429 467 τὴν
1451 413 1674 468 ἐκκλησίαν
1689 409 1766 468 τὴν

316 471 523 528 μεγάλην,
550 470 636 515 εἶθ’
665 470 796 524 οὕτως
813 476 982 534 εἰσέλθῃ
990 508 1002 528 ,
1034 474 1222 531 ἁγιάσων
1242 479 1303 528 εἰς
1324 475 1398 522 τὸν
1415 475 1518 520 ναὸν
1535 479 1613 521 τοῦ
1641 476 1790 533 ἁγίου5

316 536 557 595 Στεφάνου,
587 535 615 595 ἢ
639 542 802 598 πρῶτον
831 539 998 596 ἁγιάσει
1025 544 1086 592 εἰς
1105 541 1178 585 τὸν
1207 539 1327 599 ἅγιον
1352 544 1566 602 Στέφανον
1589 542 1663 586 καὶ
1681 540 1766 586 εἶθ)

319 601 451 654 οὕτως
477 605 748 663 ὑποστρέψας
784 605 952 662 ἁγιάσει
989 610 1057 658 εἷς’
1082 606 1159 664 τήν
1189 608 1375 667 μεγάλην
1409 610 1652 667 ἐκκλησίαν,
1693 610 1770 652 καὶ

318 670 463 722 καθώς
480 671 669 716 κελεύσει
691 672 714 716 ὁ
737 672 940 728 βασιλεύς
967 677 1025 733 τῷ
1048 677 1334 735 πραιποσίτῳ,
1363 677 1606 721 α’ποστέλλει
1621 679 1767 732 κουβι-

322 736 545 795 κουλάριον
567 740 642 781 καί
667 737 966 797 σιλεντιάριον,
1004 742 1379 797 προσκαλέσασθαι
1407 741 1480 786 τὸν
1500 739 1767 800 πατριάρχην

138 813 202 848 Ed.
215 814 251 849 L.
265 816 307 852 83
323 806 382 854 εἰς
406 802 479 847 τὸν
521 804 755 861 ἁγιασμόν,
789 807 835 849 ἐν
865 801 895 864 ᾗ
927 803 1018 865 ὥρᾳ
1045 803 1208 850 κελεύει
1235 807 1258 850 δ
1283 804 1499 862 βασιλεύς.
1553 809 1687 851 ἰστέον
1718 809 1820 854 δὲιο

318 870 394 914 καὶ
425 873 565 926 τοῦτο,
610 868 675 914 ὅτι
704 870 776 915 διά
814 872 898 915 τῶν
923 874 1066 916 αὐτῶν
1095 871 1172 916 καί
1196 876 1248 933 τῇ
1268 871 1363 930 ἑξῆς
1380 877 1678 932 προσκαλεῖται
1706 875 1767 924 εἰς

316 935 364 982 τι)
389 935 618 994 κλητῶριον
653 937 677 981 ὅ
702 936 988 996 πατριάρχης·
1021 938 1067 983 td
1090 942 1137 983 δὲ
1162 941 1280 996 πρωῒ
1311 943 1364 998 τῇ
1384 942 1610 998 παραμονῇ
1637 938 1769 982 α’λλά-

318 1007 419 1058 ’ξιμα
443 1005 497 1046 ου’
521 1006 679 1059 γίνεται
695 1037 709 1058 ,
738 1005 818 1055 ἕως
841 1002 959 1062 αἵραν
997 1004 1037 1048 θ’
1069 1004 1273 1050 οἷλλάσσει
1297 1005 1343 1050 τὸ
1378 1004 1672 1063 κουβούκλειον
1687 1002 1768 1061 μό-

316 1086 407 1123 νον,
438 1071 512 1112 καί
539 1066 607 1113 ὅτε
630 1070 786 1127 λέγειῆ
810 1071 972 1128 μεγάλη
1004 1073 1201 1129 ἐκκλησία
1228 1070 1483 1128 α’νάγνωσμα
1505 1072 1700 1130 τέταρτον
1737 1067 1767 1129 ἦ

315 1138 391 1179 καί
415 1137 620 1191 πέμπτον,
659 1136 798 1180 ἐλθών
820 1135 1095 1195 σιλεντιάριος
1115 1136 1269 1195 μηνύει
1292 1141 1349 1197 τῷ
1365 1141 1439 1196 τῆς
1458 1137 1784 1194 καταστάσεως,
1793 1148 1820 1192 5

316 1203 504 1253 κάκεῖνος
531 1205 587 1261 τῷ
621 1205 895 1263 πραιποσίτῳ,
915 1204 1102 1256 κάκεῖνος
1122 1207 1179 1264 τῷ
1192 1208 1376 1260 βασιλεῖ.
1436 1204 1461 1247 6
1487 1207 1534 1248 δὲ
1561 1205 1765 1260 βασιλεύς

318 1269 529 1326 διέρχεται
542 1268 611 1312 διὰ
630 1272 713 1312 τῶν
727 1271 982 1326 ὃιαβατικῶν
993 1273 1070 1314 τοῦ
1092 1271 1312 1325 παλατίου,
1327 1269 1402 1314 καί
1419 1269 1490 1314 διὰ
1506 1273 1580 1327 τῆς
1601 1267 1765 1328 δάφνης

315 1335 390 1378 καὶ
412 1338 490 1378 τοῦ
523 1332 788 1391 αὖγουστέως
830 1338 1066 1395 εἰσέρχεται
1103 1339 1164 1388 εἰς
1183 1335 1257 1381 τὸν
1283 1340 1462 1382 κοιτῶνα
1488 1339 1563 1394 τῆς
1585 1334 1762 1395 δάφνης,

134 1402 490 1464 Μ.,7,,απλησιὀν
513 1403 591 1445 τοῦ
615 1403 720 1444 ναοῦ
735 1403 812 1445 τοῦ
833 1402 954 1457 ἁγίου
975 1401 1216 1460 Στεφάνου,
1243 1405 1413 1446 κάκεῖσε
1451 1401 1596 1458 λαβών
1625 1406 1764 1457 νεῦμα

317 1466 340 1509 ὅ
369 1464 668 1524 πραιπόσιτος,
697 1467 808 1522 λέγει
830 1474 916 1518 τοῖς
938 1466 1136 1524 ἱερεῦσιν,
1169 1465 1282 1518 ὅπως
1307 1465 1516 1525 ἄρξωνται
1543 1470 1618 1525 τῆς
1639 1464 1817 1520 &slas-20

282 1536 579 1590 Βλειτουργιάς
599 1535 666 1584 -εἷς
694 1533 767 1577 τὸν
795 1532 898 1577 ναὸν
932 1536 1008 1577 τοῦ
1031 1534 1153 1590 ἁγίου
1183 1532 1420 1591 Στεφάνου,
1460 1535 1507 1577 ἐν
1527 1528 1559 1593 ᾧ
1591 1533 1615 1576 ὅ
1638 1534 1763 1589 ἁγια-

315 1599 424 1654 σμὸς
447 1604 640 1643 τελεῖται.
678 1602 740 1650 εἰς
765 1601 811 1643 δὲ
840 1598 913 1643 τὸν
938 1601 1173 1656 αύγουστέα
1197 1601 1273 1643 καί
1293 1601 1353 1650 εἷς
1382 1599 1428 1643 τὸ
1466 1598 1762 1657 κονσιστώριον

317 1664 601 1710 α’λλάσσουσιν
635 1665 674 1710 οἱ
702 1668 914 1724 πατρίκιοι
941 1665 1015 1710 καὶ
1042 1664 1189 1722 μόνον·
1227 1668 1279 1725 τῇ
1316 1665 1398 1723 γάρ
1429 1663 1586 1724 ἑσπέρᾳ
1625 1668 1760 1725 ἐκείνῃ

316 1728 418 1778 ἄλλο
446 1734 647 1791 σ’φφίκιον
684 1733 762 1776 ου’κ
791 1733 1016 1788 α’λλάσσει,
1043 1734 1095 1790 εἰς
1106 1730 1166 1791 μή
1189 1730 1228 1776 οἱ
1253 1735 1464 1790 πατρίκιοι
1493 1733 1568 1776 καί
1586 1730 1635 1775 τὸ
1657 1747 1762 1775 κου-

411 1848 444 1882 8.
469 1845 611 1882 κελεύει
627 1846 684 1882 ed.
783 1847 835 1882 15.
860 1847 926 1881 καὶ
950 1857 1019 1880 om.
1036 1846 1092 1880 ed.

319 1937 478 1980 scilicet,
511 1940 768 1984 Imperatorem
789 1938 885 1980 adit,
914 1950 997 1973 eum
1018 1937 1064 1973 de
1080 1936 1285 1984 patriarcha
1305 1937 1534 1976 ‘munitm-us,
1570 1933 1669 1983 quod
1696 1945 1762 1969 ve-

318 1987 415 2031 speri
436 1985 483 2019 ad
500 1987 804 2020 consecrationem
820 1990 991 2020 venturus
1011 1986 1080 2027 sit,
1103 1991 1140 2020 et
1173 1996 1243 2032 qua
1270 1984 1360 2019 hora
1377 1984 1495 2029 ipsum
1511 1981 1682 2015 advenire
1701 1981 1763 2014 iu-

318 2033 427 2074 beat,
452 2038 572 2067 utrum
586 2033 741 2078 primum
765 2034 805 2066 in
822 2034 971 2067 ecclesia
987 2043 1136 2078 magna,
1165 2038 1363 2077 posteaque
1389 2031 1429 2063 in
1452 2029 1586 2074 templo
1614 2029 1647 2062 S.
1674 2028 1763 2062 ste-

317 2079 452 2125 phani,
480 2090 526 2113 an
545 2080 700 2125 primum
724 2080 763 2113 in
784 2081 819 2117 S.
836 2079 1034 2125 Stephani,
1068 2079 1200 2113 deinde
1221 2079 1267 2113 ad
1292 2087 1456 2122 magnam
1489 2076 1675 2110 ecclesiam
1702 2086 1763 2109 re-

318 2136 454 2168 versus,
479 2127 533 2160 ibi
550 2137 757 2161 consecrare
779 2126 930 2167 debeat,
957 2131 994 2160 et
1021 2125 1173 2160 simulac
1197 2127 1397 2170 Imperator
1414 2123 1659 2168 praepositum
1681 2122 1761 2156 ius-

319 2175 427 2215 serit,
459 2173 572 2208 mittit
595 2174 855 2208 cubicularium
885 2178 923 2207 et
947 2173 1207 2214 silentiarium,
1243 2178 1284 2207 ut
1316 2169 1558 2217 patriarcham
1586 2180 1628 2203 ea
1655 2168 1759 2210 hora,

320 2232 393 2267 qua
411 2220 450 2254 id
473 2221 684 2266 Imperatori
702 2220 818 2255 visum
835 2220 924 2261 fuit,
956 2219 1003 2253 ad
1022 2219 1328 2254 consecrationem
1348 2222 1514 2251 arcessat.
1565 2215 1760 2250 Sciendum

320 2273 387 2308 cst,
413 2268 459 2301 ab
477 2267 534 2302 his
557 2270 666 2303 etiam
681 2267 849 2315 sequenti
875 2267 934 2302 die
954 2266 1196 2312 patriarcham
1217 2265 1263 2299 ad
1280 2263 1483 2300 convivium
1499 2263 1632 2301 vocari.
1678 2263 1759 2296 Ma-

319 2326 366 2348 ne
387 2317 426 2349 in
449 2316 573 2360 vigilia
599 2315 818 2350 mutationes
842 2326 916 2349 non
934 2314 1046 2356 fiunt,
1077 2325 1194 2360 usque
1215 2312 1260 2346 ad
1284 2312 1409 2346 horam
1425 2321 1579 2353 nonam,
1606 2309 1675 2344 soli
1692 2320 1758 2343 cu-

317 2361 488 2396 bicularii
508 2368 650 2397 mutant
663 2388 673 2405 ‚
706 2367 743 2396 et
763 2367 955 2409 postquam
978 2372 1106 2407 magna
1129 2360 1278 2394 ecclesia
1302 2357 1493 2393 lectionem
1513 2363 1677 2405 quartam
1694 2361 1761 2391 aut

319 2410 485 2455 quintam
501 2410 676 2451 recitavit,
708 2409 929 2444 silentiarius
949 2409 1060 2450 venit,
1086 2414 1123 2442 et
1147 2406 1457 2446 cerimouimium,
1488 2404 1548 2438 hic
1567 2402 1758 2450 praeposi-

317 2461 416 2499 tum,
453 2458 680 2502 praepositus
710 2458 965 2503 Imperatorem
998 2456 1188 2499 admonet3
1229 2454 1291 2500 qui
1322 2465 1387 2499 per
1415 2452 1543 2497 palatii
1578 2451 1758 2496 porticum

316 2514 456 2550 Perque
483 2504 663 2550 daphnem
691 2510 728 2539 et
751 2511 960 2549 augusteum
986 2503 1182 2547 digressus,
1224 2501 1429 2534 cubiculum
1457 2497 1621 2544 daphnes
1643 2507 1758 2544 prope

317 2552 493 2596 templum
513 2552 547 2586 S.
566 2551 741 2597 Stephani
758 2552 881 2592 intrat,
905 2550 988 2592 ubi,
1018 2551 1118 2594 siguo
1138 2555 1307 2593 accepto,
1338 2547 1565 2592 praepositus
1590 2543 1758 2579 sacerdo-

316 2598 417 2632 tibus
441 2598 602 2633 divinam
634 2599 814 2644 liturgiam
837 2599 876 2632 in
892 2598 1028 2643 templo
1051 2599 1086 2633 S.
1107 2595 1296 2640 Stephani,
1324 2595 1387 2628 ubi
1409 2593 1630 2628 consecratio
1651 2601 1758 2635 pera-

317 2645 425 2688 gitur,
468 2644 638 2680 inchoare
680 2647 844 2691 imperat.
892 2646 935 2679 In
950 2650 1123 2689 augustco
1141 2654 1224 2676 vero
1246 2648 1283 2675 et
1307 2640 1519 2675 consistorio
1533 2644 1671 2673 tantum
1690 2647 1758 2682 pa-

317 2692 414 2727 tricii
442 2693 652 2729 mutatorias
678 2698 842 2739 sumuut3
882 2693 1024 2727 nullum
1051 2690 1148 2726 enim
1171 2689 1330 2725 officium
1356 2692 1501 2735 praeter
1524 2685 1694 2733 patricios
1721 2687 1758 2717 et
