1878 3112
387 146 459 188 nE
497 143 754 190 OEumon.
783 143 971 185 AULAE
1005 140 1229 184 m‘zmr.
1269 144 1303 184 1.
1329 142 1398 189 69.
1495 122 1607 178 313

134 246 138 251 ’
173 246 199 288 ὅ
225 246 440 300 βασιλικὸς
466 243 831 302 κομβηνογράφος,
859 243 933 288 καὶ
958 238 1132 288 ὄπισθεν
1154 245 1226 300 τῆς
1251 238 1376 299 ὅρνας
1401 242 1481 285 δύο
1507 241 1611 296 κομ-

171 311 452 369 βηνογράφοι,
489 309 550 363 εἷς
575 313 752 354 Βενέτου
780 312 854 352 καί
878 306 938 361 εἷς
966 309 1214 365 Πρασίνου,
1254 302 1428 352 ὄπισθεν
1455 309 1502 350 δὲ
1529 309 1612 350 τῶν

171 378 374 420 τοιούτων
399 375 754 433 κομβηνογροὲφων
781 376 1059 431 παρίστανται
1085 374 1123 417 οἱ
1152 373 1439 432 σ’φφικιάλιοι.
1497 372 1537 416 οῖ
1564 374 1647 418 dac

169 442 335 499 ἡνίοχοι
361 445 409 486 ἐκ
434 443 617 497 πλαγίων
655 442 919 494 καθέζονται,
959 439 1035 482 δύο
1064 439 1187 482 ἔνθεν
1226 439 1298 482 καὶ
1323 439 1397 482 δύο
1437 441 1608 492 ἐκεῖθεν,

146 507 248 551 ὁκαὶ
269 512 364 562 μετ’
390 505 530 551 αὗτῶν
559 505 600 550 οἱ
628 505 871 553 ἐπιστάται.
925 503 1018 549 εἶτα
1045 509 1247 563 φέρουσιν
1275 503 1509 562 ἀμφότεροι
1534 507 1610 547 θε-

173 572 339 630 ωρητὴν
366 576 453 627 ἕνα,
481 571 567 618 οἷον
592 575 722 629 μέρος
748 571 836 628 ἔχει
858 574 1126 629 προτίμησιν,
1155 571 1223 613 ἵνα
1253 570 1400 629 κυλίσῃ
1417 605 1430 625 ,
1457 572 1534 613 τοῦ
1562 571 1611 612 δὲ

170 635 392 692 ἷσταμένου
421 641 466 682 ἐν
494 640 553 696 τῷ
575 641 710 697 μέσῳ,
748 637 952 692 λαμβάνει
977 637 1145 693 γνώμην
1171 638 1256 680 τῶν
1283 635 1333 690 δ’,
1382 635 1455 679 καὶ
1476 637 1608 691 λέγει·

167 705 286 758 ,πῶς
312 703 509 759 κελεύετε,
539 703 718 760 ἱππάρια
743 702 794 746 τὰ
823 702 1107 759 προζεόξαντα
1133 704 1206 745 καί
1221 701 1504 759 γνωριζόμενα
1531 703 1611 751 ἓως

169 765 268 811 ὅτου
294 767 428 824 ἔχετε,
455 773 528 813 καί
553 768 745 824 ἔχομεν.”
796 771 870 812 καί
893 767 1194 822 συνταξάμενος
1221 766 1243 810 ὅ
1270 767 1509 824 θεωρητὴς,
1540 769 1610 810 λέ-

123 849 237 890 ιογει
263 834 371 892 πρὸς
396 835 498 885 τούς
532 834 754 892 ἧνιόχους’
806 836 923 888 ,,πῶ’ς
947 832 1131 877 κελεύετε
1139 837 1182 888 ‚’'
1208 833 1282 876 καὶ
1306 834 1467 882 εὐθέως
1494 831 1608 887 αἴρει

168 902 220 943 τὰ
249 900 429 958 σφαιρία
456 899 538 943 α’πὸ
567 903 647 944 τοῦ
673 901 875 958 φατνίου,
917 903 991 943 καί
1014 902 1161 955 βάλλει
1202 898 1314 942 affui
1343 901 1402 949 εἷς
1428 898 1505 955 τὴν
1533 893 1609 954 ὅρ-

166 981 268 1019 vav,
297 964 370 1008 καὶ
395 966 528 1008 κυλίει
553 965 713 1023 τρίτον,
742 965 816 1008 καί
841 962 927 1010 οἷον
955 962 1011 1008 οῗν
1037 965 1204 1023 χαλάσῃ
1234 967 1456 1022 σφαιρίον,
1492 965 1609 1019 ἐξέρ-

167 1046 301 1086 χεται,
329 1033 403 1075 καὶ
425 1028 583 1083 εὐθέως
610 1031 821 1088 ὅρι’ζουσι,
850 1031 923 1074 καί
948 1028 1226 1085 ὄνομάζουσιν
1253 1029 1487 1088 ἀμφότεροι
1512 1029 1648 1079 τούςΙ)

162 1096 412 1155 α’ριστερούς
435 1099 518 1140 τῶν
546 1098 583 1140 δ’
602 1099 758 1152 βαΐων,
785 1099 858 1140 καί
875 1099 1139 1152 στοιχοῦντες
1167 1098 1403 1151 ἐκβαίνουσι
1420 1131 1433 1149 ,
1459 1096 1533 1139 καὶ
1557 1096 1797 1148 ἇ-Μῌῑωὼ

114 1163 382 1217 ι’5νέρχονται
394 1165 455 1213 εἷς
471 1161 519 1206 τὸ
540 1162 839 1220 ἅρματούριον,
858 1166 933 1206 καί
948 1163 1263 1222 ἅντιβιξλλοντες
1277 1162 1383 1218 πρὸς
1400 1162 1606 1217 ἀλλήλους

161 1230 375 1282 στοιχοῦσι
394 1227 471 1278 τὰς
489 1228 653 1284 τρίγας,
684 1231 769 1271 τῶν
793 1231 1018 1285 θεωρητῶν
1038 1225 1287 1286 οἷμφοτὲρων
1306 1225 1604 1284 ἐπερχομένων

158 1293 234 1335 καί
250 1293 499 1349 ἐρχομένων,
512 1294 617 1348 μετὰ
632 1296 707 1337 τοῦ
727 1297 948 1349 βασιλικοῦ
960 1294 1307 1351 κομβηνογράφου
1325 1293 1602 1347 ιῖποστοιχοῦ-

158 1373 205 1401 σι
226 1357 280 1401 τά
298 1361 403 1414 βαΐα
434 1357 527 1403 ὅλα.
585 1361 697 1419 (Β.)
726 1362 820 1403 Καὶ
841 1363 892 1418 τῇ
917 1362 1048 1403 ἕωθεν
1069 1357 1312 1416 ἇνέρχονται
1331 1357 1370 1400 οἱ
1390 1357 1603 1413 δήμαρχοι

157 1425 204 1467 ἓν
228 1427 287 1481 τῷ
307 1423 472 1484 μεγάλῳ
502 1426 693 1484 τρικλίνῳ
719 1429 794 1468 τοῦ
820 1427 1104 1481 κυαιστωρίου
1116 1459 1129 1478 ,
1176 1424 1250 1466 καί
1274 1425 1438 1473 δίδοται
1467 1424 1601 1464 ἐκεῖσε

104 1487 205 1534 30τό
234 1491 433 1544 πέρατον,
478 1489 552 1532 καὶ
587 1492 626 1532 εἰ
666 1489 816 1544 ἔχουσι’
846 1508 885 1532 τι
919 1489 1024 1545 πρὸς
1058 1487 1263 1544 ἀλλήλους
1302 1487 1342 1531 οἱ
1371 1488 1598 1543 δήμαρχοι,

158 1553 451 1608 λαμβάνουσιν
478 1557 609 1597 ἐκεῖσε
637 1556 753 1610 δίκην
780 1555 1031 1597 κατενώπιον
1064 1556 1146 1597 τῶν
1173 1554 1478 1609 πραιποσίτων,
1529 1553 1603 1593 καί

158 1617 242 1660 α’πό
278 1622 362 1661 ταῖν
393 1621 523 1662 ἐκεῖσε
560 1619 832 1676 κατέρχονται
867 1619 906 1661 οἱ
941 1619 1017 1661 δύο
1053 1618 1287 1674 δήμαρχοι,
1325 1620 1495 1666 ἕκαστος
1532 1618 1592 1665 εἰς
1603 1628 1788 1669 E‹1,1„133

156 1682 230 1740 τὴν
254 1685 369 1728 ἰδίαν
398 1683 654 1742 διασφαγὴν,
684 1685 757 1727 καί
781 1685 1002 1742 σφραγίζει
1032 1687 1198 1734 ἕκαστος
1222 1682 1296 1725 τὸν
1324 1680 1434 1724 ἴδιον
1461 1683 1595 1738 δῆμον

248 1797 300 1832 15.
325 1794 424 1844 πρὸς
447 1797 638 1840 ἀλλήλους,
664 1797 864 1843 στοιχοῦσι
888 1788 958 1834 nis·
981 1797 1142 1844 στρίγας
1167 1796 1243 1831 τῶν
1264 1798 1378 1843 θεωρ.
1404 1794 1460 1828 ed.

118 1878 122 1883 ’
152 1887 326 1930 raterius,
358 1893 396 1922 et
426 1898 522 1933 pone
549 1899 676 1922 urnam
702 1888 774 1922 duo
809 1886 1124 1932 combinographi‚
1161 1898 1254 1925 unus
1283 1887 1465 1927 Venetae,
1496 1886 1589 1920 alter

153 1934 347 1975 Praoinae,
379 1934 570 1976 adsident,
597 1947 618 1967 a
645 1941 744 1980 tergo
762 1934 891 1968 horum
914 1933 1302 1979 combinographorum
1327 1934 1500 1978 officiales
1522 1933 1588 1966 ad-

153 1986 259 2014 stant.
305 1981 458 2027 Aurigae
483 1982 522 2014 in
542 1981 742 2024 lateribus,
767 1981 838 2015 duo
862 1982 902 2014 in
924 1992 997 2014 uno
1011 2007 1020 2023 ,
1042 1980 1194 2015 totidem
1211 1982 1251 2014 in
1272 1982 1408 2022 altero,
1432 1990 1587 2025 cumque

151 2026 239 2071 ipsis
270 2027 441 2072 praefecti
455 2055 464 2070 ‚
503 2029 700 2062 consident.
751 2029 853 2062 Tunc
887 2039 1010 2061 omnes
1038 2029 1277 2072 inspectorem
1313 2039 1445 2069 unum,
1482 2028 1585 2062 cuius

151 2083 282 2119 nempe
302 2073 411 2108 factio
428 2076 658 2120 praecipuam
684 2075 896 2120 dignitatem
917 2074 1046 2116 habet,
1071 2074 1275 2116 adducunt,
1297 2080 1339 2108 ut
1357 2085 1483 2107 urnam
1506 2084 1585 2106 mo-

149 2126 250 2154 veat:
274 2121 305 2152 is
336 2122 375 2153 in
403 2121 524 2154 medio
568 2123 802 2163 constitutus,
840 2122 1058 2155 sententiam
1098 2120 1164 2154 hos
1197 2127 1352 2167 quatuor
1395 2126 1496 2165 rogat
1546 2125 1584 2154 et

152 2164 259 2200 dicit:
300 2167 484 2210 Quomodo
509 2169 663 2210 iubetis,
688 2181 799 2216 equos
822 2171 1019 2204 instructos
1034 2169 1279 2215 probatosque
1296 2168 1354 2202 uti
1374 2180 1439 2203 vos
1471 2167 1583 2201 habe-

149 2213 220 2252 tis,
245 2221 281 2247 et
305 2226 372 2247 nos
390 2214 568 2249 habemus.
627 2216 731 2260 Quae
758 2221 948 2260 postquam
979 2217 1160 2259 inspector
1186 2214 1385 2254 ordinavit,
1414 2213 1461 2246 ad
1481 2214 1581 2246 auri-

150 2269 210 2302 gas
232 2258 526 2303 dicittQuomodo
551 2262 703 2306 iubetis-3
732 2268 769 2295 et
788 2262 909 2296 statim
935 2261 1060 2306 globos
1079 2273 1099 2293 a
1121 2261 1264 2296 stabulo
1292 2261 1407 2302 tollit,
1444 2270 1578 2305 eosque

148 2305 188 2339 in
220 2316 344 2338 urnam
374 2308 540 2350 proiicit,
570 2319 640 2353 qua
669 2314 724 2341 ter
763 2310 914 2352 agitata,
953 2309 1160 2354 quicunque
1189 2306 1356 2352 globulus
1387 2307 1579 2347 remansit,

149 2352 236 2391 exit,
250 2356 288 2383 et
298 2352 419 2386 subito
437 2353 625 2395 definiunt,
635 2366 676 2387 ac
694 2361 823 2389 vocant
845 2366 967 2389 omnes
987 2355 1150 2388 sinistros
1173 2359 1329 2399 quatuor
1354 2354 1553 2398 palmarum
1568 2378 1578 2392 ,

148 2402 187 2430 et
213 2397 339 2431 ordine
365 2398 576 2442 discedunt,
613 2401 725 2447 inque
751 2403 976 2435 urnatorium
997 2412 1034 2434 se
1055 2401 1255 2445 recipiunt,
1283 2400 1347 2433 uhi
1367 2400 1474 2443 trigas
1494 2409 1576 2431 suas

146 2443 243 2477 inter
265 2454 302 2476 se
323 2452 531 2489 comparant
544 2453 581 2481 et
606 2447 794 2489 ordinant,
817 2447 901 2481 dum
933 2449 1151 2492 inspectores
1183 2446 1320 2481 abeunt
1341 2453 1378 2480 et
1403 2446 1575 2485 veniunt,

148 2500 303 2535 cumque
339 2491 569 2535 imperatorio
589 2494 892 2539 eombinographo
911 2495 1048 2539 palmas
1068 2504 1189 2527 omnes
1208 2493 1334 2526 ordine
1365 2492 1574 2536 disponunt.

147 2535 236 2582 (11.)
261 2537 367 2570 Mane
387 2536 566 2572 demarchi
590 2539 636 2573 ad
658 2552 825 2584 magnum
846 2542 1045 2574 triclinium
1077 2541 1277 2586 quaestoris
1302 2539 1476 2578 veniunt,
1507 2537 1576 2571 ubi

145 2587 311 2630 paratum
332 2582 455 2627 datur,
481 2589 518 2618 et
536 2585 566 2618 si
586 2586 679 2620 forte
710 2587 892 2620 demarchi
922 2588 1026 2621 litem
1060 2587 1220 2632 aliquam
1242 2587 1336 2618 inter
1364 2595 1402 2618 se
1418 2583 1573 2624 habent,

144 2639 248 2661 causa
268 2628 322 2661 ibi
339 2640 455 2663 coram
474 2634 686 2676 praepositis
718 2633 922 2676 dirimitur,
946 2634 1042 2667 unde
1062 2634 1134 2666 duo
1154 2632 1353 2671 demarchi,
1378 2630 1574 2676 unusquis-

142 2684 216 2720 que
232 2675 278 2707 ad
300 2676 440 2718 locum,
465 2677 528 2711 ubi
546 2679 718 2722 populum
754 2681 893 2726 signare
915 2681 1028 2721 solet,
1065 2679 1273 2718 discedunt,
1313 2687 1487 2722 suamque
1517 2676 1572 2709 fa-

143 2722 299 2763 Glioucm
313 2722 430 2759 tribus
451 2723 616 2764 crucibus
637 2725 788 2771 signant.
836 2727 920 2774 Quo
939 2731 1085 2773 peracto
1101 2752 1110 2769 ‚
1140 2725 1296 2772 populus
1330 2723 1497 2763 factionis
1515 2722 1573 2761 di·-
