1832 3112
302 99 374 153 26
586 114 948 159 CONSTANTth
985 114 1468 158 PORPHYROGENI'H

298 219 516 274 βουκλείου
556 219 616 268 εἷς
658 217 733 260 τὸν
759 216 968 271 πόρτηκα,
1009 216 1081 259 καί
1106 217 1189 259 dm}
1218 220 1303 261 τῶν
1331 212 1745 272 ἐκεῖσε,ἆπέρχονται

299 287 344 327 ἐν
369 286 424 342 τῷ
462 283 683 341 ὂνοποδιῖιο,
737 285 811 325 καί
844 281 1002 336 γίνεται
1029 282 1058 324 ά
1086 282 1192 339 δοχὴ
1222 286 1328 338 ἐκεῖ,
1373 285 1417 326 οἳ
1451 299 1496 326 τε
1521 280 1744 340 μάγιστροι

295 353 368 394 καί
388 347 625 392 ἀνθύπατοι
653 347 691 390 οἱ
717 350 943 405 φοροῦντες
968 347 1065 399 τούς
1088 348 1248 405 λώρους
1285 352 1359 392 καί
1389 348 1428 392 οἱ
1456 348 1596 390 λοιποὶ
1634 349 1742 403 μετὰ

255 419 381 459 Βτῶν
419 418 537 458 ἰδίων
574 412 835 468 ἆλλαξίμων,
885 413 959 457 καὶ
997 413 1079 457 ἀπὸ
1112 418 1194 457 τῶν
1224 418 1356 459 ἐκεῖσε
1387 417 1664 472 κατέρχονται
1699 415 1746 456 ἐν

295 485 354 540 τῷ
382 481 684 537 κονσιστωρίῳ,
730 481 802 522 καί
838 477 889 522 ni
918 477 1014 535 ἑξῆς
1049 482 1298 523 ἐπιτελεῖται
1342 479 1484 531 καθώς
1525 479 1598 522 καὶ
1634 479 1770 523 ἀνω-5

294 550 401 603 τέρω
430 545 591 602 εἴρηται
630 548 703 588 καί
740 547 787 588 έν
822 549 916 595 ταῖς
942 551 1104 595 λοιπαῖς
1130 547 1409 603 προελεύσεσι,
1477 547 1622 604 (ΚΛ.)
1653 545 1748 587 Καὶ

294 615 409 656 τοῦτο
442 614 514 654 δεῖ
539 613 723 666 εἰδέναι,
776 608 843 654 ὅτι
874 609 901 667 ἦ
930 611 1029 667 ἁγία
1062 614 1135 653 καί
1169 611 1326 669 μεγάλη
1364 610 1566 668 κυριακὴ,
1606 613 1667 660 εἷς
1690 610 1746 652 τὰ

293 675 395 733 ἅγια
436 678 510 720 καί
551 679 610 727 εἰς
652 675 726 720 τὸν
761 676 982 731 ἀσπασμὸν
1023 678 1098 720 καί
1144 678 1210 726 εἰς
1247 675 1324 733 τὴν
1368 675 1491 733 ἁγίαν
1530 677 1747 719 κοινωνίαν

294 743 400 799 μετὰ
432 746 514 787 τῶν
541 743 772 797 χλανιδίων
814 745 1054 800 ἐξέρχονται
1099 743 1139 786 οἱ
1176 742 1373 786 δεσπόται
1419 741 1561 792 καθώς
1594 740 1668 784 καί
1699 742 1746 783 ἐν

298 818 388 860 ταῖς
422 815 586 860 λοιπαῖς
614 811 906 865 προελεύσεσι,
957 810 1030 851 καί
1063 810 1112 851 οὖ
1136 809 1245 863 μετὰ
1274 812 1358 852 τῶν
1387 808 1554 866 λιόρων,
1594 805 1675 849 οἷπὸ
1698 807 1799 850 δὲιο

297 878 374 918 τοῦ
397 874 609 933 κράματος
637 873 938 932 ἇμφιέννυνται
957 874 1053 926 τούς
1076 874 1250 932 λώρους,
1291 873 1365 918 καὶ
1396 873 1449 917 τοὶ
1483 871 1576 930 ἑξῆς
1611 873 1748 915 ἐπιτε-

295 945 428 984 λεῖται
459 940 602 991 καθώς
635 943 709 983 καί
739 942 785 983 ἐν
826 947 922 990 ταῖς
959 945 1123 991 λοιπαῖς
1155 940 1433 998 προελεύσεσι.
1500 938 1586 996 χρὴ
1623 937 1747 1000 γινρῦ-

297 1023 435 1060 σκειν,
465 1002 528 1048 ὅτι
549 1007 601 1063 τῇ
623 1002 746 1064 ἑορτῇ
773 1008 848 1049 τοῦ
881 1007 1065 1062 γενεσίου
1093 1009 1166 1062 τῆς
1203 1006 1434 1063 ὖπεραγιάς
1462 1004 1663 1047 Θεοτόκου
1693 998 1745 1044 οὗ

296 1074 522 1129 στέφονται
553 1071 593 1114 οἱ
631 1072 833 1114 δεσπόται
861 1071 1004 1123 καθώς
1028 1071 1102 1115 καί
1127 1075 1174 1115 έν
1201 1078 1293 1122 ταῖς
1317 1076 1482 1121 λοιπαῖς
1502 1066 1747 1127 προελεύσε-

264 1148 386 1193 cmv,
430 1135 537 1180 οἷλλοὶ
560 1137 726 1182 πάντων
747 1138 1005 1192 τελουμένων
1034 1137 1177 1188 καθώς
1206 1139 1476 1195 προείρηται,
1505 1137 1797 1193 ἐξέρχονταιιό

126 1203 344 1248 maamad
381 1205 580 1247 δεσπόται
617 1201 700 1247 ἆπὸ
733 1206 976 1260 διβητησίου
1004 1201 1086 1247 ἀπὸ
1115 1206 1194 1247 τοῦ
1227 1207 1422 1254 κοιτῶνος
1455 1205 1529 1260 τῆς
1557 1202 1744 1260 Δάφνης,

298 1270 373 1314 καὶ
393 1271 437 1313 ἐν
456 1271 514 1329 τῷ
539 1268 756 1329 ὄκταγιόνῳ
782 1273 1057 1331 κουβουκλείῳ
1083 1271 1287 1325 βάλλουσι
1314 1269 1393 1325 τὰς
1414 1268 1574 1313 ἑαυτῶν
1597 1270 1746 1324 χλανί-

298 1340 377 1387 δας
403 1335 508 1379 κατοὶ
538 1335 611 1380 τὸν
640 1337 771 1380 τύπον
789 1339 873 1380 τῶν
906 1339 1216 1395 προλεχθεισῶν
1242 1337 1551 1393 προελεύσεων,
1591 1335 1665 1379 καὶ
1687 1335 1741 1379 τοὶ

294 1401 392 1459 ιἑξῆς
409 1404 658 1445 ἐπιτελεῖται
684 1401 827 1454 καθώς
849 1403 923 1446 καί
942 1405 986 1446 ἐν
1011 1410 1104 1453 ταῖς
1137 1408 1303 1452 λοιπαῖς
1326 1400 1609 1460 προελεύσεσι·
1635 1401 1745 1457 πλὴν

298 1470 425 1523 δοχαί
447 1466 561 1524 παρὰ
590 1470 674 1511 τῶν
702 1468 846 1525 δήμων
870 1469 918 1511 οὖ
950 1468 1156 1524 γίνονται,
1192 1465 1286 1511 ἄλλ’
1313 1470 1360 1511 ἐν
1382 1473 1467 1518 τοῖς
1488 1466 1654 1521 τόποις,
1696 1467 1797 1511 έναο

298 1531 361 1585 οἷς
389 1534 433 1578 αἱ
458 1534 587 1589 δοχαὶ
609 1536 812 1590 γίνονται,
859 1534 899 1579 οἱ
924 1537 1008 1579 τῶν
1046 1533 1123 1578 δύο
1153 1536 1294 1592 μερῶν
1319 1533 1509 1591 νοτὰριοι
1541 1535 1615 1576 καί
1640 1534 1743 1587 μαΐ-

391 1647 423 1679 7.
449 1633 510 1668 δεῖ
523 1636 560 1668 Β.
582 1647 647 1680 pro
665 1626 835 1682 Oibquod
864 1642 919 1670 est
942 1635 981 1669 in
1005 1635 1095 1676 cod„
1107 1633 1180 1681 χρὴ
1205 1635 1261 1669 ed.
1337 1635 1389 1670 13.
1412 1635 1566 1670 ΣΧΟΛ.
1590 1633 1746 1677 Ἶστέον,

393 1680 453 1715 ὅτι
472 1680 585 1728 ταύτῃ
605 1684 648 1724 τῆ
671 1680 782 1729 ἑορτῇ
798 1680 875 1717 α’πὸ
895 1684 965 1717 τοῦ
983 1681 1203 1727 ὄκταγώνου
1234 1681 1502 1725 κουβουκλείον
1523 1682 1596 1715 οὐκ
1615 1682 1739 1723 εἰσέρ-

389 1739 526 1774 χονται
548 1728 586 1762 οἱ
612 1728 794 1764 δεσπόται
812 1730 855 1765 ἐν
877 1731 927 1775 τῷ
947 1731 1024 1774 ναῷ
1035 1731 1106 1763 τοῦ
1133 1729 1247 1774 ἁγίου
1263 1728 1490 1774 Στεφάνου,
1525 1728 1604 1762 ἀλλ’
1627 1721 1745 1765 εὔθύς

388 1777 432 1810 ἐν
451 1777 502 1820 τῷ
516 1776 681 1810 κοιτῶνι.
789 1789 844 1812 20.
862 1778 1015 1810 ΣΧΟΛ.
1040 1776 1201 1816 Ἶστέον,
1227 1773 1286 1808 ὅτι
1312 1774 1425 1822 ταύτῃ
1453 1776 1497 1822 τῇ
1522 1774 1746 1821 προελεύσει

391 1823 437 1856 οὐ
467 1824 640 1866 γίνονται
673 1823 822 1868 [δοχαὶ]
855 1824 898 1858 ἐν
926 1825 978 1867 τῷ
994 1822 1157 1869 πόρτη“κι
1175 1824 1279 1867 [τοῦ]
1312 1821 1573 1866 αὐγουστέως,
1597 1822 1640 1856 ἐν
1662 1822 1743 1876 [τῇ]

389 1869 513 1914 χρυσῇ
525 1872 648 1914 χειρὶ,
669 1869 766 1913 [ἀλλ’
783 1871 824 1905 ἐν
844 1871 913 1914 τῷ]
936 1869 1124 1914 ὄνοποδίῳ
1151 1871 1212 1903 καὶ
1231 1869 1274 1903 ἐν
1292 1870 1343 1913 τῷ
1359 1871 1670 1914 [κον]σιστωρίῳ,
1695 1879 1742 1901 τα

392 1916 547 1960 [λοιποὶ]
567 1911 694 1954 καθὼς
711 1919 942 1964 προείρηται.
955 1917 1169 1962 Suppletum
1193 1921 1230 1950 et
1253 1915 1391 1949 emend.
1417 1914 1592 1949 aReiskio
1606 1926 1650 1949 ex
1662 1914 1742 1949 cod.

300 2005 346 2039 ad
370 2006 559 2049 porticum,
583 2006 670 2039 inde
701 2007 748 2040 ad
778 2007 1016 2052 onopodium,
1042 2006 1106 2039 ubi
1127 2018 1187 2040 eos
1212 2005 1398 2051 excepturi
1415 2006 1574 2051 magistri
1595 2009 1632 2039 et
1656 2015 1743 2050 pro-

302 2053 468 2085 consules
493 2053 569 2086 lora
587 2058 764 2097 gestantes
780 2079 790 2094 ‚
815 2054 998 2098 ceterique
1018 2065 1098 2087 cum
1117 2054 1190 2086 suis
1218 2052 1422 2086 mutatoriis
1445 2052 1589 2093 adsunt,
1618 2057 1744 2096 postea

302 2098 350 2131 ad
369 2100 620 2133 consistorium
641 2105 846 2142 transeunt3
883 2106 1002 2133 cetera
1026 2105 1066 2133 ut
1098 2111 1204 2143 supra
1231 2098 1369 2132 dictum
1392 2104 1446 2132 est
1469 2103 1506 2132 et
1529 2100 1570 2132 in
1591 2098 1742 2144 reliquis

301 2145 447 2190 pompis
466 2151 693 2191 peraguntur.
741 2146 878 2191 (XXI.)
902 2147 1008 2180 Porro
1034 2145 1221 2180 sciendum
1243 2151 1320 2186 est,
1344 2146 1384 2178 in
1405 2151 1528 2179 sancta
1549 2149 1586 2178 et
1612 2155 1742 2190 magna

304 2191 487 2224 dominica
524 2193 569 2226 ad
600 2204 697 2226 sacra
729 2198 766 2226 et
801 2193 963 2226 osculum
989 2199 1219 2238 sanctamque
1250 2194 1538 2226 communionem
1565 2192 1741 2226 Dominos

302 2238 438 2271 tunicis
471 2243 511 2271 ut
540 2239 579 2273 in
610 2240 736 2273 ceteris
767 2240 1059 2285 processionibus
1093 2239 1240 2273 indutos
1277 2239 1399 2280 exire,
1429 2251 1503 2272 non
1522 2243 1741 2271 autemeam

303 2285 404 2325 loris,
431 2296 545 2330 quae,
570 2292 757 2331 postquam
782 2298 861 2320 cum
880 2287 1005 2320 amicis
1031 2285 1256 2321 confabulati
1275 2291 1379 2326 sunt,
1403 2285 1580 2318 induunt:
1621 2289 1740 2317 cetera

304 2331 360 2364 uti
379 2333 419 2365 in
433 2332 582 2378 reliquis
600 2333 889 2377 processionibus
914 2340 1143 2378 peraguntur.
1192 2332 1387 2365 Sciendum
1407 2342 1552 2377 quoque
1572 2335 1637 2372 est,
1661 2331 1740 2364 Do·-

304 2377 422 2412 minos
444 2379 535 2413 festo
563 2380 764 2413 nativitatis
788 2381 1034 2414 sanctissimae
1054 2376 1229 2424 Deiparae
1249 2390 1322 2411 non
1346 2384 1387 2411 ut
1403 2379 1442 2410 in
1464 2378 1614 2423 reliquis
1634 2388 1740 2423 pom-

304 2425 363 2468 pis
393 2436 557 2459 coronam
576 2433 729 2471 gestare,
768 2425 832 2459 sed
852 2427 1005 2471 peractis
1043 2431 1084 2460 ut
1106 2436 1212 2469 supra
1243 2426 1443 2469 expositum
1473 2429 1528 2458 est
1558 2423 1738 2465 omnibus,

306 2470 487 2506 dibetesio
511 2474 635 2506 amicti
660 2485 680 2506 a
709 2473 876 2507 cubiculo
908 2473 1078 2519 Daphnes
1102 2470 1314 2517 procedunt,
1338 2476 1376 2504 et
1398 2472 1437 2504 in
1462 2471 1651 2516 octangulo
1677 2481 1739 2503 cu-

305 2517 428 2552 biculo
454 2519 591 2553 tunicas
618 2531 697 2554 suas
721 2520 890 2560 induunt,
914 2531 1011 2554 more
1038 2518 1300 2565 praedictarum
1321 2518 1590 2563 processionum
1615 2527 1738 2550 serva·-

307 2569 346 2599 to
387 2571 424 2598 ct
457 2567 584 2599 ceteris
613 2566 665 2599 ita
698 2572 740 2600 ut
774 2567 813 2600 in
849 2567 928 2600 aliis
955 2567 1096 2612 pompis
1127 2567 1293 2611 peractis.
1354 2565 1544 2598 Factiones
1572 2569 1690 2597 tamen
1716 2574 1739 2597 a

308 2613 443 2655 populo
471 2625 544 2646 non
571 2613 828 2654 instituuntur,
866 2613 930 2647 sed
953 2614 996 2647 iis
1025 2614 1134 2653 locis,
1166 2612 1231 2644 ubi
1263 2611 1388 2645 adesse
1413 2612 1550 2651 solent,
1589 2610 1738 2644 duarum

311 2660 467 2701 partium
494 2661 626 2693 notarii
651 2665 687 2694 et
710 2661 867 2705 magistri
887 2661 1052 2694 Dominis
1077 2660 1243 2692 Romanis
1268 2659 1397 2699 verbis,
1422 2669 1512 2704 quae
1538 2658 1630 2690 festo
1656 2661 1738 2700 apta

309 2710 402 2746 suut,
432 2707 638 2749 acclamant,
659 2713 696 2742 et
721 2706 866 2756 quidem
890 2706 933 2743 ab
961 2719 1016 2749 ca,
1057 2716 1147 2754 quae
1173 2704 1218 2739 ad
1242 2705 1390 2752 lychnos
1417 2710 1509 2747 stare
1534 2704 1647 2744 solet,
1669 2713 1737 2738 no·-
