1884 3112
851 0 885 35 Ο

269 61 377 117 232
555 75 914 121 CONSTANTlNl
957 75 1443 119 PORPHYROGENm

266 183 439 227 πέναντι
468 180 546 222 τοῦ
567 179 700 234 βήλου
734 178 813 219 τοῦ
834 177 1117 232 ταγηναρίου)
1149 176 1224 220 καί
1250 176 1364 220 νευέι
1392 176 1418 220 ὅ
1439 175 1719 233 πραιπόσιτος.

266 247 325 305 τῷ
353 243 548 303 ὄστιαρίῳ
576 246 630 301 τῷ
659 244 879 299 κρατοῦντι
906 241 953 284 τὸ
989 245 1120 298 βῆλον
1158 244 1235 285 τοῦ
1274 244 1552 300 μαρμαρινοῦ
1585 246 1716 297 πουλ-

266 312 386 361 πίτου
415 312 492 352 τοῦ
521 310 796 363 ἐξερχομένου
827 311 885 359 εἷς
911 306 955 350 τὸ
986 305 1223 352 ὄνοπόδιον.
1281 310 1353 351 καὶ
1389 305 1487 352 ὅταν
1525 306 1635 365 λάβῃ
1669 304 1716 349 τὸ

267 379 426 430 νεῦμα,
468 375 682 429 εἰσάγουσι
707 372 808 424 τούς
834 377 1097 430 πατρικίους,
1139 373 1283 424 καθώς
1323 373 1408 428 ἔχει
1445 374 1471 430 ἦ
1509 373 1714 430 συνήθεια

266 443 350 485 τῶν
386 438 565 496 ἑορτῶν·
624 442 940 496 συνεισέρχεται
980 442 1025 483 δὲ
1065 443 1138 483 καί
1176 440 1197 483 ὅ
1233 439 1485 495 βουλόμενος
1523 439 1742 495 γενέσθαιὸ

267 505 518 562 μάγιστρος,
564 505 638 556 καὶ
678 505 902 549 πίπτουσιν
941 508 1000 557 εἷς
1027 505 1075 549 τὸ
1105 506 1317 552 στενάκιον
1343 509 1416 563 τῆς
1440 507 1605 564 χρυσῆς
1627 520 1719 560 χει-

271 565 373 631 ρὸς,
420 573 524 616 ἔνθα
566 574 757 615 ἵστανται
794 571 833 614 οἷ
875 572 1097 615 δεσπόται.
1150 571 1222 614 καί
1258 571 1526 616 ἀναστάντων
1565 571 1718 625 αὕτῶν,

272 637 467 683 νεύουσιν
498 637 538 680 οἵ
565 636 758 680 δεσπόται
785 640 841 695 τῷ
869 641 1144 695 πραιποσίτῳ,
1181 640 1254 680 καί
1290 641 1400 693 λέγει
1429 637 1719 693 ,,κελεύ,σατε,”

271 704 346 746 καί
371 705 605 759 ἐξέρχονται
646 703 914 758 ὄψικεύοντες
950 704 1046 756 τοὺς
1084 705 1285 754 δεσπότας
1311 705 1440 760 μέχρι
1465 705 1541 746 τοῦ
1570 702 1718 746 ὄνόπο-

274 772 363 825 δος,
403 769 505 813 ἔνθα
536 772 702 813 ἵσταται
731 770 755 812 ὅ
784 772 858 826 τῆς-
886 771 1177 821 καταστάσεως
1206 770 1278 814 καί
1301 769 1351 814 τά
1379 768 1548 827 ἅρματα
1578 771 1650 811 καί
1677 767 1773 811 οἶιο

234 837 500 892 Εσπαθάριοι
529 837 806 890 βαστάζοντες
833 835 884 879 τά
916 834 1025 880 ὅπλα
1055 838 1206 891 αὐτῶν,
1236 836 1309 879 καί
1333 835 1554 879 πίπτουσιν
1577 835 1615 878 οἱ
1641 835 1721 878 αὖ-

269 902 336 946 τοί
362 902 572 959 πατρίκιοι
600 902 703 946 κατὰ
741 903 991 959 συνήθειαν,
1041 904 1114 947 καί
1148 903 1259 946 νεύει
1301 903 1325 946 ὅ
1364 902 1634 960 πραιπόσιτος
1663 904 1720 960 τῷ

272 971 345 1024 τῆς
376 970 693 1023 καταστάσεως,
721 972 794 1012 καί
821 971 930 1025 λέγει
958 969 1258 1024 „maedam-e?
1311 972 1385 1013 καί
1410 968 1654 1024 ἐπεύχονται
1681 966 1720 1010 οἱ

272 1037 509 1091 πατρίκιοι,
556 1035 823 1090 ὄψικεύοντες
859 1035 960 1086 τούς
1002 1036 1209 1086 δεσπότας
1245 1039 1374 1093 μέχρι
1415 1038 1493 1080 τοῦ
1536 1033 1718 1090 μεγάλου

273 1101 594 1157 κονσιστωρίου,
637 1100 742 1144 ἔνθα
771 1103 966 1145 ἵστανται
994 1102 1033 1145 οἱ
1062 1101 1218 1145 ὕπατοι
1249 1102 1542 1158 κονσιστῶριον
1578 1101 1652 1144 καί
1678 1098 1770 1144 οἷῑ5

272 1167 413 1215 λοιποὶ
437 1170 700 1222 συγκλητικοὶ
710 1202 722 1221 ,
754 1167 839 1228 Ικαί
865 1167 1046 1211 στάντων
1073 1172 1157 1211 τῶν
1186 1171 1399 1211 δεσποτῶν
1427 1171 1486 1219 εἰς
1513 1167 1560 1211 τὸ
1590 1166 1718 1222 mpleb-

273 1249 365 1290 ριον
392 1232 531 1276 ἐπάνω
559 1236 640 1276 τῶν
667 1236 897 1291 πορφυρῶν
923 1236 1184 1290 γραδηλίων,
1223 1235 1445 1277 πίπτουσιν
1474 1233 1513 1277 οἷ
1541 1238 1717 1290 συγκλη-

271 1301 382 1342 τικοὶ
407 1296 570 1349 πάντες.Ι
637 1301 751 1357 (B.)
793 1300 888 1342 Kal
929 1297 1013 1342 εἷθ’
1043 1297 1176 1350 οὕτως
1213 1299 1406 1347 νεύουσιν
1440 1299 1479 1347 οἱ
1518 1299 1717 1346 δεσπόται

273 1366 330 1422 τῷ
355 1367 639 1423 πραιποσίτῳ,
677 1364 750 1407 καί
783 1364 939 1420 εἰσάγει
963 1365 1037 1409 τὸν
1067 1363 1287 1422 ὀφείλοντα
1315 1368 1605 1422 προβληθῆναι
1631 1364 1717 1418 μα’-

273 1445 441 1486 γιστρον
482 1432 541 1480 εἷς
576 1429 675 1481 τούς
720 1429 853 1481 πόδας
898 1433 982 1475 τῶν
1025 1433 1260 1485 δεσποτῶν,
1309 1431 1382 1477 καί
1408 1431 1545 1474 πίπτει
1573 1432 1631 1480 εἰς
1669 1429 1772 1472 τὸ20

230 1497 435 1551 Βπρῶτον
461 1497 664 1553 γραδήλιν
692 1494 714 1538 ὅ
745 1496 1107 1554 προβαλλόμενος,
1150 1499 1223 1542 καί
1260 1493 1465 1554 ἀναφέρει
1501 1495 1629 1538 αὐτὸν
1655 1499 1716 1546 εἰς

275 1560 320 1605 τὸ
346 1564 484 1618 τρίτον
520 1565 745 1619 γραδὴλιον
760 1598 773 1618 ,
815 1565 889 1606 καί
924 1565 1166 1620 προσκυνῶν
1209 1568 1330 1621 φιλεῖ
1350 1562 1450 1613 τούς
1477 1562 1610 1612 πόδας
1632 1563 1716 1605 τῶν

277 1628 513 1683 δεσποτῶν,
542 1625 730 1672 ἑστώτων
759 1626 901 1672 αὐτῶν
927 1629 1002 1672 καὶ
1029 1629 1079 1671 οὗ
1107 1631 1425 1684 καθεζομένων,
1455 1627 1559 1671 διότι
1587 1629 1645 1678 εἷς
1672 1625 1716 1670 ἒ-

277 1691 398 1756 ορτὴν
424 1694 704 1749 προβάλλεται
731 1698 776 1739 ἐν
801 1699 1011 1754 προκένσῳ
1040 1698 1113 1754 τῆς
1140 1697 1372 1752 ἐκκλησίας.
1425 1695 1498 1737 καὶ
1525 1693 1716 1737 ἄσπασαί-ν

373 1817 422 1840 ιο.
450 1802 496 1840 τοὶ
525 1817 592 1843 om.
619 1807 675 1844 ed.
770 1821 826 1844 21.
850 1808 1057 1860 γραδήλιον
1072 1809 1249 1857 προβαλλ.
1277 1807 1334 1849 (τά,

275 1917 504 1962 praepositus
532 1919 689 1960 ostiario,
702 1918 821 1952 velum
835 1918 1024 1951 marmorei
1038 1917 1194 1965 pulpiti,
1220 1916 1318 1963 quod
1331 1917 1369 1949 in
1381 1914 1602 1961 onopodium
1627 1924 1713 1958 pro-

276 1962 463 2003 tenditur,
491 1964 654 2004 tenenti,
682 1966 822 1999 annuit.
870 1965 916 1998 Hi
941 1966 1041 2009 signo
1068 1964 1170 2004 dato,
1208 1964 1400 2008 patricios,
1440 1969 1480 1996 ut
1505 1962 1605 1998 festis
1636 1960 1716 1993 ‹lie-

276 2008 344 2042 bus
370 2010 591 2043 consuetudo
613 2016 687 2051 est,
712 2011 917 2052 adducunt,
943 2023 1022 2046 cum
1039 2011 1172 2056 quibus
1196 2012 1257 2051 is,
1275 2010 1336 2055 qui
1360 2009 1521 2054 Magistri
1538 2008 1716 2053 dignitate

278 2055 461 2089 ornandus
487 2062 563 2097 est,
595 2069 668 2089 una
692 2057 911 2103 ingreditur,
950 2064 986 2091 et
1016 2058 1054 2089 in
1080 2058 1270 2101 angiportu
1311 2067 1439 2089 aureae
1479 2066 1622 2094 manus,
1652 2053 1716 2091 ubi

277 2101 426 2136 Domini
452 2108 570 2143 stant,
597 2114 717 2136 omnes
741 2105 943 2149 procidunt..
995 2105 1183 2148 Postquam
1210 2114 1292 2135 vero
1327 2113 1531 2142 surrexere,
1566 2100 1716 2134 Domini

276 2150 483 2193 praeposito
508 2155 698 2189 annuunt,
725 2151 771 2183 is:
802 2151 918 2184 Iubece
951 2150 1063 2189 dicit,
1090 2155 1126 2182 et
1151 2150 1201 2182 sic
1225 2150 1263 2182 in
1288 2149 1463 2193 obsequio
1478 2148 1715 2181 Domitiorum

278 2193 324 2228 ad
349 2195 590 2239 onopodhum,
618 2195 682 2228 uhi
708 2197 975 2236 cerimoniarius
1003 2203 1039 2231 et
1064 2207 1161 2229 arma
1186 2201 1222 2228 et
1246 2194 1417 2238 spatharii
1442 2206 1505 2227 sua
1531 2206 1625 2227 arma
1652 2205 1716 2239 ge-

277 2246 412 2280 stantes
437 2241 592 2283 adsunt²
620 2243 838 2287 procedunt,
863 2244 1007 2288 patricii
1033 2255 1097 2288 pro
1125 2253 1223 2276 more
1249 2253 1286 2274 se
1319 2247 1577 2287 prosternunt,
1610 2252 1715 2286 prae-

277 2288 417 2338 positus
441 2299 524 2325 vero
550 2290 800 2323 cerimoniario
830 2301 1012 2331 annuens,
1038 2289 1146 2323 dicit:
1175 2288 1307 2323 lubete.
1366 2289 1514 2325 Patricii
1538 2288 1714 2321 Dominos

278 2335 325 2367 ad
348 2346 513 2380 magnum
547 2347 660 2381 usque
695 2337 970 2377 consistorium,
1003 2336 1067 2369 ubi
1094 2336 1260 2369 consules
1287 2346 1327 2370 ac
1363 2336 1495 2380 reliqui
1531 2340 1716 2368 senatores

280 2381 432 2422 adsunt,
455 2382 559 2415 laetis
589 2382 769 2417 ominibus
794 2389 1082 2429 prosequuntur,
1109 2394 1148 2415 ac
1176 2381 1340 2415 Dominis
1369 2383 1406 2415 in
1433 2381 1572 2415 ciborio
1607 2393 1715 2426 super

278 2427 530 2472 porphyretica
569 2430 663 2462 scala
696 2431 928 2472 constitutis,
962 2434 1144 2463 senatores
1184 2439 1307 2461 omnes
1333 2429 1587 2472 procumbunt..
1637 2428 1715 2474 (ΙΙ.)

281 2474 407 2515 Tunc,
430 2481 576 2521 accepto
601 2488 622 2508 a
645 2476 811 2510 Dominis
838 2477 959 2519 signo,
996 2475 1221 2522 praepositus
1256 2475 1419 2519 Magistri
1444 2475 1619 2520 dignitate
1654 2487 1715 2508 or-

278 2521 438 2555 nandum
464 2522 509 2555 ad
533 2522 643 2568 pedes
671 2534 793 2556 eorum
818 2522 984 2567 adducit3
1017 2525 1046 2556 is
1076 2524 1114 2555 in
1139 2523 1254 2566 pr-imo
1286 2522 1394 2566 gradu
1431 2534 1468 2555 se
1499 2522 1714 2567 prosternit,

279 2566 411 2601 deinde
448 2569 494 2602 ad
527 2570 676 2604 tertium
709 2569 951 2611 adscendens,
986 2570 1110 2603 adorat
1145 2580 1186 2601 ao
1223 2569 1332 2612 pedes
1368 2569 1623 2609 Dominorum,
1651 2568 1716 2614 qui

278 2618 398 2654 stant,
424 2627 498 2650 non
522 2616 671 2656 sedent,
695 2618 867 2661 quoniam
892 2617 984 2650 festo
1010 2616 1070 2649 die
1095 2616 1134 2649 in
1158 2616 1387 2660 processione
1415 2617 1587 2649 ecclesiae
1613 2626 1714 2648 crea-

277 2664 357 2702 tur,
383 2662 575 2702 osculatur.
638 2663 771 2699 Osculo
805 2662 961 2710 pedibus
994 2663 1129 2704 infixo,
1166 2667 1351 2710 promotus
1384 2664 1518 2713 surgit,
1550 2661 1714 2708 aliusque
