1878 3112
275 96 389 155 560
546 114 908 160 CONSTANTlNl
964 107 1452 158 PORPHYRom-:Nl‘rl

279 221 425 263 νοὸσιν
452 216 506 260 τοὶ
534 214 631 272 ἅγια
660 220 863 270 λείψανα,
919 212 1118 268 ἅπτοντες
1148 214 1325 274 κηρούς,
1365 214 1439 259 καὶ
1461 206 1728 272 ἐξερχόμενοι

275 280 357 336 ἔξω
385 286 445 333 εἰς
471 284 519 325 τὸ
549 282 716 339 ἐξάερον
733 314 744 336 ,
784 283 946 325 ἐκεῖθεν
975 281 1246 337 ἱππεύουσιν,
1292 283 1366 326 καὶ
1390 278 1730 339 ὑποστρέφουσιν

277 351 324 393 ἐν
351 352 408 407 τῷ
435 347 649 406 παλατίῳ,
690 348 930 390 κελεύουσιν
958 347 1156 404 ἔφιπποι,
1197 350 1435 391 κελεύουσιν
1461 350 1571 391 πλοῖ’.
1626 351 1730 390 πολ-

278 414 395 464 λὰκις
440 415 486 456 δὲ
526 415 827 455 συνεστιῶνται
864 419 951 464 τοῖς
991 409 1197 469 ἄρχουσιν
1234 415 1279 457 ἐν
1317 415 1377 473 τῷ
1415 414 1602 472 παλατίῳ
1644 415 1730 455 τῶν

278 481 539 536 βλαχερνιόν,
584 478 657 520 καί
684 478 821 535 δείλης
850 481 1111 536 εἰσέρχονται
1138 481 1197 531 εἰς
1222 478 1270 522 τὸ
1299 477 1518 523 παλάτιον.
1573 478 1756 532 ἰστέονβ

280 542 346 588 ὅτι
373 545 506 603 ταύτῃ
534 546 584 602 τῇ
613 545 747 603 ἡμέρᾳ
777 545 855 586 οὐκ
882 546 1146 602 εἰσέρχονται
1175 543 1213 588 οἱ
1242 544 1442 588 δεσπόται
1469 547 1530 596 εἰς
1556 543 1603 588 τὸ
1633 541 1731 599 ἅγι-

280 627 328 654 ον
354 611 674 667 θυσιαστήριον.
730 609 834 666 μηνὶ
856 611 1024 670 Ἰουλίῳ
1053 610 1128 663 κζ.
1184 612 1333 665 ἰστέον,
1363 607 1426 654 ὅτι
1455 609 1609 666 ὅμοίως
1637 612 1731 653 ἑπι-

279 682 463 722 τελεῖται
487 677 558 720 καὶ
583 675 611 735 ἦ
639 676 783 734 μνήμη
813 679 889 720 τοῦ
918 678 1038 733 ἁγίου
1068 677 1430 734 Παντελεήμονος,
1465 679 1551 720 τῶν
1578 679 1731 720 δεσπο-

239 746 365 788 Βτῶν
394 739 603 787 ἀπιόντων
640 746 700 795 εἰς
737 742 812 786 τὸν
851 738 1082 799 σεβάσμιον
1123 744 1274 787 τούτου
1304 742 1406 788 ναὸν
1433 746 1494 793 εἰς
1520 742 1574 786 τὰ
1605 747 1730 799 Ναρ-

276 813 371 856 σοῦ’.
426 813 466 854 εἰ
494 812 540 853 δὲ
569 812 759 868 βουληθῇ
789 809 813 852 ὅ
841 809 1040 864 βασιλεὺς
1073 811 1271 853 ἀπελθεῖν
1298 810 1418 864 πλοῒ,
1444 812 1598 866 γίνεται
1624 809 1650 866 ἦ
1679 809 1787 852 οἶ-ῐο

277 880 481 921 κολουθιά
507 876 579 920 καί
605 875 630 932 ἦ
658 877 771 929 τάξις
802 874 960 928 οὕτως.
1016 879 1132 934 πρωῒ
1154 879 1407 934 προέρχεται
1433 878 1547 919 πᾶσα
1574 876 1601 932 ἦ
1629 876 1732 932 σύγ-ό

278 948 428 1000 κλητος
455 942 528 986 καὶ
561 941 609 986 τὸ
636 941 928 998 κουβούκλειον
957 939 1040 986 ἆπὸ
1073 945 1397 999 σκαραμαγγάυν
1425 945 1486 994 εἰς
1511 941 1563 985 τὰ
1591 945 1734 986 Κανι-

279 1011 443 1063 κλείου,
486 1010 560 1052 καί
590 1006 611 1051 ὅ
639 1007 838 1063 βασιλεὺς
867 1011 1103 1067 εἰσέρχεται
1146 1005 1229 1052 ἇπὸ
1259 1007 1307 1051 τὸ
1338 1008 1544 1052 παλάτιον
1571 1011 1631 1059 εἰς
1657 1006 1734 1052 τὸν

79 1088 237 1136 Ms.19o.
253 1075 494 1132 αβασίλειον
523 1076 708 1133 δρόμονα
736 1075 841 1130 μετὰ
869 1078 943 1132 τῆς
969 1078 1123 1127 οἰκείας
1151 1077 1284 1119 αὐτοῦ
1308 1075 1538 1132 θεραπείας
1557 1074 1631 1118 καί
1655 1075 1734 1117 τοῦ

277 1144 503 1198 λογοθέτου
534 1143 606 1184 καί
630 1145 707 1183 τοῦ
734 1142 1108 1198 πρωτοασηκρήτου
1138 1142 1210 1185 καί
1234 1143 1308 1185 τοῦ
1344 1142 1416 1185 ἐπὶ
1440 1144 1523 1184 τῶν
1553 1140 1788 1198 δεήσεωνι5

282 1208 357 1251 καί
391 1209 468 1251 τοῦ
508 1204 801 1265 ἓταιρειάρχου
848 1211 921 1250 καί
945 1211 1018 1251 τοῦ
1047 1210 1322 1265 δρουγγαρίου
1350 1210 1422 1264 τῆς
1447 1209 1620 1263 βίγλας,
1664 1206 1739 1250 καὶ

82 1276 520 1331 Εά.1,.324ἓξέρχονται
548 1272 587 1315 οἶ
616 1272 817 1316 δεσπόται
846 1276 907 1323 εἰς
936 1273 988 1316 τά
1006 1274 1272 1316 Κανικλείου.
1331 1273 1555 1330 ὁρμώντων
1575 1276 1622 1317 δὲ
1650 1276 1736 1316 τῶν

280 1341 492 1384 δεσποτῶν
509 1371 521 1393 ,
565 1340 756 1394 δέχονται
783 1339 954 1391 τούτους
983 1342 1025 1383 οἳ
1049 1357 1094 1382 τε
1121 1344 1382 1395 μαγλαβῖται
1407 1340 1481 1382 καί
1522 1338 1562 1382 οἱ
1588 1341 1663 1395 τῆς
1692 1337 1747 1382 ἓ...

279 1407 470 1462 ταιρειάς
497 1402 588 1459 ἅμα
618 1406 702 1448 τῶν
730 1407 1017 1462 πραιποσίτων
1046 1409 1120 1448 καί
1141 1409 1215 1449 τοῦ
1236 1407 1531 1461 κουβουκλείου
1552 1404 1626 1447 καὶ
1650 1407 1735 1448 τῶν

280 1469 740 1530 οἷρχοντογεννημοίτων.
795 1475 868 1514 καί
894 1471 1159 1528 ἐξερχόμενοι
1187 1471 1270 1514 ἀπὸ
1300 1473 1374 1515 τοῦ
1403 1469 1625 1527 δρόμονος,
1668 1473 1787 1517 δι-οο

281 1539 478 1596 ἑρχονται
505 1539 579 1580 καί
598 1533 771 1580 ἀπίασιν
794 1539 853 1587 εἰς
879 1536 954 1594 τὴν
984 1538 1134 1595 αὐλὴν,
1164 1541 1237 1581 καί
1255 1540 1386 1581 ἐκεῖσε
1413 1538 1607 1592 δέχονται
1633 1537 1735 1579 τού-

381 1641 432 1674 18.
455 1639 607 1673 ΣΧΟΛ.
633 1637 785 1681 ’larsem
803 1636 862 1672 ὅτι
878 1639 942 1672 καὶ
960 1638 998 1673 οἱ
1007 1639 1232 1686 μαγλαβῖται
1252 1638 1355 1674 ἴδιον
1366 1639 1498 1685 ἔχουσι
1518 1636 1738 1686 χελᾶνδιον,

377 1689 444 1721 καὶ
470 1686 581 1720 αὐτοὶ
605 1686 917 1734 προπορεύονται
941 1689 992 1733 τῷ
1014 1687 1166 1732 βασιλεῖ
1190 1686 1346 1722 ἀπιόντι
1368 1690 1422 1726 εἰς
1445 1683 1513 1723 τὸν
1536 1686 1721 1734 δρόμονα.

283 1778 392 1813 bema
416 1776 564 1824 quidem
588 1788 663 1811 non
688 1778 837 1820 intrare,
863 1777 925 1823 (id
951 1779 1048 1811 enirn
1073 1789 1116 1811 eo
1145 1777 1204 1812 die
1230 1779 1308 1812 fieri
1341 1790 1418 1812 rnos
1447 1790 1522 1813 non
1555 1779 1640 1828 est,)
1669 1777 1738 1820 sed

285 1837 404 1861 coram
432 1825 602 1858 cancellis
628 1836 741 1858 sacras
773 1824 833 1858 SS.
866 1826 1129 1870 Anargyrorum
1167 1825 1341 1871 reliquias
1375 1825 1550 1868 adorare,
1582 1832 1621 1860 et
1654 1827 1740 1873 post

284 1883 455 1907 accensos
493 1872 548 1905 ibi
593 1871 757 1918 fixosque
800 1883 922 1906 cereos
958 1873 996 1905 iu
1041 1875 1212 1906 exactum
1245 1883 1308 1906 seu
1354 1872 1486 1907 atrium
1522 1873 1641 1914 exire,
1672 1872 1740 1907 uhi

286 1918 538 1955 conscendunt
561 1918 600 1952 in
622 1929 735 1964 equos
763 1923 800 1952 et
824 1919 981 1952 reditum
1006 1919 1052 1953 ad
1069 1919 1245 1964 palatium
1271 1919 1487 1961 instituunt,
1511 1921 1585 1954 sive
1611 1919 1740 1954 iamin

287 1968 394 2014 equis
426 1965 598 2006 redeant,
632 1966 706 1999 sive
737 1965 775 1999 in
805 1966 990 2004 dromone‚
1040 1966 1153 2010 Saepe
1188 1971 1310 2000 autem
1345 1967 1387 2000 fit
1417 1968 1457 2000 in
1485 1964 1554 2000 hac
1588 1967 1740 2012 quidem

286 2014 545 2060 processione,
578 2017 619 2045 ut
643 2024 723 2045 cum
748 2013 959 2059 proceribus
988 2013 1027 2047 in
1052 2013 1191 2059 palatio
1217 2013 1495 2047 blachernarum
1519 2013 1738 2058 epulentur,

257 2088 268 2101 .,
288 2065 328 2094 et
352 2061 403 2093 sic
429 2060 574 2094 demum
603 2069 774 2103 vesperae
799 2061 839 2093 in
864 2060 1037 2105 palatium
1064 2060 1222 2094 redeant.
1278 2060 1414 2093 Mensis
1440 2059 1526 2092 Iulii
1552 2058 1612 2092 die
1636 2059 1739 2105 vige-

289 2108 381 2141 simo
407 2107 561 2151 septimo
595 2105 765 2138 similiter
790 2108 977 2152 peragitur
1005 2107 1180 2140 memoria
1205 2108 1238 2140 S.
1265 2106 1576 2148 Panteleemonis‚
1608 2107 1740 2140 Domi-

289 2154 348 2188 nis
372 2154 411 2186 in
438 2152 687 2186 venerabilem
712 2152 789 2185 eius
816 2153 1024 2194 ecclesiam,
1056 2164 1149 2198 quae
1177 2159 1232 2186 est
1268 2154 1307 2186 in
1341 2154 1561 2187 monasterio
1582 2154 1639 2187 vel
1666 2158 1741 2187 tra-

291 2205 354 2234 ctu
384 2199 570 2238 Narsetis,
601 2198 910 2232 caballicantibus.
961 2199 1103 2245 Quodsi
1133 2210 1215 2234 vero
1246 2200 1413 2233 Dominis
1447 2200 1626 2245 placuerit
1654 2198 1740 2234 navi

290 2248 382 2282 illuc
413 2245 465 2279 ire
481 2270 491 2286 ‚
516 2246 558 2278 fit
588 2243 675 2278 ordo
705 2250 814 2290 atque
841 2245 950 2279 series
976 2246 1016 2278 in
1045 2246 1142 2279 hunc
1166 2246 1335 2279 modum:
1361 2258 1468 2280 mane
1491 2247 1657 2292 procedit
1676 2253 1740 2282 to-

291 2300 352 2328 tus
378 2297 523 2327 senatus
549 2295 586 2325 et.
613 2290 820 2325 cubiculum
846 2292 885 2326 in
921 2293 1170 2339 scaramangiis
1209 2294 1247 2327 in
1282 2298 1435 2327 tractum
1467 2295 1525 2328 vel
1557 2299 1740 2329 monaste-

291 2342 388 2375 rium
423 2338 586 2374 Caniclei
609 2337 766 2379 dictum,
791 2344 828 2372 et
860 2340 1058 2385 Imperator
1089 2351 1108 2373 e
1140 2340 1275 2386 palatio
1312 2340 1424 2374 intrat
1450 2341 1489 2374 in
1514 2341 1741 2387 imperialem

289 2387 500 2422 dromonem
526 2396 606 2418 eum
641 2385 784 2430 privato
810 2398 874 2420 suo
899 2386 1101 2420 ministerio
1128 2392 1165 2420 et
1204 2386 1388 2432 logotheta
1416 2385 1559 2435 [dromi]
1597 2393 1634 2422 et
1654 2398 1742 2435 pro-

289 2438 490 2469 toasecreta
505 2457 515 2474 ,
539 2431 708 2476 magistro
735 2433 1039 2479 supplicationum
1064 2439 1101 2467 et
1123 2433 1371 2468 hetaeriarcha
1395 2440 1432 2468 et
1455 2434 1647 2480 drungario
1683 2435 1741 2468 vi-

291 2482 412 2528 giliae.
462 2479 553 2513 Cum
581 2478 638 2511 his
664 2485 818 2524 pergunt
837 2481 985 2514 Domini
1012 2482 1102 2526 [per
1126 2481 1244 2515 sinum
1269 2481 1501 2528 Ceratenum]
1530 2482 1576 2516 ad
1602 2481 1739 2515 dictum

289 2526 550 2563 monasterium
573 2524 747 2564 Caniclei,
793 2527 1030 2573 Appellentes
1057 2532 1177 2561 autem
1204 2528 1250 2562 ad
1274 2530 1524 2563 continentem
1551 2528 1741 2574 excipiunt

290 2574 536 2621 maglabitae,
562 2571 744 2614 hetaeria‚
782 2575 1000 2620 praepositi,
1029 2574 1237 2609 cubiculum
1270 2581 1307 2609 et
1339 2575 1739 2621 archontogennemata.

291 2624 501 2657 Transeunt
539 2618 626 2652 hinc
656 2619 694 2652 in
734 2621 852 2653 aulam
889 2622 1128 2664 monasterii,
1170 2623 1235 2655 ubi
1274 2634 1334 2656 eos
1369 2623 1511 2656 basilici
1541 2624 1740 2668 excipiunt.

290 2670 399 2703 Illinc
423 2666 644 2702 inscendunt
669 2666 818 2701 Domini
844 2668 882 2701 in
914 2680 1047 2715 equos,
1073 2674 1111 2702 et
1143 2669 1346 2714 procedunt
1381 2672 1587 2716 equitantes
1623 2678 1739 2716 usque

291 2716 339 2751 ad
361 2715 600 2763 propylaeum
619 2712 679 2749 vel
703 2715 870 2762 portale,
906 2715 1007 2763 quod
1032 2716 1072 2751 iu
1098 2715 1283 2751 embolum
1312 2727 1376 2751 acu
1413 2717 1595 2764 porticum
1629 2714 1740 2750 ducit.
