1884 3112
869 0 903 37 Ο

285 92 396 147 208
551 109 906 152 CONSTANTINI
949 110 1431 154 Ponrnmoessmn

283 227 427 268 κρετον
455 208 570 265 ὅλον,
606 210 913 266 συνεισέρχεται
941 209 963 253 ὅ
989 213 1063 267 τῆς
1090 213 1378 263 καταστάσεως
1413 213 1519 267 μετά
1549 214 1622 259 καὶ
1645 210 1720 259 ἄλ.-

282 281 368 319 λων
395 279 512 320 πέντε
540 279 822 331 οιλεντιαρίων
845 271 1019 320 ὄπισθεν
1036 281 1112 320 τοῦ
1141 280 1338 334 σεκρέτου
1357 278 1477 322 ἔνθεν
1504 276 1719 335 κάκεῖθεν,

286 346 359 384 καί
386 344 495 384 νεύει
523 339 544 383 ὃ
571 340 768 395 βασιλεύς
790 343 847 399 τῷ
875 342 1156 402 πραιποσύτῳ,
1184 346 1256 386 καί
1278 344 1539 401 εἰσέρχονται
1565 347 1626 396 εἰς
1652 345 1723 389 τὸν

286 406 406 464 ἅγιον
436 410 664 463 Στέφανον,
694 406 765 448 καί
789 411 1083 463 προσκαλεῖται
1109 407 1179 451 τὸν
1205 409 1482 466 πατριάρχην,
1511 413 1584 454 καί
1609 413 1723 468 ἐξέρ-

279 489 404 529 χεται
431 473 488 521 εἷς
515 470 588 514 τὸν
617 469 867 527 αὖγουστέα,
896 474 968 515 καί
993 473 1100 527 μετά
1128 473 1175 517 τὸ
1205 477 1388 526 ἐξελθεῖν
1414 474 1486 519 τὸν
1512 477 1748 533 numerio-5

283 556 364 594 χην
398 538 623 594 ἐγείρονται
652 537 690 580 οἱ
719 537 920 582 δεσπόται
946 541 1018 582 καί
1045 539 1236 594 δέχονται
1263 536 1408 584 αύτόν.
1452 542 1526 585 καί
1551 537 1724 586 ὄπισθεν

251 607 375 654 cmiv
410 607 638 659 βασιλικῶν
675 608 849 648 σελλίων
890 607 1059 648 ἵσταται
1096 602 1347 660 ἆντιμίσιον,
1394 606 1498 650 ἔνθα
1541 614 1670 651 κεῖται
1696 608 1723 664 ἧ

283 670 478 726 βασιλικὴ
514 670 708 725 χλαμὺς,
748 674 822 714 καί
847 670 1020 721 στάντος
1051 674 1126 714 τοῦ
1154 669 1418 728 πατριάρχου
1447 675 1507 723 εἰς
1533 672 1581 716 τὸ
1610 670 1726 717 ἆντι-

283 738 448 792 μίσιον,
474 737 586 779 νεύει
613 736 636 779 ὅ
663 736 863 791 βασιλεὺς
889 741 945 794 τῷ
972 740 1258 797 πραιποσίτῳ,
1301 740 1374 780 καί
1399 740 1659 796 εἰσέρχονται
1686 738 1727 781 οἱ

284 805 502 846 ἐπίσκοποι
540 802 615 845 καί
654 802 676 844 ὅ
716 806 868 860 κλῆρος
905 805 981 846 τοῦ
1019 805 1214 860 σεκρὲτου
1242 805 1318 846 τοῦ
1345 803 1626 861 πατριάρχου,
1655 806 1779 848 ‚cairo

286 871 476 912 ἵστανται
515 864 691 911 ὄπισθεν
718 871 795 911 τοῦ
822 871 1040 924 βασιλικοῦ
1067 870 1261 925 σεκρέτου
1291 871 1364 912 ἐπὶ
1387 867 1435 912 τὸ
1465 872 1539 926 τῆς
1577 871 1727 925 άψίδος

287 939 432 992 μέρος.
486 937 558 976 καί
598 931 755 986 εὖθέως
791 936 901 978 νεύει
939 935 962 977 ὅ
1003 935 1201 989 βασιλεύς
1242 937 1300 993 τῷ
1337 935 1620 995 πραιποσίτιρ,
1658 937 1732 980 καί

288 1001 444 1056 εἰσάγει
469 998 545 1057 τήν
573 1000 813 1055 αὔγούσταν
833 998 915 1043 άπὸ
933 1004 1169 1058 μαφοριόυ,
1200 1003 1416 1058 φοροῦσαν
1442 1003 1515 1045 καὶ
1539 1001 1730 1059 στιχάριν

289 1069 542 1123 βασιλίκιον,
593 1065 663 1108 διὰ
697 1069 775 1108 τοῦ
812 1069 1055 1120 διαβατικοῦ
1074 1071 1148 1110 τοῦ
1174 1066 1295 1121 ἁγίου
1325 1066 1541 1124 Στεφάνου
1572 1069 1631 1119 εἰς
1658 1066 1730 1112 τόν

291 1133 539 1188 αύγουστέα,
570 1127 698 1188 οὔσης
725 1133 856 1187 αύτῆς
876 1135 935 1182 εἰς
959 1132 1033 1175 τὸν
1053 1135 1227 1174 κοιτῶνα
1249 1131 1366 1175 ἔνδον
1384 1135 1459 1175 τοῦ
1478 1131 1783 1188 ὄκταγώνου,ι5

291 1198 393 1256 πρὸς
420 1197 518 1248 τούς
547 1197 775 1252 δεσπότας,
819 1198 891 1240 καί
917 1199 1076 1248 εὐθέως
1104 1193 1282 1254 ἄρχεται
1320 1196 1341 1239 ὅ
1369 1198 1634 1255 πατριάρχης
1658 1198 1732 1256 τνὶν

257 1260 432 1320 Βεῦχῆν
470 1266 529 1314 εἷς
567 1263 642 1320 τὴν
677 1263 891 1318 χλαμύδα.
955 1266 1048 1323 (B.)
1087 1263 1180 1306 Καὶ
1218 1261 1287 1306 ὅτε
1323 1264 1350 1320 ἧ
1378 1264 1483 1320 εὐχὴ
1509 1263 1626 1322 παρά
1655 1267 1734 1308 τοῦ

294 1329 559 1387 πατριάρχου
587 1333 787 1383 τελεῖται,
817 1331 1021 1385 λαμβάνει
1049 1329 1075 1386 ἦ
1106 1326 1316 1385 αύγούστα
1343 1329 1510 1387 κηρούς,
1539 1333 1612 1373 καί
1629 1334 1734 1387 πλη-

297 1396 504 1454 ρωθείσης
542 1398 617 1452 τῆς
654 1396 800 1452 εύχῆς,
847 1397 1066 1439 ἐπιδίδωσι
1093 1394 1192 1445 τούς
1218 1394 1370 1452 κηρούς
1396 1398 1456 1454 τῷ
1480 1398 1732 1453 πριμικηρίῳ

296 1462 380 1505 εἴτε
406 1464 464 1521 τῷ
493 1462 707 1521 ὄστιαρίῳ,
739 1462 811 1505 καί
836 1463 1194 1515 οἷποσκεπάζουσιν
1218 1461 1257 1504 οἳ
1286 1460 1479 1505 δεσπόται
1505 1462 1552 1504 τὸ
1590 1459 1786 1518 μαφό-αο

297 1545 387 1585 ριον
410 1531 484 1584 τῆς
511 1525 762 1585 αὖγούστης,
792 1529 864 1571 καί
882 1527 1168 1583 λαμβάνουσιν
1197 1527 1303 1570 αύτὸ
1332 1527 1371 1570 οἷ
1397 1524 1732 1583 κουβικουλάριοι

298 1595 520 1646 ἆπλοῢντες
546 1591 649 1637 αὗτὸ
689 1594 871 1652 γύροθεν
897 1591 1037 1650 αὐτῆς.
1092 1592 1166 1636 καὶ
1190 1592 1393 1648 λαμβάνει
1420 1591 1442 1635 ὅ
1470 1590 1734 1649 πατριάρχης

298 1659 373 1717 τήν
397 1658 598 1716 χλαμύδα
627 1663 700 1703 καί
723 1662 941 1703 ἐπιδίδωσι
969 1666 1054 1710 τοῖς
1077 1659 1309 1712 δεσπόταις,
1335 1659 1409 1702 καί
1431 1654 1591 1708 εὗθέως
1617 1674 1735 1714 περι-

297 1728 486 1770 τιθέασιν
514 1725 552 1769 οῖ
584 1725 782 1770 δεσπόται
808 1726 883 1784 τὴν
902 1724 1103 1782 χλαμύδα
1141 1729 1194 1784 τῇ
1222 1724 1452 1783 αὖγούστῃ,
1480 1725 1554 1768 καί
1575 1721 1734 1782 φιβλαὶ-

394 1842 447 1876 13.
480 1840 682 1888 στιχάριον
703 1838 903 1886 βασιλικὸν
921 1840 976 1874 ed.

299 1954 339 1977 so
364 1948 500 1977 secreto
527 1943 702 1986 adstante,
728 1943 1006 1976 cerimoniarius
1023 1947 1059 1976 et
1084 1942 1247 1988 quinque
1271 1940 1334 1975 alii
1359 1940 1558 1975 silentiarii'
1573 1944 1658 1985 post
1680 1949 1738 1972 se-

301 1996 437 2024 cretum
460 1990 504 2024 ab
530 1996 683 2036 utroque
708 1991 820 2023 latere
844 1990 994 2030 intrant,
1019 1989 1193 2034 signoque
1218 1988 1263 2021 ab
1285 1989 1504 2033 Imperatore
1529 1985 1735 2030 praeposito

302 2036 399 2077 dato,
424 2037 458 2070 S.
484 2036 659 2082 Stephani
696 2037 869 2081 templum
893 2035 1164 2081 ingrediuntur:
1199 2027 1285 2068 {unc
1307 2033 1510 2079 patriarcha
1532 2033 1740 2073 accersitur,

303 2089 346 2117 ut
368 2082 414 2115 ad
441 2089 650 2128 augusteum
673 2085 818 2117 veniat:
853 2093 924 2128 quo
949 2082 1044 2115 facto
1060 2106 1069 2122 ,
1102 2081 1247 2114 Domini
1270 2086 1418 2125 surgunt
1441 2089 1593 2124 eumque
1618 2079 1736 2111 susci-

301 2130 417 2175 piunt.
465 2131 548 2163 Post
571 2129 719 2164 thronos
746 2129 998 2174 Imperatorios
1026 2128 1281 2162 antimensium
1306 2133 1390 2167 stat,
1415 2127 1454 2162 in
1476 2137 1548 2172 quo
1575 2125 1735 2170 chlamys

304 2177 538 2220 Imperatoria
565 2177 672 2218 iacet,
696 2175 742 2209 ad
767 2174 864 2222 quod
889 2186 969 2208 cum
996 2173 1199 2219 patriarcha
1225 2174 1384 2214 accessit,
1411 2174 1609 2217 Imperator
1631 2183 1738 2217 prae-

305 2222 425 2268 posito
451 2225 591 2269 signum
615 2223 687 2263 dat,
713 2228 749 2256 et
773 2224 910 2256 intrant
934 2221 1095 2266 episcopi
1119 2226 1157 2254 et
1183 2220 1300 2254 clerus
1325 2220 1455 2253 secreti
1477 2218 1739 2263 patriarchalis,

305 2273 343 2303 et
368 2281 388 2302 a
410 2274 508 2316 tergo
544 2269 771 2315 Imperatorii
808 2269 936 2302 secreti
966 2267 1010 2300 ad
1046 2267 1180 2312 apsidis
1212 2272 1351 2312 partem
1375 2267 1586 2300 consistunt.
1635 2266 1739 2298 Tunc

305 2315 472 2350 mandato
497 2317 719 2362 Imperatoris
742 2316 966 2361 praepositus
991 2313 1181 2359 Augustam
1195 2338 1204 2354 ‚
1226 2319 1367 2358 praeter
1391 2312 1582 2346 maforium
1605 2316 1740 2346 vestem

306 2361 523 2404 adstrictam,
549 2375 654 2410 quam
680 2362 886 2396 sticharium
911 2362 1184 2406 Imperatorium
1209 2365 1354 2402 vocant,
1383 2365 1589 2406 gestantem,
1615 2369 1678 2404 per
1702 2358 1736 2391 S.

251 2414 253 2416 ’
307 2408 484 2455 Stephani
509 2411 684 2456 porticum
710 2408 755 2442 ad
781 2413 1012 2454 augusteum,
1055 2419 1134 2440 cum
1172 2412 1276 2440 antea
1301 2408 1340 2440 in
1370 2407 1536 2441 cubiculo
1571 2405 1738 2439 interiori

308 2457 489 2502 octauguli
515 2457 664 2497 fuisset,
687 2457 731 2490 ad
756 2455 930 2488 nominos
953 2453 1075 2494 ducit,
1111 2459 1148 2488 et
1172 2455 1292 2487 statim
1319 2452 1523 2499 patriarcha
1547 2462 1670 2498 preces
1699 2452 1739 2484 in

307 2502 529 2547 chlamydem
557 2505 695 2538 recitat.
741 2502 829 2548 (Π.)
854 2503 1016 2542 Interea,
1041 2500 1126 2534 dum
1149 2500 1352 2546 patriarcha
1376 2505 1559 2546 precatur,
1582 2499 1739 2543 Augusta

309 2561 430 2592 cereos
459 2551 591 2591 sumit,
618 2557 653 2584 et
674 2549 840 2596 precibus
866 2548 976 2582 finitis
992 2573 1001 2588 ,
1027 2558 1087 2581 eos
1111 2548 1317 2592 primicerio
1341 2559 1403 2581 seu
1429 2546 1578 2581 ostiario
1603 2544 1737 2578 tradit:

306 2596 456 2630 Domini
481 2597 671 2630 masor-ium
693 2599 868 2642 Augustae
895 2600 1049 2636 exuunt,
1084 2593 1183 2640 quod
1208 2595 1421 2628 cubicularii
1445 2597 1590 2627 sumunt
1613 2595 1650 2624 et
1673 2591 1740 2624 cir-

309 2653 350 2676 ca
383 2644 496 2688 ipsam
530 2645 753 2688 complicant.
809 2640 1009 2675 patriarcha
1041 2651 1125 2674 vero
1165 2640 1386 2686 chlamydem
1415 2639 1579 2674 Dominis
1615 2636 1739 2678 tradit,

312 2700 383 2735 qua
407 2690 526 2725 statim
550 2691 746 2739 Augustam
771 2689 946 2731 iuduunt,
977 2688 1262 2734 ipsiquevfibulis
1294 2699 1372 2724 eam
1400 2689 1636 2730 conucctunt5
1678 2682 1740 2717 hic
