1878 3112
309 118 417 187 540
589 140 958 182 CONSTANTmr
984 142 1465 186 PORPHYROGEMTI
1520 149 1533 157 ’

283 237 407 297 ,αὕτη
437 237 463 295 ἦ
492 238 610 289 πόλις
637 239 709 282 καί
735 240 788 282 τά
817 243 917 297 περὶ
943 242 1072 299 αὐτὴν
1109 245 1242 287 πάντα
1269 247 1342 302 τῆς
1366 246 1541 303 χάριτος
1566 247 1640 288 καί
1663 247 1739 288 toi:

303 303 512 358 ἁγιασμοῦ
539 308 835 360 πληρωθῶσιν,
877 310 1006 363 μέχρι
1033 311 1107 364 τῆς
1136 309 1185 364 ιγ’
1214 312 1290 352 τοῦ
1317 311 1570 366 Αὐγούστου
1596 310 1742 366 μηνός.

301 370 346 409 ἐν
374 369 481 425 αὐτῇ
521 368 600 425 γάρ
633 373 685 427 τῇ
714 370 762 425 ιγ’
793 374 868 414 τοῦ
897 371 1029 415 αὐτοῦ
1061 373 1192 430 μηνὸς
1220 378 1335 431 πρωῒ
1357 378 1588 433 εἰσέρχεται
1609 378 1654 419 ἐν
1679 376 1742 434 τῷ

298 431 399 490 ἱερῷ
411 437 597 491 παλατίῳ
613 437 687 477 καί
711 439 955 493 προτίθεται
984 437 1122 482 ἐπάνω
1150 443 1227 482 τοῦ
1263 443 1431 492 σέντζου
1460 443 1534 483 τοῦ
1562 439 1733 494 imaue-

301 514 372 540 νου
418 499 464 540 ἐν
499 501 556 557 τῷ
589 505 945 562 χρυσοτρικλίνῳ.
1003 504 1042 547 οἱ
1081 507 1127 546 δὲ
1167 505 1393 563 διαιτάριοι
1413 507 1646 560 ’ψάλλουσι
1681 503 1763 549 τάὸ

300 563 465 619 συνήθη
494 569 829 622 σταυρωσίματι,
859 572 932 612 καί
958 572 1146 620 ε’κτενοῦς
1172 574 1386 627 γινομένης
1411 570 1494 614 ὑπὸ
1524 574 1600 614 τοῦ
1626 587 1742 626 πρω-

111 629 468 671 Εᾱ.ι.3ι2τοπάπα
496 632 570 685 τῆς
589 631 775 689 Δάφνης,
811 635 1079 678 ἅποδίδουσιν
1102 636 1179 692 τὴν
1204 636 1346 693 εὔχὴν,
1375 639 1638 693 στερεοῦντες
1665 653 1742 678 κα-

303 694 352 737 τά
388 694 432 737 τὸ
474 697 647 747 εἰωθός.
701 700 775 741 καί
811 703 970 751 εὐθέως
994 701 1213 758 αἰρόμενος
1250 703 1274 744 ὅ
1302 702 1482 759 σταυρὸς
1508 702 1633 745 πάλιν
1659 701 1742 744 ὖπὸ

304 763 382 803 τοῦ
399 765 556 805 παπίου
579 763 652 806 καί
669 764 967 820 ὅψικευόμενος
986 767 1066 810 ὖπὸ
1095 770 1172 811 τοῦ
1190 769 1447 824 πρωτοπάπα
1466 769 1540 824 τῆς
1567 767 1744 824 Δάφνης

301 829 379 869 καί
417 830 499 870 ταῖν
535 830 782 886 ὃιαιταρίων
824 835 1087 889 περιέρχεται
1125 833 1308 888 ἁγιάζων
1342 832 1439 883 τούς
1476 849 1519 875 τε
1547 833 1796 881 κοιτῶναςιο

302 895 378 936 καί
414 890 528 936 ἅπαν
565 893 611 936 τὸ
653 898 883 939 παλάτιον.
939 901 1012 940 καί
1048 896 1130 941 εἶθ’
1172 897 1303 948 οὕτως
1343 898 1590 941 ἀποτίθεται
1617 899 1662 939 ἐν
1687 899 1747 954 τῷ

114 955 512 1018 Με.ι83.1)εὖκτηρίφ
539 963 617 1002 τοῦ
645 961 765 1016 ἁγίου
797 964 1043 1020 Θεοδώρου,
1090 967 1163 1006 καί
1187 966 1239 1022 τῇ
1275 962 1430 1023 ἑσπέρᾳ
1457 966 1642 1020 εἰσφέρει
1669 962 1748 1004 αὖ·

306 1023 377 1067 τὸν
411 1024 439 1067 ὅ
477 1025 634 1076 παπίας
676 1026 749 1069 καί
785 1028 808 1070 ὁ
847 1030 1036 1085 δεύτερος
1057 1032 1117 1079 εἰς
1142 1028 1215 1072 τὸν
1243 1030 1390 1084 Φάρον
1410 1062 1422 1083 ,
1451 1026 1749 1085 παραδιδόντες

308 1089 440 1133 αὐτὸν
468 1094 526 1149 τῷ
553 1093 846 1149 σκευοφόλακι,
876 1097 948 1136 καί
975 1097 1027 1152 τῇ
1055 1097 1198 1148 ἕωθεν,
1227 1098 1460 1149 ψάλλοντος
1485 1096 1561 1137 τοῦ
1589 1089 1747 1149 ὄρθρου

309 1158 450 1211 τρι-’την
469 1154 496 1212 ἢ
515 1156 586 1199 καί
602 1161 719 1213 ἕκτην
737 1158 859 1217 ᾠδὴν,
881 1162 1193 1213 ἑκμασσομένου
1213 1159 1328 1216 παρά
1337 1177 1382 1203 τε
1401 1162 1476 1203 τοῦ
1486 1156 1798 1215 πρωτοπάπαιό

310 1223 383 1263 καί
407 1223 482 1263 τοῦ
508 1223 837 1279 σκευοφύλακος,
867 1223 1111 1267 ἀποτίθεται
1138 1227 1182 1267 ἐν
1208 1228 1265 1284 τῷ
1293 1224 1392 1282 ἱερῷ
1419 1224 1750 1280 σκευοφυλακίῳ.

277 1288 358 1329 Βεί
385 1288 432 1328 δὲ
473 1289 518 1329 ἐν
545 1290 744 1344 δευτέρας
782 1288 892 1348 λάχῃ
920 1289 946 1346 ἦ
974 1289 1118 1346 πρώτη
1153 1293 1231 1332 τοῦ
1268 1290 1543 1345 Αὐγούστου,
1589 1289 1750 1345 ὄφειλει

311 1353 558 1408 ἐξέρχεσθαι
583 1356 634 1411 τῇ
664 1349 839 1398 ὄπισθεν
867 1357 1066 1413 κυριακῇ,
1095 1350 1221 1412 ἤγουν
1248 1354 1327 1411 πρὸ
1354 1355 1388 1411 η’
1417 1355 1583 1411 ἡμερῶν
1609 1355 1683 1408 τῆς
1709 1351 1747 1394 α’

309 1417 387 1458 τοῦ
411 1417 691 1472 Αὐγούστου.
744 1421 785 1462 εἰ
811 1421 857 1462 δὲ
889 1422 936 1463 ἐν
962 1423 1078 1478 τρίτῃ
1107 1418 1216 1479 λάχῃ
1243 1421 1268 1475 ἢ
1308 1419 1448 1476 πρώτη
1474 1421 1551 1462 τοῦ
1575 1417 1751 1472 Αὐγού-

311 1498 427 1537 στου,
457 1484 618 1540 ὅφείλει
644 1485 893 1540 ἐξέρχεσθαι
921 1487 1027 1543 αὐτῇ
1053 1487 1103 1543 τῇ
1131 1487 1309 1543 κυριακῇ
1336 1487 1410 1541 τῆς
1437 1483 1594 1541 τρίτης,
1623 1479 1801 1538 ἦγοννῖῠ

312 1546 391 1605 πρὸ
426 1548 502 1591 δύο
530 1549 700 1606 ἡμερῶν
726 1552 799 1605 τῆς
828 1550 864 1593 α’
891 1552 966 1593 τοῦ
991 1549 1257 1606 Αὐγούστου.
1311 1551 1351 1593 εἰ
1377 1550 1423 1593 δὲ
1452 1551 1497 1592 ἐν
1524 1547 1559 1591 δ’
1586 1546 1693 1605 λάχῃ
1720 1547 1747 1603 ἦ

409 1673 460 1707 ¹9·
486 1660 509 1704 ἤ
531 1661 658 1708 πρώτη
683 1663 725 1709 τῇ
755 1667 791 1697 et
815 1663 870 1696 ed.

313 1750 414 1785 urhis
443 1762 563 1784 muros
589 1751 669 1784 obit
692 1757 803 1797 atque
828 1752 1044 1794 sanctificat3
1086 1762 1159 1798 quo
1187 1756 1224 1786 et
1248 1753 1325 1797 ipsa
1349 1752 1433 1784 urbs
1465 1755 1503 1784 et
1538 1750 1573 1784 ei
1597 1749 1751 1783 circnm-

314 1798 408 1831 iecta
436 1799 548 1843 gratia
574 1803 611 1832 et
626 1799 912 1831 sanctificatione
930 1799 1159 1844 impleantur.
1208 1798 1276 1832 Illa
1292 1796 1414 1832 Crucis
1439 1795 1556 1831 obitio
1580 1795 1750 1828 continu-
1809 1824 1811 1826 ,

311 1849 353 1877 at
383 1855 498 1891 usque
523 1844 569 1877 ad
601 1845 696 1878 diem
722 1846 869 1889 Augusti
911 1847 1043 1879 mensis
1068 1845 1243 1879 decimam
1275 1846 1432 1878 tertiam.
1478 1844 1529 1877 Ea
1563 1842 1660 1877 enini
1691 1840 1749 1874 die

312 1901 418 1924 mane
435 1891 530 1924 redit
543 1892 581 1923 in
606 1902 743 1924 sacrum
762 1891 936 1936 palatium
948 1918 956 1931 ‚
975 1897 1012 1925 et
1031 1892 1247 1936 proponitur
1262 1901 1369 1935 super
1387 1901 1492 1924 senzo
1509 1886 1562 1936 [id
1579 1893 1635 1922 est
1652 1898 1750 1921 sessu

310 1938 382 1982 νεὶ,
407 1936 560 1984 throno]
576 1962 585 1978 ‚
610 1939 673 1983 qui
706 1943 775 1971 stat
808 1938 847 1971 in
877 1937 1161 1982 chrysotriclino.
1209 1937 1386 1971 Diaetarii
1410 1937 1456 1970 ad
1471 1936 1560 1968 haec
1580 1938 1751 1967 consueta

312 1984 562 2018 staurosimata
596 1994 658 2016 seu
683 1985 839 2028 troparia
857 1985 895 2016 in
914 1985 1058 2018 laudem
1095 1984 1207 2018 crucis
1239 1989 1392 2024 canunt,
1433 1983 1599 2027 factaque
1623 1985 1752 2014 exten-

311 2041 351 2062 sa
376 2040 396 2061 a
415 2031 811 2075 protopapa‚Daphnae
827 2030 965 2065 addunt
981 2031 1051 2075 ipsi
1073 2029 1541 2073 benedictionem,figentes
1563 2037 1627 2072 pro
1648 2037 1750 2060 more

315 2075 371 2123 [id
395 2082 461 2116 est,
483 2082 652 2111 voventes
671 2082 840 2120 concepta
863 2084 1106 2122 consuetaque
1131 2076 1305 2116 formula,
1329 2075 1418 2108 velit
1437 2076 1533 2108 Deus
1554 2077 1591 2106 et
1608 2071 1748 2112 urbem,

312 2121 405 2155 etin
423 2132 463 2155 ea
483 2123 516 2155 S.
543 2123 692 2156 Crucem
708 2147 717 2163 ,
745 2115 918 2165 στερεὰν,
944 2123 1047 2156 fixam
1062 2148 1071 2163 ‚
1095 2121 1318 2154 immobilem
1350 2121 1523 2166 nullaque
1543 2119 1748 2153 calamitate

310 2167 579 2213 percellendum
605 2167 851 2215 esseiubere1.
899 2169 943 2201 Et
957 2169 1120 2212 protinus
1144 2179 1263 2200 rursus
1277 2167 1457 2200 attollitur
1482 2165 1609 2198 Cruxa
1630 2165 1752 2211 papia,

314 2215 594 2259 circumlataque
621 2216 660 2247 in
685 2214 860 2260 obsequio
885 2220 1105 2260 protopapae
1129 2213 1298 2257 Daphnes
1331 2218 1368 2245 et
1392 2211 1646 2246 diaetariorum
1670 2212 1752 2246 obit

314 2266 425 2306 atque
449 2261 652 2294 sanctificat
676 2259 840 2293 cubicula
865 2261 993 2305 palatii
1028 2261 1218 2305 ipsumque
1256 2264 1405 2303 totum„
1432 2259 1609 2302 Deinceps
1637 2257 1751 2303 depo-

314 2307 415 2339 nitur
440 2307 479 2340 in
503 2307 661 2340 oratorio
696 2307 729 2340 S.
756 2306 950 2340 Theodori.
1012 2307 1085 2340 Sub
1110 2316 1293 2350 vesperam
1313 2305 1424 2338 infert
1460 2315 1538 2337 eam
1560 2306 1686 2349 papias
1713 2308 1751 2337 ct

316 2352 489 2386 deuterus
522 2354 560 2385 in
586 2353 758 2394 Pharum,
805 2353 868 2385 ubi
901 2352 1153 2398 sceuophylaci
1193 2362 1255 2384 seu
1291 2351 1429 2385 custodi
1470 2361 1637 2385 vasorum
1672 2360 1750 2383 eam

316 2398 476 2432 tradunt.
526 2399 647 2433 Altero
682 2409 786 2432 mane
817 2399 982 2439 tandem,
1017 2399 1102 2432 dum
1135 2403 1298 2432 cantatur
1335 2398 1553 2430 matutinum
1575 2396 1750 2436 officium,

315 2445 412 2478 circa
436 2446 581 2479 tertiam
616 2450 678 2479 aut
709 2450 745 2477 et
769 2451 904 2479 sextam
927 2445 1044 2486 odam,
1070 2451 1209 2478 extersa
1237 2450 1272 2477 et
1290 2449 1477 2490 repurgata
1503 2443 1598 2476 Crux
1621 2450 1650 2475 a‘
1665 2453 1751 2486 pro-

314 2498 451 2536 topapa
469 2497 506 2524 et
522 2491 779 2536 sceuophylacc
796 2493 984 2536 reponitur
1007 2502 1128 2524 rursus
1146 2491 1184 2522 in
1202 2501 1299 2522 sacro
1314 2489 1600 2535 sceuophylacio.
1623 2486 1751 2532 Quod-

316 2538 350 2570 si
368 2546 454 2571 vero
472 2537 643 2571 calendae
666 2539 798 2570 mensis
822 2539 974 2582 Augusti
998 2538 1037 2571 in
1057 2537 1248 2570 secundam
1276 2537 1403 2569 feriam
1421 2535 1602 2574 incidant,
1631 2534 1750 2566 efferri

320 2583 432 2616 debet
459 2595 556 2617 sacra
580 2595 666 2617 crux
689 2584 891 2629 penultima
912 2590 1007 2617 retro
1038 2583 1096 2617 die
1122 2583 1302 2616 dominica
1347 2594 1410 2615 seu
1433 2587 1556 2616 octavo
1590 2579 1650 2613 die
1665 2583 1750 2612 ante

319 2631 486 2663 calendas
520 2630 680 2675 Augusti.
739 2630 777 2664 Si
791 2641 897 2674 porro
927 2631 1012 2663 illae
1043 2629 1213 2663 calendae
1236 2631 1273 2662 in
1298 2629 1424 2662 seriam
1450 2627 1592 2661 tertiam
1610 2636 1673 2658 seu
1693 2624 1750 2657 di-

316 2687 378 2709 em
407 2677 533 2710 Martis
566 2676 751 2718 incidant,
784 2676 894 2710 debet
919 2678 953 2711 S.
983 2678 1078 2710 Crux
1111 2676 1235 2709 ‘efferri
1263 2676 1339 2720 ipsa
1358 2675 1422 2707 ina
1457 2674 1516 2706 die
1549 2671 1749 2709 dominica,

322 2733 416 2767 quae
438 2724 538 2757 illam
577 2723 722 2757 tertiam
752 2722 879 2756 feriam
906 2724 1067 2769 proxime
1093 2722 1296 2763 antecedit,
1321 2721 1389 2755 hoc
1413 2726 1466 2754 est
1499 2717 1656 2754 secundo
1689 2716 1751 2749 die
