1878 3112
298 140 370 180 DE
416 135 671 180 OEnmoN.
709 134 887 178 AULAE
922 135 1145 180 nYzAN’r.
1169 138 1224 178 11.
1258 139 1300 183 7.
1433 119 1544 194 537

120 241 197 281 τοῦ
222 236 484 295 πατριάρχου
511 239 853 295 προσφερόμενα,
882 238 955 280 καί
980 237 1171 294 αἴρουσιν
1195 233 1276 280 cin&
1304 238 1387 280 τῶν
1412 238 1544 281 ἐκεῖσε

119 302 192 358 τὴν
219 302 354 359 λιτὴν,
383 302 612 358 ψάλλοντος
646 306 721 345 τοῦ
749 305 900 359 κλήρου
937 302 984 345 τὸ
1040 303 1172 356 ,,δόξα
1201 306 1285 357 σοι’,
1325 305 1484 358 Χριστὲ
1517 302 1542 345 ὅ

122 366 262 419 Θεός.”
315 372 398 412 τῶν
426 371 472 411 δὲ
501 370 710 410 δεσποτῶν
739 370 1019 422 ἐξερχομένων
1047 367 1092 411 τὸ
1115 370 1252 423 βῆμα,
1281 366 1542 422 λαμβάνωσι

116 431 232 489 παρὰ
260 437 343 476 τῶν
381 433 662 490 πραιποσίι-ων
698 433 820 488 κηρία
859 435 1090 487 λιτανίκια,
1137 437 1210 476 καί
1238 430 1327 487 ἅμα
1356 435 1435 475 τοῦ
1459 451 1542 475 πα-

90 496 319 554 5τριιίρχου
355 498 618 540 λιτανεύουσι
644 500 772 554 μέχρι
799 500 880 540 ταῖν
906 498 1036 554 ἁγίων
1063 498 1255 552 πάντων,
1296 498 1368 540 καί
1393 501 1465 554 τῆς
1492 494 1544 540 οἷ-

113 563 335 612 κολουθίας
369 565 451 605 τῶν
487 560 683 614 ἁνοίξεων
717 565 1002 618 τελεσθείσης,
1038 558 1166 619 ἤγουν
1193 566 1276 605 τῶν
1302 566 1517 618 ε’γκαινάυν
1525 578 1616 617 ,Μ,,
1631 579 1738 617 132,b

112 628 367 670 εἶσοδεύουσι
406 627 479 669 καί
511 630 770 684 εἰσέρχονται
796 630 841 671 ἐν
866 630 923 686 τῷ
959 627 1140 682 βήματι,
1179 629 1321 678 καθώς
1357 630 1382 686 ἦ
1411 629 1539 685 συνή-

110 695 210 734 θεια
236 690 348 747 ἔχει,
376 693 447 734 καί
471 689 553 734 ἀπὸ
582 695 663 735 τῶν
689 695 820 735 ἐκεῖσε
848 693 918 735 διὰ
945 696 1019 736 τοῦ
1046 692 1149 749 πρὸς
1176 693 1379 749 ἀνατολήν
1407 697 1543 747 δεξιοῦ

109 759 264 812 μέρους
289 759 548 812 εἰσέρχονται
574 759 620 800 ἐν
643 759 700 816 τῷ
725 755 924 817 εὔκτηρίῳ
961 760 1034 813 τῆς
1070 759 1197 814 αὐτῆς
1223 760 1438 814 ἐκκλησίας
1463 763 1541 803 τοῦ
1550 772 1578 805 Β

63 822 231 875 Ξοὰγίου
257 821 472 878 μάρτυρος
497 824 703 877 Λέοντος,
742 824 904 866 κάκεῖσε
931 823 1002 867 dui
1028 827 1103 879 τῆς
1136 826 1304 880 τρίσσης
1331 824 1438 879 μετὰ
1464 828 1546 870 τῶν

112 889 249 942 κηρῶν
285 889 602 943 προσκυνήσεως
630 886 1007 945 οἷπευχαριστοῧσιν
1031 891 1090 947 τῷ
1119 890 1212 947 Θεῷ
1227 923 1239 943 ,
1277 890 1350 932 καὶ
1387 889 1545 942 εὖθέως

112 952 475 1008 ἅποχαιρετίζουσι
499 953 571 996 τόν
608 954 902 1011 πατριάρχην,
940 957 1088 998 τοῦτον
1125 952 1419 1009 ἆσπαζόμενοι.
1473 957 1547 999 καὶ

111 1015 134 1058 ὅ
161 1019 239 1070 μὲν
265 1017 527 1075 πατριάρχης
555 1015 782 1075 ἀπέρχεται
820 1021 880 1069 εἰς
909 1020 1011 1070 τούς
1039 1018 1180 1075 ἁγίους
1206 1022 1376 1072 πάντας.
1431 1021 1470 1064 οἱ
1497 1024 1546 1066 δὲ

111 1081 307 1124 δεσπόται
336 1081 406 1124 διὰ
434 1086 509 1125 τοῦ
539 1082 655 1126 ἔνδον
681 1087 755 1127 τοῦ
783 1084 968 1139 βήματος
1003 1085 1171 1128 κυκλίου
1201 1086 1457 1142 ἀπέρχονται
1484 1089 1544 1138 εἷς

62 1145 158 1190 15τό
189 1147 405 1203 ειῖκτήριον
440 1151 514 1203 τῆς
549 1144 681 1203 ἁγίας
711 1149 784 1191 καί
812 1151 1027 1203 βασιλίδος
1071 1153 1324 1208 Θεοφανοῦς.
1380 1153 1544 1195 :edutos

108 1211 422 1254 ἀπαλλάσσουσι
448 1212 500 1255 τοὶ
525 1217 749 1268 χλανίδια,
790 1217 862 1257 καί
887 1217 1136 1266 καθέζονται
1174 1214 1438 1271 ἐκδεχόμενοι
1463 1216 1580 1272 τῆνο

106 1279 182 1318 τοῦ
209 1276 328 1331 ἁγίου
363 1274 603 1332 εὐαγγελίου
641 1279 885 1334 α’νάγνωσιν.
941 1283 1018 1322 τοῦ
1057 1283 1102 1324 δὲ
1140 1281 1258 1335 ἁγίου
1298 1284 1541 1336 εὐαγγελίου

104 1343 324 1394 μέλλοντος
351 1343 718 1397 ἀναγινώσκεσθαι,
746 1347 983 1401 ἐξέρχονται
1015 1344 1098 1397 ἔξω
1126 1349 1203 1387 τοῦ
1235 1343 1367 1389 αὖτοῦ
1393 1348 1542 1403 εὕκτη-

105 1408 224 1462 ρίου,
260 1410 332 1450 καί
356 1410 544 1451 ἵστανται
569 1408 686 1452 ἔνδον
712 1414 788 1452 τοῦ
824 1413 955 1453 ἐκεῖσε
992 1411 1366 1466 ἅποκρεμμαμένου
1408 1411 1538 1466 βήλου

55 1472 164 1522 ιοῶς
189 1471 292 1528 πρὸς
318 1472 363 1515 τὸ
389 1476 530 1528 βῆμα,
571 1477 643 1516 καί
676 1478 888 1518 ποιοῦνται
922 1474 998 1531 τὴν
1024 1478 1101 1517 τοῦ
1136 1475 1255 1530 ἁγίου
1295 1473 1536 1529 εὐαγγελίου

108 1535 306 1592 ἀκρόασιν
314 1571 326 1590 ,
366 1539 436 1580 καί
461 1538 568 1592 μετὰ
596 1538 672 1594 τῆν
699 1543 906 1586 τελείωσιν
934 1543 1011 1582 τοῦ
1038 1540 1157 1594 ἁγίου
1183 1541 1421 1594 εὐαγγελίου
1451 1541 1538 1582 εἶσ-

107 1605 301 1659 έρχονται
325 1602 448 1645 πάλιν
473 1605 517 1646 ἐν
554 1606 613 1662 τῷ
642 1601 755 1662 αὐτῷ
783 1605 984 1663 εὖκτηρίῳ
1013 1608 1088 1661 τῆς
1127 1605 1246 1659 ἁγίας
1278 1605 1534 1662 Θεοφανοῦς,

104 1740 166 1769 tur
191 1735 515 1781 supplicabundam
540 1739 826 1782 processionem,
858 1738 953 1772 clero
978 1743 1130 1772 canente
1151 1738 1264 1772 illud:
1294 1739 1423 1774 Gloria
1447 1739 1532 1781 tibi,

108 1783 247 1817 Christe
270 1783 382 1820 Deus.
426 1783 575 1817 Domini
601 1784 669 1817 hac
692 1785 730 1818 in
751 1786 981 1829 processione
1015 1796 1034 1818 e
1058 1786 1200 1818 bemate
1227 1785 1449 1829 egredientes
1474 1797 1535 1819 ao-

105 1828 246 1872 cipiunt
271 1840 291 1861 a
312 1830 527 1874 praepositis
553 1841 672 1864 cereos
710 1832 1016 1876 processionales,
1050 1837 1086 1864 et
1110 1833 1179 1872 sic,
1204 1832 1397 1866 comitante
1419 1832 1535 1877 patri-

102 1874 228 1915 archa,
260 1876 461 1920 procedunt
503 1882 687 1909 cantantes
713 1878 863 1924 Deoque
896 1879 1139 1923 supplicantes
1174 1889 1289 1924 usque
1327 1878 1373 1911 ad
1405 1879 1534 1912 aedem

102 1921 313 1954 Sanctorum
338 1923 520 1966 omnium3
546 1922 611 1955 ubi
642 1928 726 1967 post
762 1929 947 1968 peractum
972 1935 1158 1958 anoexeon
1183 1935 1245 1957 seu
1284 1925 1533 1969 apertionum,

100 1966 170 2007 vel,
195 1967 293 2013 quod
320 1967 416 2000 idem
441 1974 506 2010 est,
531 1970 784 2002 encaeniorum
807 1969 973 2011 officium,
1000 1971 1053 2019 [id
1076 1976 1131 2003 est
1152 1975 1235 2016 post
1261 1970 1373 2004 dictas
1394 1982 1532 2016 preces,

102 2023 196 2058 quae
219 2013 258 2044 in
283 2014 468 2047 annuatim
492 2016 696 2049 renovanda
725 2015 910 2049 dedicatae
923 2018 1028 2050 istius
1054 2016 1152 2050 aedis
1176 2018 1349 2049 memoria
1374 2017 1446 2050 dici
1470 2027 1531 2051 so-

101 2058 199 2099 lent,
227 2065 264 2094 et
285 2071 351 2105 per
372 2072 460 2107 quas
483 2062 620 2095 nemini
651 2061 698 2095 ad
721 2063 876 2095 clausam
900 2063 1026 2096 aedem
1059 2063 1178 2096 aditus
1213 2062 1341 2110 patet,]
1367 2063 1532 2098 inserunt

101 2105 255 2150 pedem,
280 2113 317 2140 et
339 2107 616 2151 progrediuntur
637 2109 676 2141 in
700 2111 777 2143 eius
802 2109 900 2142 aedis
925 2110 1047 2150 bema,
1070 2115 1180 2155 prout
1203 2121 1279 2142 mos
1305 2115 1378 2152 est;
1403 2115 1442 2143 et
1466 2121 1530 2143 ex-

102 2150 188 2182 inde
211 2163 276 2195 per
301 2152 458 2186 dextram
478 2153 670 2187 tribunalis
696 2155 908 2189 orientalem
928 2157 1069 2201 plagam
1094 2157 1230 2188 intrant
1253 2157 1292 2189 in
1316 2157 1528 2198 oratorium,

102 2196 201 2240 quod
224 2197 359 2231 ibidem
385 2205 461 2240 est,
487 2201 520 2234 S.
544 2201 673 2233 Leonis
687 2202 872 2244 Martyris,
899 2208 936 2235 et
958 2205 1053 2245 trina
1076 2214 1156 2235 cum
1180 2203 1290 2235 cereis
1314 2202 1528 2235 adoratione

100 2241 218 2274 Deum
245 2243 297 2275 ibi
327 2247 510 2286 venerati,
537 2249 702 2291 protinus
732 2247 940 2282 valedicunt
971 2255 1007 2283 et
1031 2249 1192 2282 osculum
1223 2249 1321 2293 pacis
1347 2249 1435 2281 dant
1457 2259 1526 2292 pa-

105 2287 292 2321 triarchae.
338 2291 382 2323 Et
402 2293 603 2336 patriarcha
620 2293 767 2338 quidem
791 2294 870 2326 abit
893 2295 934 2327 in
962 2295 1087 2328 aedem
1106 2295 1316 2328 Sanctorum
1342 2295 1524 2328 omnium:

100 2333 248 2367 Domini
277 2339 396 2369 autem
435 2348 501 2383 per
530 2339 731 2380 cochleam,
764 2351 856 2385 quae
879 2345 934 2373 est
961 2342 1055 2375 intra
1080 2341 1208 2380 bema,
1233 2340 1369 2373 abeunt
1392 2339 1438 2372 ad
1461 2350 1526 2373 eu-

102 2379 251 2411 cterium
284 2387 426 2415 sanctae
455 2385 692 2429 Imperatr-icis
719 2385 1022 2431 Theophanonis‚
1048 2386 1171 2435 [quod
1202 2392 1257 2419 est
1280 2387 1318 2418 in
1347 2386 1436 2418 aede
1459 2385 1522 2419 SS-

100 2425 379 2474 Apostolorum‚]
406 2428 532 2474 ibique
556 2430 729 2476 depositis
751 2433 895 2472 tunicis,
919 2439 1127 2478 exspectant
1148 2438 1289 2477 tempus
1307 2458 1316 2473 ,
1332 2444 1404 2476 quo
1428 2431 1537 2463 reci-.

101 2471 171 2502 tari
203 2477 362 2505 sanctum
401 2477 623 2520 evangelium
659 2477 776 2511 debet.
823 2479 874 2512 Eo
899 2479 1070 2520 instante,
1106 2484 1240 2512 exeunt
1270 2478 1446 2517 oratorio,
1484 2481 1522 2509 et

101 2521 197 2549 stant
212 2517 306 2550 intra
328 2519 446 2552 velum
470 2521 605 2556 ibidem
632 2534 674 2555 ea
697 2530 819 2567 parte,
851 2535 944 2570 quae
967 2525 1073 2558 bema
1097 2525 1264 2569 respicit,
1290 2533 1523 2566 suspensum,

101 2561 327 2609 audiuntque
354 2564 396 2612 [a
418 2567 561 2601 nemine
588 2571 767 2613 conspecti
826 2570 1018 2603 lectionem
1049 2572 1162 2604 sancti
1204 2569 1391 2612 evangelii.
1438 2568 1522 2613 Qua

102 2610 214 2647 finita,
231 2610 383 2644 redeunt
406 2612 443 2644 in
467 2613 561 2646 idem
585 2621 729 2648 sanctae
750 2618 780 2649 T
808 2616 1030 2660 cophanonis
1055 2617 1265 2654 eucterium,
1289 2615 1414 2660 ibique
1431 2615 1522 2649 resi-

101 2654 226 2687 dentes
251 2656 419 2690 ordinant
448 2659 653 2701 cletorium,
688 2660 749 2707 [id
774 2666 829 2695 est
849 2663 1062 2696 nominatim
1097 2663 1286 2706 designant
1326 2665 1365 2694 et
1406 2672 1427 2694 a
1448 2670 1520 2694 no-

99 2702 316 2743 menclatore
338 2703 440 2737 citari
459 2704 604 2747 iubent,
628 2713 793 2751 quosseo*
815 2707 878 2742 <die
902 2707 972 2742 sibi
994 2709 1122 2745 volunt
1144 2707 1307 2743 convivus
1330 2705 1517 2742 accumbe-
