1832 3112
309 91 471 132 xxxlv
586 89 658 135 10.
698 90 861 136 HENR.
901 86 1098 129 LEICHII
1131 85 1530 129 COMMENTATlo

302 197 419 249 guine
453 202 492 233 et
524 193 751 233 foederibus
780 206 872 231 cum
908 191 1028 230 domo
1062 190 1245 245 Augusta
1268 190 1490 231 coaluere:
1521 204 1585 231 res
1603 196 1743 232 contra

301 250 440 289 ltaliae
472 251 596 303 magis
621 248 888 296 declinarunt,
908 254 948 285 et
973 260 1125 285 novum
1159 253 1297 299 postea
1323 248 1616 286 incrementum
1641 249 1742 288 (ἔα-ἐ

299 319 512 346 manorum
545 304 694 357 gloriae
723 304 896 344 fuerunt.
952 302 1044 355 Ipse
1077 301 1365 340 Constantinus
1395 303 1580 342 secundis
1608 303 1746 343 adver·-

298 363 430 414 sisque
456 362 562 399 iuxta
598 359 770 398 famosus
801 357 904 407 fuit,
939 364 979 396 et
1009 356 1215 395 ademtam
1244 356 1320 395 sibi
1353 364 1591 409 potestatem
1622 372 1743 411 gene-

298 431 390 455 roso
421 418 554 454 animo
579 428 717 468 passus
750 420 808 452 est
822 442 833 463 ,
875 426 967 450 mox
994 419 1196 464 receptam
1227 411 1279 450 ad
1315 419 1480 465 nepotes
1506 415 1742 453 transmisit.

301 472 374 512 His
418 479 551 523 itaque
588 469 801 519 inductus,
843 482 946 521 quae
977 467 1029 505 ad
1063 466 1321 505 illustrandas
1353 467 1438 506 eius
1469 482 1534 507 res
1574 470 1746 508 maxime

298 528 497 579 pertinere
536 526 621 564 visa
657 529 772 572 sunt,
807 537 852 561 ex
880 522 1053 574 antiquis
1082 521 1344 575 scriptoribus
1376 521 1542 576 collegi,
1572 533 1746 577 quorum

248 586 249 589 ’
299 580 537 628 nonnullos,
571 586 640 617 aut
675 578 840 617 libidine
879 576 1131 627 assentandi,
1179 584 1250 615 aut
1277 577 1371 616 odio
1407 578 1599 618 adversus
1630 580 1743 632 prin-

300 638 428 688 cipem
446 665 457 683 ‚
488 633 612 672 multa
642 640 886 672 commentos
919 647 1029 682 esse,
1068 632 1346 673 animadverti.
1405 633 1498 672 Non
1537 633 1751 673 defuerunt

300 704 394 729 sane
425 690 675 728 Constantini
714 688 833 726 rebus
865 687 1042 726 dicendis
1070 687 1216 726 decora
1246 689 1433 740 ingenia;
1461 702 1557 727 nam
1592 695 1631 727 et
1665 690 1748 728 Leo

301 746 613 793 Grammaticus,
643 750 682 781 et
707 744 868 782 Simeon
898 742 1153 795 Logothetes,
1185 749 1224 781 et
1254 743 1472 797 Gregorius
1505 743 1744 797 Monachus,

301 807 340 838 et
372 814 491 852 quem
519 799 561 838 hi
601 799 814 851 praecipue
849 800 972 836 secuti
1008 804 1100 835 sunt
1115 827 1127 847 ,
1165 797 1424 850 Theophanis
1464 800 1718 851 continuator
1733 830 1746 850 ,

301 857 427 894 vitain
467 856 550 893 eius
583 855 752 906 posteris
792 853 1054 892 tradiderunt.
1109 853 1325 891 Praetereo
1359 852 1559 907 Scylitzen
1573 883 1585 904 ,
1614 855 1746 893 Zona-

304 925 390 948 ram
409 939 420 960 ,
454 909 705 958 Cedrenum,
749 909 962 947 oscitantes
998 921 1139 960 saepe,
1182 921 1256 945 nec
1297 908 1382 947 ullo
1412 908 1533 947 modo
1574 911 1749 963 antiquis

303 965 384 1004 illis
417 964 734 1017 comparandos,
763 963 907 1002 deinde
949 964 1112 1001 Latinos
1130 991 1141 1012 ,
1181 963 1502 1015 Luitprandum‚
1543 964 1748 1017 Rhegino-

301 1034 395 1059 nem
414 1049 426 1070 ,
462 1027 614 1058 ceteros
635 1047 647 1068 ,
684 1020 790 1058 veris
829 1018 1031 1071 plurima,
1074 1019 1222 1070 partim
1260 1018 1384 1069 falsa,
1413 1020 1561 1071 partim
1596 1021 1750 1059 ineerta

303 1075 564 1115 admiscentes
582 1103 594 1124 ,
623 1081 710 1112 tum
738 1073 971 1123 orientales,
1003 1072 1249 1125 Eutychium
1284 1081 1324 1112 et
1351 1073 1621 1125 Ehmciuum,
1649 1089 1750 1127 quos

304 1137 399 1167 tunc
439 1129 600 1167 demum
615 1158 628 1181 ,
667 1143 759 1167 cum
796 1142 936 1167 eorum
977 1127 1195 1181 castigandi
1227 1142 1382 1182 errores
1412 1136 1526 1168 erant
1539 1158 1552 1183 ,
1589 1129 1752 1170 adduxi.

303 1184 434 1237 Vale,
464 1185 610 1223 Lector
625 1212 638 1236 ,
669 1191 708 1223 et
736 1183 876 1223 studiis
904 1184 1052 1222 nostris
1083 1182 1218 1222 favere
1244 1198 1377 1238 perge.

877 1370 1186 1408 CONSPECTUS.

397 1438 423 1471 1.
447 1439 685 1476 Constantini
697 1448 869 1486 tempora.
895 1439 1012 1474 Aetas
1024 1440 1088 1474 suh
1098 1440 1281 1474 tutoribus
1291 1448 1387 1474 acta.
1437 1440 1481 1474 Π.
1517 1440 1752 1486 Balgaricum

306 1484 448 1519 bellum.
480 1484 666 1528 Quaedam
687 1499 734 1520 ex
755 1487 911 1532 antiqua
931 1488 1049 1532 gentis
1075 1486 1245 1524 historia.
1302 1486 1363 1520 ΙΙΙ.
1388 1487 1572 1520 Romanus
1593 1488 1753 1534 Lecape-

308 1543 376 1564 nus
389 1531 577 1577 imperium
592 1531 687 1566 adse
709 1534 830 1578 rapit,
846 1534 999 1566 aemulis
1009 1533 1177 1569 sublatis.
1224 1533 1282 1566 lv,
1301 1533 1563 1566 contentiones
1579 1530 1622 1567 de
1636 1546 1755 1580 quar·-

309 1579 357 1610 tis
390 1579 527 1623 nuptiis
557 1580 691 1612 Leonis
727 1587 1004 1625 componuntur.
1051 1579 1094 1612 V.
1129 1581 1210 1614 Pax
1237 1590 1315 1613 cum
1347 1580 1531 1623 Balgaris.
1578 1581 1754 1615 Melitene

310 1624 460 1668 imperio
482 1625 640 1660 adiecta.
687 1626 749 1658 VI.
771 1626 908 1659 Bellum
921 1626 1149 1670 Scythicm,
1167 1627 1411 1670 Ungaricum,
1429 1626 1628 1662 Russicum.
1674 1627 1754 1662 vn.

309 1670 435 1714 Imago
457 1671 644 1706 Edessena
679 1672 1026 1718 Constantinopolin
1050 1673 1285 1716 trarisftrtur.
1338 1672 1430 1704 an
1467 1673 1754 1715 Constantinus,

309 1716 472 1753 Romano
493 1727 527 1752 et
542 1719 629 1751 aliis
645 1719 788 1764 pulsis,
816 1719 1006 1763 imperium
1035 1727 1200 1762 occupat.
1250 1717 1308 1752 lx.
1334 1718 1518 1753 Victoriae
1540 1718 1584 1752 de
1601 1720 1756 1754 Sarace-

311 1762 380 1794 nis.
431 1763 472 1799 X.
497 1763 725 1809 Ungaror'um
743 1767 929 1810 principes
957 1774 992 1799 et
1025 1766 1128 1799 Bassi
1155 1765 1376 1800 Christianis
1400 1765 1518 1799 sacris
1541 1767 1754 1800 initiantur.

310 1807 369 1840 XI.
396 1810 517 1842 Motus
531 1823 598 1854 per
625 1810 837 1844 Calabriam
859 1820 893 1845 et
906 1811 1076 1857 Apuliam
1135 1811 1418 1858 Lorzgobardica
1435 1810 1630 1858 expeditio.
1680 1811 1754 1845 XII.
1820 1811 1823 1826 ³

314 1856 552 1888 Constantini
568 1857 711 1896 obitus,
737 1869 849 1902 opera
865 1858 1017 1902 publica
1030 1883 1040 1899 ,
1062 1858 1243 1900 virtutes,
1269 1860 1379 1893 vitia.

315 1975 628 2044 Constantinus
672 2004 1041 2058 Porphyrogenitus
1061 2034 1072 2054 ,
1124 2006 1271 2044 Leonis
1319 2005 1547 2059 philosophi
1589 2019 1635 2044 ex
1673 2006 1756 2045 Ζοὲ

315 2058 603 2110 Carbinopsina
637 2059 768 2107 filius,
810 2059 866 2098 A.
896 2060 1127 2101 DCCCCV.
1166 2067 1284 2099 natus
1324 2067 1383 2100 est
1404 2090 1416 2111 ,
1458 2075 1539 2114 quo
1573 2067 1756 2114 tempore

316 2119 473 2152 exortus
511 2115 676 2153 crinitae
702 2114 838 2153 stellae
859 2143 870 2164 ,
895 2129 1016 2167 quam
1053 2122 1234 2153 cometen
1255 2123 1426 2166 vocant,
1458 2115 1666 2155 foedarum
1703 2116 1755 2155 de

314 2169 485 2220 imperio
515 2170 813 2208 contentionum
846 2176 885 2207 et
917 2170 1045 2209 civilis
1071 2171 1274 2222 sanguinis
1294 2199 1306 2219 ,
1342 2178 1388 2210 ut
1419 2170 1542 2224 vulgo
1571 2171 1755 2210 credeba-

315 2230 410 2273 tur,
439 2226 712 2277 praesagium,
742 2227 942 2277 apparuit.
1001 2224 1119 2277 Aqua
1145 2224 1300 2264 lustrali
1330 2241 1354 2265 a
1385 2225 1552 2264 Nieolao
1580 2227 1753 2278 patriar-

318 2278 421 2327 cha,
452 2292 499 2316 eo
528 2278 619 2328 die,
649 2293 728 2332 quo
749 2280 972 2318 Servatoris
993 2280 1033 2317 in
1066 2279 1236 2318 Iordane
1263 2279 1386 2319 fluvio
1411 2281 1568 2319 lustrati
1599 2293 1755 2318 memo-

320 2334 380 2371 ria
411 2332 634 2372 celebratur
654 2362 666 2382 ,
707 2334 873 2385 (Graeci
922 2330 1134 2387 θεοφάνια
1169 2337 1360 2387 vocant,)
1400 2335 1563 2374 ablutus
1603 2341 1662 2373 est
1691 2335 1752 2386 1);

321 2401 469 2440 pompa
500 2390 540 2426 in
575 2389 861 2440 expiationibus
889 2391 1115 2442 principum
1148 2389 1337 2442 solennis,
1367 2390 1473 2443 quod
1505 2396 1633 2428 mater
1660 2402 1755 2428 non·
1798 2412 1800 2414 v

323 2442 422 2481 dum
458 2442 639 2496 Augusta
687 2443 884 2496 appellata
930 2452 1031 2483 esset
1068 2445 1098 2495 ²)
1116 2473 1128 2495 ,
1161 2446 1318 2486 omissa.
1387 2446 1640 2485 Iuventutem
1671 2446 1758 2484 eius

376 2540 409 2586 ι)
435 2539 640 2574 Continuat.
678 2538 889 2585 Theophan.
923 2540 962 2572 in
993 2540 1115 2574 Leone
1135 2541 1239 2574 Basil.
1266 2542 1304 2575 F.
1337 2542 1463 2577 xxm.
1488 2554 1525 2588 p.
1557 2545 1637 2582 228.
1680 2524 1757 2583 Les

421 2588 612 2621 Grammat.
637 2598 671 2632 p.
697 2588 777 2633 483.
827 2587 995 2631 Scylitzes
1020 2599 1052 2632 p.
1066 2589 1145 2621 602.
1170 2593 1236 2621 etc.
1331 2594 1370 2628 2)
1396 2591 1575 2634 Augustae
1599 2590 1758 2636 dignitas
1818 2595 1819 2598 ’

420 2633 488 2679 ipsi
515 2640 589 2667 tum
614 2635 770 2679 primum
801 2634 1002 2679 impertita,
1036 2645 1179 2680 unaque
1215 2634 1388 2679 nuptialis
1424 2647 1556 2672 corona
1587 2636 1759 2683 imposita
