1878 3112
290 83 402 149 382
578 101 934 144 coNsTAN‘nNJ
973 100 1456 170 ponpumocmm

287 201 464 253 τούτους
491 200 749 258 εἰσάγεσθαι,
778 197 911 251 εὐθύς
939 201 1071 258 ὁρίζει
1099 199 1122 242 ὅ
1149 204 1221 257 τῆς
1248 203 1458 258 τραπέζης
1478 202 1536 259 τῷ
1564 194 1738 256 ἄρχοντι

286 271 361 324 τῆς
397 271 611 323 θυμέλης,
658 269 731 308 καί
772 266 904 317 αὐτὸς
939 265 1210 322 ἐξερχόμενος
1255 269 1530 323 προτρέπεται
1567 264 1739 316 τούτους

285 336 518 376 εἰσελθεῖν.
575 332 612 373 οἱ
654 333 699 373 δὲ
744 334 963 387 τρέχοντες
1005 336 1078 374 καί
1113 332 1164 374 τὰ
1194 331 1421 389 σκουτάρια
1451 330 1532 374 ὑπὸ
1560 334 1644 373 τῶν
1669 330 1737 372 ὑπ’

287 401 425 441 αὐτῶν
451 400 773 452 βασταζομένων
800 399 980 454 βεργίων
1021 398 1236 448 τύπτοντες
1279 402 1352 440 καί
1392 399 1548 441 κτύπον
1592 398 1739 439 ‹inors-

296 469 478 518 λοῦντες,
508 465 698 519 λέγουσιν
725 463 852 516 ,,τούλ
880 463 1018 506 τούλ.”
1075 468 1149 507 καί
1183 467 1303 507 τοῦτο
1341 467 1526 519 συνεχῶς
1555 461 1764 518 λέγοντεςό

247 528 541 586 Βᾶνέρχονται
569 532 742 585 πλησίον
767 532 840 585 τῆς
867 532 1090 587 βασιλικῆς
1126 533 1354 587 τραπέζης,
1401 531 1458 580 ὦς
1488 527 1569 572 ἀπὸ
1599 529 1739 584 ὀλίγου

289 593 598 651 διαστήματος,
628 592 795 638 κάκεῖσε
823 596 1067 651 μιγνύμενοι
1098 594 1329 654 ἀμφότεροι
1357 598 1510 638 ποιῶσι
1535 599 1740 652 κυκλοφε-

285 664 339 719 ρῆ
367 660 640 718 παραταγὴν,
683 661 721 704 οἱ
745 665 824 716 μὲν
851 661 934 705 ἔσω
963 665 1040 704 τοῦ
1067 661 1221 705 κύκλου
1251 663 1586 716 ἀποκλειόμενοι,
1624 659 1662 702 οἱ
1691 662 1739 702 δὲ

282 727 442 780 ἔξωθεν
469 730 829 784 περικυκλοῦντες.
885 731 959 770 καί
986 731 1106 771 τοῦτο
1134 731 1314 785 τρισσαῖς
1341 730 1551 778 ποιοῦντες
1580 728 1739 780 διαχω-

284 797 496 851 ρι’ζονται,
539 796 613 835 καί
649 796 842 837 ἵστανται
881 797 940 844 εἰς
969 794 1070 845 τούς
1109 796 1243 844 ἰδίους
1269 793 1443 848 τόπους,
1489 793 1631 847 οἱμὲν
1658 794 1794 834 mmo

282 862 473 904 Βενέτων
501 862 561 910 εἰς
589 859 642 903 τα
672 857 904 918 ἀριστερὰ,
937 860 974 904 οἱ
1006 863 1051 904 δὲ
1079 864 1161 904 τῶν
1189 863 1423 918 Πρασίνων
1451 861 1511 909 εἰς
1538 856 1590 900 τὰ
1621 855 1738 908 δεξιοὶ

280 925 390 980 μετὰ
417 929 492 968 καί
514 929 596 968 τῶν
623 923 775 982 ἑτέρων
803 929 1007 982 δημοτῶν,
1035 930 1109 969 καί
1135 928 1327 981 λέγουσιν
1357 922 1487 982 ἄμφω
1516 922 1567 967 τὰ
1588 925 1628 966 Γ
1627 927 1742 965 otm-

85 996 269 1034 Ed·12.·.n3
282 991 352 1047 κά,
382 988 507 1034 ἅτινά
536 992 618 1034 εἰσι
644 995 792 1046 ταῦτα,
823 990 1012 1047 δηλονότι
1042 994 1117 1034 καί
1141 994 1225 1035 τῶν
1254 989 1503 1048 πανδούρων
1537 988 1584 1032 τὸ
1621 990 1744 1031 οἰκεῖ-ι

281 1074 328 1101 ον
353 1060 479 1113 μέλος
509 1057 880 1113 οἷποπληρούντων·
923 1057 1134 1114 ,,γαύζας·
1160 1058 1312 1114 βόνας·
1349 1058 1573 1113 βηκηδίας·
1620 1050 1742 1109 ἅγια·

279 1126 527 1182 γαυδέντες·
564 1125 847 1179 ἐλκηβόνιδες·
895 1126 1115 1180 ἑνκέρτυς·
1163 1122 1289 1179 ἅγια·
1327 1121 1454 1178 βόνα·
1489 1120 1606 1178 αἵρα·
1646 1116 1795 1162 τού-15

83 1200 378 1237 Ms.152.hrov·
406 1188 570 1246 βάντες·
596 1187 703 1245 βόνα
734 1189 899 1246 α’μόρε·
927 1191 1224 1240 ἑπισκύαντες·
1260 1183 1585 1243 ι’δεσαλβάτους·
1623 1179 1740 1234 νανὰ.

285 1260 431 1307 δέους·
461 1258 593 1306 δέους.
655 1259 882 1310 σεβακιβα·
907 1254 1014 1300 νανά
1031 1272 1042 1285 ·
1071 1254 1502 1310 δευμονογυγγύβελε·
1527 1255 1739 1309 γυβίλους.

281 1325 536 1380 γυβέλαρες·
565 1318 669 1364 νανά
687 1338 697 1349 ·
724 1323 941 1376 γυβίλους·
971 1323 1221 1378 γυβέλαρες·
1257 1318 1388 1363 νανά·
1426 1322 1505 1362 τοῦ
1531 1320 1737 1374 γεγδεμα·

285 1391 332 1433 δὲ
358 1387 552 1442 τούλβελε
570 1405 581 1415 ·
609 1386 761 1430 νικάτω
788 1389 962 1430 τουλδο·
998 1386 1127 1438 νανοί·
1167 1387 1191 1429 0‘
1218 1388 1398 1439 Ἐζεκίας
1425 1388 1471 1429 ἐν
1496 1391 1583 1435 τοῖς
1614 1386 1740 1427 πολέ-

281 1471 380 1511 μοις
405 1450 770 1506 καθοπλισάμενος
791 1450 1060 1510 Ἀσσυρίοις·
1097 1449 1254 1496 ἇνανά·
1283 1451 1358 1509 τὴν
1384 1453 1534 1495 ἐλπίδα
1563 1452 1636 1493 καί
1659 1448 1794 1504 μό-20

282 1538 357 1577 νην
395 1519 505 1575 ἔχων
550 1520 663 1562 Θεοῦ
704 1521 778 1562 τοῦ
820 1516 1126 1577 φιλανθρώπου
1143 1534 1154 1545 ·
1201 1516 1334 1562 νανά·
1377 1518 1514 1561 πάντα
1540 1516 1740 1568 ὑπέταξεν

284 1586 389 1643 ἔθνη
417 1589 490 1628 καί
515 1586 654 1628 ἀθέων
679 1584 752 1642 τὴν
780 1586 1034 1641 τυραννίδα·
1079 1582 1206 1640 ἅγια·
1243 1584 1264 1627 ὃ
1293 1582 1456 1642 σωτὴρ,
1487 1579 1646 1639 ἀγαθοί
1662 1578 1741 1625 ’δε-

286 1714 454 1756 perator,
481 1708 605 1743 statim
630 1713 741 1755 atque
769 1719 789 1741 e
815 1707 1114 1754 sphaerodromio
1147 1719 1212 1741 seu
1236 1712 1402 1754 equestre
1424 1718 1503 1741 cum
1540 1705 1617 1752 pila
1649 1704 1738 1740 ludo

289 1756 504 1797 excesserit,
539 1755 724 1789 introduci
757 1755 908 1789 mandat
930 1756 1114 1801 praefecto
1140 1766 1287 1788 mensae
1312 1760 1377 1788 aut
1399 1752 1583 1800 dapifero3
1618 1758 1656 1786 et
1678 1752 1740 1785 hic

289 1815 413 1838 rursus
453 1802 550 1837 idem
582 1803 750 1836 archonti
787 1802 970 1848 thymelae
1006 1813 1070 1835 seu
1103 1802 1288 1847 praefecto
1325 1813 1452 1835 scenae
1495 1800 1740 1845 ludorumque

288 1850 527 1883 theatralium
552 1850 710 1883 mandat.
760 1850 829 1883 Hic
863 1850 990 1895 itaque
1022 1851 1203 1895 posterior
1236 1860 1397 1894 egressus
1427 1859 1447 1882 e
1470 1858 1600 1893 magno
1624 1846 1741 1880 tricli-

289 1898 354 1930 nio
387 1897 491 1930 iubet
522 1898 605 1930 illos
639 1897 792 1942 ingredi.
841 1896 1077 1930 Aecum-entes
1103 1907 1186 1940 ergo
1218 1907 1373 1942 propere
1419 1896 1602 1940 simulque
1639 1897 1740 1926 scuta

290 1944 423 1989 virgis,
449 1955 538 1990 quas
563 1949 723 1988 gestant,
746 1944 956 1988 pulsantes,
979 1955 1223 1989 magnumque
1250 1954 1292 1976 co
1318 1943 1510 1987 strepitum
1528 1941 1741 1981 excitantes,

290 1992 449 2024 clamant
473 1990 694 2024 identidem:
722 1992 794 2026 Tul
816 1991 912 2032 Tul,
946 1995 983 2024 et
1007 1991 1059 2023 sie
1085 1994 1243 2035 pergunt
1271 2001 1388 2035 usque
1416 1988 1581 2033 proxime
1607 1985 1654 2019 ad
1681 1996 1741 2018 sa-

291 2049 387 2070 cram
412 2048 592 2081 mensam3
628 2048 651 2070 a
684 2049 756 2082 qua
789 2037 938 2082 quando
970 2048 1099 2081 parum
1125 2037 1278 2078 absunt,
1304 2041 1557 2069 concurrentes
1584 2032 1638 2065 ibi
1663 2043 1741 2066 am-

290 2083 361 2116 bae
386 2083 473 2117 hine
507 2089 544 2117 et
575 2084 679 2117 illinc
710 2084 887 2117 factiones
924 2084 1084 2117 formant
1117 2084 1231 2116 aciem
1257 2094 1320 2115 seu
1346 2082 1541 2115 stationem
1565 2084 1739 2113 armatam

292 2129 555 2171 orbicularem,
580 2130 619 2162 hi
644 2130 739 2162 intra
766 2130 940 2163 circulum
964 2129 1121 2171 inclusi,
1151 2130 1209 2162 illi
1235 2134 1383 2162 externo
1410 2129 1543 2161 circulo
1566 2128 1655 2160 istos
1680 2126 1741 2159 in-

290 2177 444 2211 teriores
473 2176 742 2210 concludentes.
791 2177 869 2210 Hoc
900 2176 1027 2209 ordine
1058 2180 1099 2208 ut
1129 2181 1184 2209 ter
1211 2176 1305 2208 circa
1329 2186 1465 2208 sacram
1489 2185 1650 2207 mensam
1675 2172 1741 2206 ‹le-

292 2229 547 2264 cucurrerunt,
586 2223 724 2256 secedit
747 2222 857 2256 factio
884 2233 1052 2268 quaeque
1078 2234 1183 2256 suum
1215 2222 1255 2255 in
1290 2223 1432 2264 locum,
1467 2227 1504 2254 et
1536 2221 1741 2254 consistunt

293 2270 437 2317 quieti,
462 2270 596 2304 Veneti
621 2269 770 2316 quidem
795 2270 1068 2310 adsinistram,
1101 2268 1239 2304 prasini
1263 2275 1386 2302 autem
1409 2269 1456 2302 ad
1481 2268 1664 2309 dextram,
1703 2271 1742 2300 et

293 2318 469 2357 recitant,
521 2318 586 2362 qui
621 2327 664 2350 ex
695 2316 872 2350 ambabus
904 2316 1069 2361 partibus
1106 2316 1246 2350 Gothos
1278 2316 1465 2358 referunt,
1499 2315 1657 2348 carmina
1688 2314 1741 2346 sic

251 2403 257 2410 .
292 2364 390 2398 dicta
411 2363 584 2405 Gothica,
608 2363 782 2409 panduris
807 2364 954 2396 interim
978 2362 1127 2396 modulo
1157 2374 1222 2396 suo
1251 2363 1511 2396 accinentibus.
1561 2363 1654 2395 Sunt
1674 2371 1741 2394 au-

290 2415 366 2444 tem
399 2411 463 2444 illa
488 2410 642 2444 Gothica
673 2410 780 2444 haec:
820 2410 970 2456 γαὺζας.
1011 2411 1122 2454 βόνας
1156 2412 1220 2454 [et
1257 2410 1399 2455 reliqua
1425 2421 1518 2455 quae
1540 2408 1687 2443 Graecis
1719 2417 1740 2440 e

289 2457 411 2493 verbis
436 2458 552 2502 repeti
578 2460 782 2503 poterunt]
811 2477 852 2483 —
901 2457 1111 2497 Ezechias,
1137 2457 1270 2492 bellum
1294 2457 1473 2492 adversus
1488 2457 1658 2501 Assyrios
1677 2465 1741 2500 ge-

291 2516 400 2545 rens,
427 2505 576 2544 Anaua,
601 2506 751 2538 unicam
777 2505 912 2539 habens
937 2505 978 2538 in
995 2505 1071 2538 Deo
1084 2516 1180 2549 spem
1213 2503 1398 2538 hominum
1423 2512 1592 2544 amante,
1624 2502 1742 2542 Nana,

291 2552 435 2597 subegit
458 2552 638 2595 gemiles,
664 2560 699 2586 et
723 2552 959 2586 rebellionem
984 2551 1237 2596 ignorantium
1254 2554 1379 2586 Deum.
1427 2551 1551 2594 nagia.
1603 2549 1740 2582 Salva-

293 2605 376 2638 tor,
402 2611 423 2632 ο
451 2598 540 2632 bom·
556 2599 731 2639 Domini,
764 2599 888 2639 Nana,
921 2607 1061 2644 ponat,
1094 2605 1135 2631 ut
1161 2599 1407 2645 mancipium,
1442 2608 1565 2632 coram
1588 2593 1741 2640 pedibus

293 2646 431 2679 vestris
455 2657 594 2680 omnem
614 2645 718 2680 vobis
742 2646 943 2680 inimicum.
993 2643 1076 2677 Iber
1095 2649 1161 2676 etc.
1210 2646 1295 2679 Post
1311 2644 1402 2677 haec
1423 2655 1443 2676 a
1460 2641 1590 2677 Gothis
1614 2639 1739 2674 amba-

297 2702 376 2724 rum
395 2692 555 2738 partium
576 2690 671 2725 dicta
695 2692 851 2726 recitant
878 2691 1040 2736 magistri
1061 2690 1167 2724 ambo
1188 2703 1259 2725 una
1277 2703 1357 2725 cum
1374 2690 1530 2738 plebeiis
1548 2688 1739 2732 utriusque
