1878 3112
282 103 396 173 544
563 123 921 165 CONSTANTINI
959 125 1438 169 PORPHYROGENITI

86 223 436 280 Με.184.1)τρι’κιοι
475 226 549 266 καί
585 225 808 278 στρατηγοί
843 219 933 276 ἅμα
975 226 1026 281 τῇ
1065 224 1274 284 ’συγκλήτῳ
1314 227 1554 270 πίπτουσιν.
1609 230 1714 272 α’να-

282 288 467 332 στάντων
495 290 540 330 δὲ
568 290 728 341 αὐτῶν,
757 289 960 341 λαμβάνει
986 291 1121 342 νεῦμα
1150 288 1172 331 ὅ
1199 291 1470 346 πραιπόσιτος
1497 294 1610 350 παρὰ
1639 297 1713 336 τοῦ

280 356 496 409 βασιλέως,
529 355 601 396 καί
627 353 753 404 αὐτὸς
781 354 929 395 δίδωσι
956 354 1024 396 τὸν
1051 358 1125 410 τῆς
1149 355 1453 411 καταστάσεως,
1495 359 1567 400 καί
1596 362 1714 414 ’λέγει

280 418 565 474 ,,κελεύσατε.”
621 416 935 474 δηριγευόμενος
978 421 1024 461 δὲ
1066 420 1088 462 ὅ
1114 421 1311 474 βασιλεὺς
1338 423 1404 464 ’ὑπ’
1435 421 1576 465 αὐτῶν
1600 426 1714 479 διέρ-

278 501 402 540 χεται
430 487 507 533 ἕως
533 486 704 540 πλησίον
732 486 806 527 τοῦ
832 485 987 528 κιονίου
1009 489 1086 528 τοῦ
1114 490 1302 540 κειμένου
1332 489 1558 545 ἐγκαρσίαις
1585 492 1629 532 ἐν
1655 491 1741 547 τῷ5

279 547 528 605 πληρώματι
551 553 624 592 τοῦ
652 549 851 604 ἐμβόλου,
897 550 969 592 καί
995 553 1162 606 δέχεται
1187 554 1318 595 ἐκεῖσε
1353 552 1425 596 τὸν
1453 552 1716 610 πατριάρχην

279 615 390 669 μετὰ
418 618 491 657 καί
514 618 585 671 τῆς
612 617 755 670 λιτῆς..
795 614 934 669 λαβών
965 618 1011 659 δὲ
1041 619 1166 673 κηρία
1193 616 1308 674 παρὰ
1338 621 1414 660 τοῦ
1439 621 1714 675 πραιποσίτου

282 679 357 722 καί
381 681 614 734 εὐξάμενος,
644 680 886 724 ἐπιδίδωσιν
914 679 1024 724 αὐτὰ
1053 681 1179 726 πάλιν
1206 684 1263 742 τῷ
1290 684 1559 742 πραιποσίτῳ,
1586 700 1716 741 προσ-

281 744 463 802 κυνήσας
488 748 534 789 δὲ
563 746 608 789 τὸ
639 741 845 803 ἄχραντον
872 745 1110 803 εὐαγγέλιον
1148 751 1222 791 καί
1256 748 1328 792 τὸν
1357 747 1556 800 ζωοποιὸν
1583 766 1715 792 σταυ-

245 811 374 868 Βρὸν,
402 813 708 868 προσκυνοῦσιν
737 810 974 869 ἀμφότεροι
1003 811 1228 869 ἀλλήλους,
1258 811 1344 868 δ’,τε
1374 813 1573 868 βασιλευς
1598 816 1671 856 καὶ
1693 811 1771 863 ὅιο

281 875 571 933 πατριάρχης,
613 878 685 920 καί
721 877 1034 934 ἀσπασάμενοι,
1081 877 1285 933 λαμβάνει
1316 879 1338 920 ὅ
1371 879 1567 934 βασιλεὺς
1601 879 1719 935 παρὰ

279 945 357 986 τοῦ
385 943 662 996 πραιποσίτου
697 946 838 1000 κηρίον
871 943 1114 997 λιτανίκιον,
1141 944 1215 986 καὶ
1257 945 1525 1001 ὑποστρέψας
1557 946 1721 1000 διέρχε-

281 1025 351 1052 ται
377 1006 450 1050 διὰ
478 1010 554 1050 τοῦ
585 1008 717 1051 αὐτοῦ
745 1010 938 1064 ἐμβόλου.
994 1005 1169 1066 ι’ίρχεται
1202 1012 1248 1053 δὲ
1280 1010 1301 1053 ὅ
1332 1013 1404 1066 τῆς
1430 1008 1720 1058 καταστάσεως

283 1072 528 1130 τροπάριον*
561 1075 634 1126 ,,ε’ν
665 1077 718 1131 τῇ
743 1073 932 1130 γεννήσει
962 1074 1037 1129 τὴν
1066 1078 1298 1130 παρθενίαν
1327 1074 1575 1132 ἒφύλαξας.”
1611 1073 1722 1129 ψάλ-

283 1144 422 1188 λοντες
464 1140 511 1181 δὲ
546 1137 592 1180 τὸ
639 1136 741 1181 αὐτὸ
775 1137 1001 1195 τροπάριον
1032 1139 1071 1182 οἱ
1104 1143 1178 1195 τῆς
1213 1139 1492 1197 προελεύσεως
1531 1137 1774 1192 ἅπαντες,[5

285 1204 544 1261 εἰσέρχονται
570 1205 615 1246 ἐν
651 1206 708 1262 τῷ
737 1204 913 1260 νάρθηκι
941 1207 1016 1246 τοῦ
1043 1206 1222 1260 μεγάλου
1261 1207 1379 1248 ναοῦ.
1435 1205 1487 1248 τοὶ
1518 1207 1564 1247 δὲ
1593 1205 1718 1247 λοιποὶ

285 1270 420 1314 πάντα
446 1273 518 1326 τῆς
544 1271 696 1321 τάξεως
725 1270 1008 1326 φυλάττονται
1035 1272 1079 1312 ἐν
1106 1272 1155 1327 τῇ
1184 1267 1450 1328 αὖτῇγὲορτῇ,
1479 1270 1621 1320 καθώς
1649 1272 1725 1314 καί

289 1339 343 1395 τῇ
366 1337 614 1394 ὑπαπαντῇ.
669 1337 824 1389 ἰστέον,
869 1333 932 1378 ὅτι
969 1336 992 1378 ὃ
1020 1339 1239 1392 λογοθέτης
1280 1339 1356 1378 τοῦ
1396 1336 1554 1391 δρόμου
1598 1336 1671 1379 καί
1696 1336 1721 1378 ὅ

255 1399 474 1459 ρ’ῥαιὸιτωρ
516 1401 590 1443 καί
623 1400 646 1443 ὅ
685 1400 1057 1458 πρωτοασηκρὴτης
1093 1400 1166 1443 καί
1205 1401 1229 1443 ὄ
1265 1400 1465 1455 μυστικὸς
1500 1402 1604 1455 μετὰ
1639 1405 1721 1444 τῶν

286 1468 683 1525 χρυσοτρικλινιτῶν
709 1467 1101 1524 πρωτοσπαθαρίων
1129 1467 1320 1510 ἵστανται
1347 1469 1391 1510 ἐν
1418 1468 1476 1525 τῷ
1498 1467 1774 1524 Ἰωσηφια-,ο

291 1535 350 1593 xcii
376 1532 565 1589 πόρτηκι.

296 1682 493 1716 Celeusaze.
529 1680 619 1713 Inde
642 1679 808 1725 procedit
832 1681 1030 1725 Imperator
1053 1679 1098 1712 ab
1123 1679 1250 1712 iisdem
1273 1680 1425 1724 stipatus
1449 1689 1562 1724 usque
1590 1674 1724 1724 prope-

292 1727 442 1762 modum
467 1726 514 1760 ad
538 1727 740 1760 columnam
764 1727 993 1761 transversim
1019 1727 1171 1771 positam
1208 1726 1247 1759 in
1278 1726 1350 1759 fine
1387 1726 1564 1770 porticus,
1598 1726 1724 1770 ibique

295 1775 435 1819 excipit
458 1772 697 1818 patriarcham
723 1785 802 1806 cum
825 1774 889 1806 lite
919 1783 980 1805 seu
1010 1773 1115 1806 turba
1140 1772 1420 1817 supplicantium
1444 1783 1525 1805 eum
1550 1773 1726 1805 comitan-

295 1827 353 1864 te3
379 1821 584 1870 sumtisquq
603 1819 714 1852 cereis
750 1831 770 1852 a
803 1819 1008 1864 praeposito
1034 1819 1218 1864 porrectis,
1257 1819 1343 1851 facit
1373 1829 1513 1863 preceS‚
1550 1818 1727 1863 factisque

296 1878 418 1901 rursus
445 1878 504 1900 eos
531 1867 734 1911 praeposito
760 1865 899 1908 reddit3
925 1865 1080 1899 adoratis
1113 1865 1281 1909 deinceps
1315 1865 1542 1898 immaculato
1574 1875 1727 1910 evange-

295 1914 348 1947 lio
374 1919 411 1947 et
434 1914 573 1946 vivifica
597 1924 723 1952 cruce,
762 1913 912 1946 adorant
936 1911 1038 1945 ambo
1066 1922 1142 1945 sese
1166 1913 1339 1954 invicem,
1371 1912 1566 1956 Imperator
1589 1911 1727 1944 scilicet

298 1965 338 1993 et
360 1958 573 2004 patriarcha,
597 1959 766 2003 pacisque
792 1958 953 1992 osculum
987 1959 1082 1991 inter
1113 1969 1150 1991 se
1184 1963 1420 1998 commutant,
1450 1963 1486 1990 et
1519 1962 1595 1990 tum
1630 1957 1727 1990 acci-

298 2006 403 2051 piens
430 2017 450 2038 a
480 2007 687 2051 praeposito
723 2016 862 2038 cereum
895 2005 1197 2050 processionalem
1233 2005 1426 2049 Imperator
1459 2004 1546 2048 legit
1577 2002 1727 2048 vestigia

299 2063 363 2084 sua
387 2063 451 2096 per
487 2051 638 2086 eandem
670 2053 876 2096 porticum3
914 2051 1183 2084 cerimoniarius
1218 2055 1338 2083 autem
1378 2048 1424 2082 ad
1457 2049 1545 2082 haec
1584 2049 1730 2083 intonat

300 2099 521 2141 troparium:
547 2099 592 2131 In
609 2106 669 2132 tuo
694 2106 806 2142 partu
829 2098 1059 2131 conservasti
1082 2096 1343 2141 virginitatem.
1393 2095 1536 2134 Omnes,
1561 2095 1623 2140 qui
1647 2105 1732 2138 pro-

303 2144 458 2177 cessioni
483 2143 568 2176 huic
598 2144 796 2183 intersunt,
826 2142 922 2175 idem
948 2145 1144 2187 troparium
1170 2147 1336 2174 canentes
1360 2141 1497 2175 intrant
1520 2142 1559 2174 in
1582 2139 1729 2174 narthe-

304 2201 382 2224 cem
405 2191 523 2234 magni
548 2190 673 2234 templi
700 2187 1011 2235 [machel-narum}
1058 2188 1201 2233 Reliqui
1225 2188 1314 2221 ritus
1339 2193 1457 2220 autem
1482 2198 1523 2221 eo
1550 2186 1608 2220 die
1637 2187 1730 2221 festo

304 2235 518 2270 observandi
547 2241 629 2268 sunt
663 2236 797 2268 similes
829 2236 957 2268 ritibus
994 2234 1218 2279 hypapantae
1254 2243 1317 2266 seu
1351 2234 1435 2267 festi
1469 2234 1730 2278 purificationis

302 2283 344 2318 B.
367 2281 410 2316 V.
457 2281 583 2315 Adhuc
609 2281 647 2314 id
671 2281 886 2322 tenendum,
925 2281 1142 2326 logothetam
1180 2280 1293 2313 dromi
1329 2286 1365 2313 et
1390 2286 1559 2313 rectorem
1584 2285 1620 2313 et
1643 2291 1732 2324 pro-

304 2334 539 2363 toasecretam
574 2333 611 2360 et
659 2329 846 2370 mysticum
887 2339 958 2362 una
998 2338 1079 2362 cum
1121 2325 1418 2372 protospathariis
1455 2325 1732 2371 chrysotriclinii

306 2376 347 2411 in
368 2375 510 2422 porticu
535 2373 721 2419 Iosephica
745 2379 850 2409 stare.
