1878 3112
341 143 415 186 DE
451 142 708 186 calamon.
748 139 927 183 AULAE
962 137 1186 182 BYzANT.
1225 140 1280 181 11.
1304 140 1372 187 52.
1453 135 1562 195 777

134 257 302 312 ἄγονται
335 250 418 309 ὅ,τε
451 256 529 296 τοῦ
566 252 782 297 σακελλίου
828 252 903 293 καί
926 251 966 293 οἱ
992 249 1203 305 ξενοδόχοι
1227 253 1303 294 καί
1324 246 1562 306 γηροκόμοι,
1580 254 1607 288 C

134 318 411 378 προσάγοντες
451 317 663 375 σταυροὺς
702 315 1109 372 χρυσοποιβάστους
1147 315 1254 358 κατὰ
1286 315 1463 372 μίμησιν
1494 317 1567 368 τῆς
1576 317 1759 357 Mass-b

135 383 284 442 ἑορτῆς
308 386 392 427 rav
417 385 550 438 βαΐων
566 415 579 438 ,
608 384 682 424 καί
706 379 1117 438 λαμπροφορούντων
1141 381 1331 434 πάντων,
1359 378 1570 435 εἰσάγεται

134 451 163 507 ἧ
188 447 303 502 τάξις
324 451 407 491 τοῖν
432 450 686 504 μαγίστρων,
716 444 986 499 ἀνθυπάτων,
1014 447 1241 502 πατρικίων
1267 448 1340 488 καί
1366 446 1570 502 ὄφφικια-

112 515 240 564 ὄλίων
266 512 501 570 ἔμπροσθεν
527 514 604 555 τοῦ
632 510 858 566 δεσπότου,
904 511 979 554 καὶ
1005 513 1206 567 διανομῆς
1230 513 1315 554 τῶν
1338 513 1570 565 λεχθέντων

136 582 346 636 σταυρίων
370 577 452 621 ὕπὸ
480 581 558 621 τοῦ
584 580 789 633 βασιλέως
814 580 1045 633 γενομένης,
1073 581 1279 630 τελεῖται,
1308 574 1365 626 ὥς
1392 576 1569 632 ἔφαμεν,

136 646 319 704 δημοσία
356 644 539 694 λιτάνιος
576 648 822 699 προέλευσις
858 640 940 685 dud
970 645 1048 685 τοῦ
1082 644 1188 686 ναοῦ
1213 643 1287 697 τῆς
1314 642 1436 697 ἁγίας
1465 643 1571 684 Θεο-

134 710 258 756 τόκου
282 712 360 754 τοῦ
387 711 536 767 Φάρου
566 709 639 753 ἐπὶ
665 709 738 752 τὸν
774 712 1047 766 περίβλεπτον
1075 707 1176 751 ναὸν
1198 711 1270 764 τῆς
1294 706 1476 764 μεγάλης
1501 709 1578 749 νέο-

136 793 190 827 ας
213 777 454 832 ἐκκλησίας,
482 776 557 817 καί
591 777 840 830 τελουμένης
876 777 951 829 τῆς
980 773 1096 830 ἱερᾶς
1122 774 1392 830 λειτουργίας,
1424 775 1567 829 προτί-

85 845 258 889 ιοθεται
270 838 495 896 κλητοόριον
521 842 579 898 τῷ
597 844 767 894 βασιλεῖ
787 841 860 882 ε’πί
882 841 959 882 τοῦ
982 841 1344 895 χρυσοτρικλίνου,
1373 837 1448 880 καί
1470 854 1570 880 συν-

133 909 323 951 εστιᾶται
357 912 444 955 τοῖς
479 908 721 960 βασιλεῦσιν
757 902 838 958 δ’,τε
876 905 1139 960 πατριάρχης
1185 904 1258 947 καί
1293 904 1333 946 οἱ
1360 918 1570 960 μητροπο--Ι

134 977 262 1027 λῖται,
287 970 525 1028 μάγιστροι,
553 969 844 1028 πραιπόσιτοι,
873 968 1142 1024 ἀνθύπατοι,
1170 973 1406 1026 πατρίκιοι,
1436 971 1609 1026 σ’φφι-Ι)

134 1035 289 1080 κιάλιοι
326 1039 401 1079 καί
435 1036 577 1080 λοιποὶ
610 1038 820 1091 βασιλικοί
858 1036 964 1078 κατὰ
1002 1034 1048 1078 τὸ
1086 1035 1216 1079 ποσὸν
1254 1039 1326 1092 τῆς
1351 1036 1571 1092 τραπέζης.

132 1105 435 1161 προκαθέζεται
477 1105 524 1145 δὲ
562 1101 586 1144 ὅ
622 1101 822 1156 βασιλεῦς
858 1101 963 1155 μετὰ
1005 1103 1082 1144 τοῦ
1116 1103 1269 1144 οἰκείου
1309 1102 1568 1157 διβητησώυ,

85 1170 210 1217 ιόκαί
235 1171 307 1211 δεῖ
326 1169 439 1224 ἡμᾶς
466 1167 648 1223 εἰσάγειν
682 1170 758 1210 καί
792 1165 952 1222 ἐξάγειν
990 1165 1148 1216 πάντας
1172 1166 1273 1217 τούς
1299 1167 1571 1222 κεκλημένους

130 1233 238 1290 μετὰ
265 1237 348 1277 τῶν
375 1236 534 1277 οἰκείων
564 1235 708 1276 αιῖτῶν
736 1230 1025 1286 ἄλλαξιμάτων
1060 1234 1194 1288 χωρίς
1219 1235 1302 1275 τῶν
1325 1233 1571 1286 χλανιδιῖυν.

131 1302 186 1357 τῇ
211 1301 260 1342 δὲ
285 1298 490 1356 ἐπαύριον
515 1302 694 1341 τελεῖται
723 1299 911 1349 δεξάσσις
948 1297 1116 1351 δεξίμου
1143 1299 1218 1339 καί
1239 1295 1422 1352 μεγάλου
1451 1297 1568 1347 ‹ragl-

130 1381 216 1420 μου
235 1398 249 1418 ,
276 1367 351 1407 καί
386 1367 658 1422 προτεθέντος
682 1366 906 1418 βασιλικοῦ
949 1367 1178 1419 κλητωριόυ
1226 1363 1297 1405 ἐπὶ
1332 1359 1568 1416 οἷποκοπτῆς

130 1433 334 1488 τραπέζης
359 1432 405 1472 ἐν
428 1433 486 1488 τῷ
510 1427 803 1472 Ἰουστινιανοῦ
838 1429 1042 1486 τρικλίνῳ,
1061 1429 1364 1484 προκαθέζεται
1393 1427 1418 1468 0‘
1443 1431 1568 1481 βασι-

79 1496 234 1546 ξυλεὺς
261 1495 370 1550 μετά
396 1496 472 1537 τοῦ
499 1497 652 1537 οἰκείου
683 1495 921 1549 διβητησιόυ
939 1526 952 1546 ,
984 1495 1057 1535 καί
1085 1496 1154 1535 δεῖ
1173 1494 1286 1549 ἡμᾶς
1313 1490 1567 1549 εὐτρεπίζειν

131 1565 194 1614 εἰς
227 1560 490 1605 συνεοτίασιν
517 1561 649 1603 αὕτοῦ
679 1558 761 1600 α’πὸ
789 1562 862 1613 τῆς
887 1561 1039 1609 τάξεως
1068 1559 1377 1613 πραιποσίτων,
1417 1574 1567 1614 πατρι-

132 1630 246 1681 κίων,
273 1627 554 1683 ὄφφικιαλίων
572 1627 647 1667 καί
674 1624 756 1666 «ind
787 1626 870 1666 τῶν
886 1627 1157 1680 σεκραιτικῶν
1180 1626 1262 1666 τῶν
1289 1624 1373 1664 ὑπὸ
1394 1622 1753 1676 καμπά-Εὰι,450

131 1708 223 1748 γιον
248 1690 412 1733 πάντων
440 1688 548 1732 κατὰ
573 1689 619 1732 τὸ
649 1688 780 1732 ποσόν
805 1691 881 1744 τῆς
909 1691 1134 1745 τραπέζης·
1191 1688 1371 1743 εἰσάγειν
1410 1690 1457 1730 δὲ
1485 1690 1564 1730 αυ’-

133 1756 235 1807 τούς
262 1758 336 1799 καί
360 1755 519 1810 ἐξάγειν
543 1754 652 1809 μετὰ
683 1757 766 1797 τῶν
793 1756 953 1797 οἰκείων
982 1751 1274 1809 ἇλλαξιμάτων
1300 1770 1346 1795 τε
1368 1753 1443 1796 καί
1456 1758 1565 1808 χλα-

136 1926 259 1951 eruces
282 1926 367 1950 auro
388 1916 600 1949 incrustatas
624 1915 670 1949 ad
684 1915 925 1950 imitationem
945 1918 1079 1950 rituum
1102 1916 1186 1950 festi
1206 1915 1419 1961 palmarum,
1446 1914 1565 1947 omni-

135 1964 279 2008 busque
310 1962 500 2006 splendide
524 1963 686 2002 indutis,
727 1962 971 1996 introducitur
1001 1963 1089 1996 ordo
1115 1959 1564 2008 magistrorumsprocon-

134 2010 276 2050 sulum,
298 2010 532 2053 patriciorum
556 2014 594 2042 et
617 2009 820 2042 officialium
847 2009 885 2042 in
915 2015 1144 2054 conspectum
1169 2008 1337 2049 Domini3
1374 2008 1438 2052 qui
1459 2012 1564 2051 post-

132 2067 239 2102 quam
262 2055 376 2089 dictas
401 2067 522 2089 cruces
545 2066 609 2088 sua
633 2066 742 2088 manu
767 2055 966 2097 distribuit,
990 2056 1215 2095 instituitur,
1240 2059 1281 2088 ut
1304 2054 1472 2092 diximus,
1497 2064 1564 2097 pu-

129 2102 228 2136 blica
258 2103 416 2135 solennis
449 2100 737 2146 supplicabunda
765 2103 945 2146 processio
981 2113 1002 2135 a
1027 2102 1160 2146 templo
1195 2101 1230 2139 S,
1257 2101 1429 2145 Deiparae
1456 2098 1563 2132 Phari

131 2149 180 2182 ad
204 2149 343 2182 illustre
367 2148 541 2193 templum
566 2158 716 2193 magnae
738 2158 852 2182 novae
877 2149 1069 2190 ecclesiae3
1109 2154 1327 2194 peractoque
1358 2157 1456 2179 sacro
1482 2145 1561 2178 offi-

120 2195 201 2234 cio,
223 2200 475 2240 proponuntur
491 2195 618 2239 epulae
635 2194 802 2228 Dominis
815 2196 855 2228 in
874 2195 1160 2238 chrysotriclim,
1186 2192 1459 2229 convivantibus
1478 2202 1560 2225 cum

130 2239 221 2284 ipsis
246 2240 448 2284 patriarcha
472 2246 510 2274 et
534 2241 793 2287 metropolitiS‚
827 2242 1024 2286 magistris,
1065 2242 1300 2286 praepositis,
1332 2238 1559 2282 proconsuli-

130 2286 213 2326 bus,
236 2287 419 2330 patriciis,
445 2286 657 2320 officialibus
682 2292 719 2319 et
742 2287 894 2332 reliquis
917 2287 1169 2332 imperialibus
1193 2284 1401 2320 hominibus
1427 2294 1561 2317 secun-

133 2331 220 2365 dum
241 2333 474 2376 capacitatem
496 2343 651 2367 mensae.
700 2333 886 2367 praesidet
915 2335 1114 2379 Imperator
1135 2334 1174 2366 in
1198 2345 1263 2366 suo
1289 2331 1489 2370 dibetesio,
1522 2333 1561 2362 et

133 2377 303 2412 convivae
325 2389 346 2410 a
370 2379 477 2413 nobis
510 2379 792 2413 introducuntur
825 2379 866 2412 in
891 2381 965 2413 suis
1001 2382 1156 2427 quisque
1192 2376 1397 2412 mutatoriis
1421 2376 1559 2421 absque

133 2423 279 2457 tunicis.
326 2425 471 2459 Postero
506 2425 566 2458 die
602 2425 805 2458 instituitur
843 2426 1007 2471 exceptio
1039 2426 1174 2460 deximi
1212 2425 1286 2471 [seu
1322 2421 1560 2455 salutantium

132 2479 325 2547 procerum
348 2471 495 2516 turbae]
519 2477 557 2505 et
579 2472 700 2516 magni
725 2470 872 2512 saximi,
913 2473 1181 2518 propositisque
1217 2468 1335 2514 epulis
1360 2467 1564 2512 imperiali·

163 2527 205 2548 ns
229 2526 336 2560 super
357 2527 484 2562 magna
512 2529 635 2551 mensa
666 2517 706 2549 in
727 2517 921 2550 Iustiniani
955 2518 1117 2552 triclinio
1147 2514 1332 2562 praesidet
1364 2515 1562 2558 Imperator

136 2561 177 2595 in
201 2572 265 2595 sno
292 2561 490 2606 dibetesio;
531 2570 765 2609 nostrumque
796 2568 852 2596 est
882 2563 1033 2598 invitare
1066 2564 1112 2598 ad
1136 2563 1339 2596 convivium
1362 2560 1409 2592 ab
1433 2559 1562 2593 ordine

137 2607 223 2639 inde
246 2608 543 2652 praepositorum,
565 2609 811 2655 patriciorum,
838 2609 1054 2651 officialium,
1081 2615 1118 2643 et
1141 2609 1192 2641 sic
1214 2618 1335 2652 porro,
1358 2606 1560 2646 secredcos,

136 2658 316 2698 quotquot
339 2656 519 2700 campagia
542 2662 690 2700 gerunt,
719 2666 783 2700 pro
809 2655 948 2689 ratione
973 2667 1133 2697 mensae3
1175 2664 1308 2699 eosque
1334 2651 1561 2686 introducere

137 2703 175 2732 et
197 2698 349 2735 educere
383 2702 423 2737 in
457 2702 531 2736 anis
553 2703 757 2738 mutatoriis
791 2706 828 2735 et
849 2702 993 2736 tunicis.
1042 2702 1186 2747 Reliqui
1211 2705 1332 2733 autem
1366 2703 1559 2744 magnates,
