1878 3112
326 106 441 184 476
605 129 871 171 APPENmX
910 128 986 168 AD
1026 129 1232 171 LlssRUM
1272 128 1485 171 Palmum

325 246 418 283 χειν
451 227 472 270 ὃ
501 229 584 271 τῶν
613 227 856 279 ὄπτιμὰτων
885 230 1123 282 δομέστικος
1159 226 1412 284 ὅπτιμοῖτον,
1454 230 1500 272 ἐν
1530 237 1774 287 καταγραφῇ

325 296 575 348 ποιούμενος
603 293 666 348 τό,
679 311 723 337 τε
767 310 897 348 ονομα
928 297 1001 337 καί
1026 293 1071 337 τὸ
1094 298 1265 351 χωρίον·
1295 295 1367 337 καὶ
1390 296 1430 338 εἰ
1451 296 1528 348 μὲν
1555 290 1775 350 ἀπόληται,

328 362 548 415 ζημιοῦται
585 358 692 402 αὐτὸ
730 360 752 401 0‘
793 357 1045 413 ὄπτιμάτος·
1102 361 1143 402 εἰ
1183 362 1229 403 δὲ
1269 358 1486 418 α’ποθάνῃ,
1530 360 1780 413 ἅποκομιζει.

324 424 400 474 τὰς
429 426 666 480 σφραγίὸας
694 424 752 476 εἴς
779 443 822 468 τε
851 424 922 468 τὸν
948 423 1108 481 κόμητα
1139 429 1213 468 καί
1237 425 1312 470 τὸν
1337 425 1659 482 χαρτουλάριον.
1689 442 1774 467 πα-

325 494 443 547 ρέχει
471 493 517 535 δὲ
546 489 619 533 καὶ
645 489 666 533 ὅ
692 491 820 548 κόμης
858 493 936 533 τοῦ
965 493 1146 546 στάβλου
1185 494 1245 543 εἷς
1285 490 1360 542 τὰς
1397 492 1629 549 φορτώσεις
1663 488 1800 533 κατά5

325 559 426 599 δέκα
454 558 672 613 σαγμάρια
701 557 934 615 σύντροφον
960 559 1043 600 τῶν
1072 559 1356 613 Μαλαγίνων,
1386 559 1454 601 ἵνα
1485 557 1533 606 οἱ,
1552 554 1775 610 ὄπτιμιὲτοι

326 623 490 678 σύρωσι
516 621 567 665 τὰ
596 625 826 680 σαγμάρια,
857 622 931 666 καὶ
957 622 994 666 οἱ
1023 622 1255 680 σύντροφοι
1275 624 1578 666 ἀκολουθοῦσιν
1607 619 1774 675 αὖτοὺς,

133 691 403 748 Εᾱ,1,,α;5καί
428 690 699 748 διορθοῦνται
727 688 780 731 τὰ
813 687 1021 745 γομάρια.
1077 691 1150 731 καί
1192 686 1258 731 ὅτε
1300 688 1677 745 ἆνιοφορτώσονσιν
1714 687 1775 736 εἷς

327 752 375 797 τὸ
403 750 611 810 ἄπληκτον
637 754 687 798 τὰ
718 754 961 811 σαγμάρια,
1003 751 1292 810 ἀναλαμβάνει
1327 756 1463 797 ταῦτα
1491 753 1514 796 ὃ
1538 750 1775 808 χαρτουλιέ-

331 837 419 877 ριος
446 822 529 863 τῶν
555 823 817 876 Μαλαγίνων
845 819 919 862 καί
954 820 978 861 ὅ
1008 820 1376 876 σαφραμεντάριος
1401 817 1506 874 μετὰ
1534 820 1621 862 τῶν
1647 814 1828 872 κομή-ιο

158 904 416 944 M.;.1..as‘⁰²‘
445 887 519 929 καί
543 889 624 930 τῶν
652 885 900 943 συνίρόφων
928 886 1002 929 καί
1022 889 1107 929 τῶν
1131 883 1378 940 ὄπτιμάτων,
1407 887 1481 928 καί
1503 882 1776 938 ἐκβάλλουσιν

332 955 392 1002 εἰς
419 952 494 1008 τὴν
522 951 700 1008 βοσκὴν·
756 952 912 1006 ὁμοίως
948 954 1022 994 καί
1059 954 1119 1001 εἰς
1156 951 1209 994 τὰ
1248 953 1466 1008 παρίππια
1486 951 1572 994 τῶν
1614 946 1777 1006 wop-cai—

332 1035 439 1061 σεων
467 1017 572 1060 κατὰ
603 1015 635 1060 κ’
664 1017 877 1074 παρίππια
904 1018 1140 1074 σύντροφος
1168 1014 1238 1067 εἷς.
1266 1015 1342 1059 καί
1368 1012 1434 1059 ὅτε
1463 1013 1590 1058 δώσει
1617 1012 1662 1057 τὸ
1677 1011 1778 1069 βού-

332 1099 462 1136 κινον,
503 1081 630 1126 πάλιν
659 1084 861 1139 φέρουσιν
890 1081 1018 1137 αὐτοὶ,
1063 1082 1137 1125 καὶ
1161 1080 1458 1139 παραδιδόασι,
1487 1078 1630 1129 καθώς
1656 1079 1779 1131 ἐκομ-

293 1148 600 1204 Βπινεύθησαν.
637 1147 713 1204 τὴν
743 1150 789 1189 δὲ
816 1146 970 1205 κριθὴν
999 1145 1110 1204 ὅλην,
1139 1150 1223 1191 τῶν
1248 1164 1292 1192 τε
1319 1145 1563 1203 σαγμαρίων
1591 1147 1664 1188 καὶ
1694 1146 1830 1188 νεα-15

330 1213 512 1270 ριππίων
540 1215 612 1256 καί
638 1215 888 1269 σελλαρίων,
917 1215 962 1256 ἐν
990 1210 1050 1262 οἷς
1077 1212 1464 1268 ἐκομπινεύθησαν,
1493 1207 1778 1267 παραλαμβά-

329 1297 392 1323 νει
421 1279 445 1321 ὅ
470 1279 782 1337 χαρτουλάριος
809 1282 886 1322 τοῦ
914 1279 1096 1335 στάβλου
1138 1277 1228 1334 ἅμα
1268 1281 1324 1336 τῷ
1359 1278 1562 1334 κελλαρίῳ
1590 1274 1666 1332 τὴν
1693 1291 1778 1331 κρι-

330 1344 427 1401 θὴν,
455 1340 550 1401 ἦτοι
577 1343 654 1396 τὰς
679 1343 806 1399 ταγὰς
835 1341 977 1387 αὖτῶν
1005 1346 1051 1387 ἐκ
1079 1347 1156 1388 τοῦ
1183 1345 1522 1402 πρωτονοταρίου
1548 1344 1623 1384 τοῦ
1640 1339 1780 1396 θέμα-

331 1426 424 1463 τος,
462 1410 537 1453 καί
563 1413 817 1466 χορηγοῦσιν
844 1407 1019 1454 ἑκάστου
1049 1409 1205 1466 ἀλόγου
1243 1408 1385 1466 ταγήν.
1441 1408 1465 1450 ὅ
1494 1409 1542 1452 δὲ
1569 1420 1781 1464 πρωτονο*

333 1554 395 1578 cus
414 1545 631 1590 optimatum
653 1545 764 1579 debet
783 1556 975 1579 numerum
1005 1546 1208 1578 mulionum
1226 1555 1270 1578 ex.
1294 1543 1532 1589 optimatibus
1549 1545 1777 1577 constantem

331 1597 518 1637 praestare
536 1590 720 1638 sagmariis
739 1603 863 1637 parem
897 1598 934 1625 et
968 1591 1128 1625 indicem
1155 1591 1295 1632 facere,
1321 1591 1360 1623 in
1382 1601 1456 1636 quo
1474 1585 1651 1635 scriptuui
1674 1589 1724 1622 sit
1740 1593 1778 1621 et

334 1650 468 1671 nomen
491 1639 779 1685 uniuscuiusque
801 1639 1008 1683 optimatis,
1045 1644 1082 1671 et
1104 1637 1268 1683 praedii,
1294 1637 1394 1683 quod
1417 1647 1462 1671 cx
1479 1637 1711 1670 concessione
1739 1639 1779 1668 et

333 1686 578 1730 assignatione
608 1687 706 1730 regia
729 1686 902 1731 possidet.
960 1687 1007 1719 Et
1029 1686 1059 1718 si
1085 1684 1233 1731 quidem
1265 1685 1410 1718 amittat
1429 1683 1646 1728 sagmarium
1676 1692 1782 1714 suum

336 1733 516 1777 optimas,
548 1733 622 1765 sive
656 1732 695 1765 id
722 1732 946 1766 aberraverit
972 1743 993 1764 a
1018 1733 1096 1772 via,
1138 1731 1213 1766 sive
1230 1731 1447 1775 auffugerit,
1471 1731 1547 1766 sive
1571 1734 1712 1774 raptum
1732 1727 1783 1760 ab

335 1778 441 1813 hoste
465 1779 598 1819 fuerit,
629 1779 700 1812 luit
738 1780 816 1824 ipse
855 1780 992 1812 iactura
1016 1778 1122 1812 fundi
1154 1781 1227 1819 sui3
1261 1777 1395 1823 quodsi
1423 1787 1508 1811 vero
1544 1774 1783 1822 exspiraverit

336 1825 476 1867 bestia,
503 1825 652 1859 exhibet
672 1827 796 1860 comiti
819 1831 856 1859 et
873 1826 1114 1866 chartulario,
1146 1824 1284 1858 stabuli
1307 1834 1438 1869 nempe
1453 1849 1463 1865 ‚
1489 1828 1641 1856 tesseras
1664 1821 1781 1866 regias

338 1873 427 1906 olim
459 1872 554 1913 sibi,
595 1884 707 1918 quum
739 1873 857 1907 bestia
891 1883 978 1906 suae
1009 1872 1252 1906 sollicitudini
1294 1871 1591 1911 committeretur,
1626 1867 1779 1903 additas.

338 1920 468 1954 Comes
503 1919 639 1952 stabuli
675 1931 822 1966 quoquc
856 1931 921 1965 pro
958 1919 1111 1963 singulis
1145 1918 1300 1951 decuriis
1339 1917 1595 1963 sagmariorum
1619 1918 1782 1960 praestat

336 1966 500 2011 singulos
525 1966 739 2010 syntrophos
765 1977 827 2000 seu
863 1966 1140 2000 contubernales
1185 1971 1250 1998 aut
1292 1965 1441 1998 comites
1467 1963 1637 2003 itineris,
1654 1971 1674 1993 e
1701 1966 1780 1994 sta·-

337 2012 442 2046 tione
470 2018 508 2045 et
525 2013 679 2046 stabulis
698 2013 805 2057 regiis
833 2012 931 2057 apud
947 2012 1128 2056 Malagina
1140 2012 1346 2056 depromtos
1369 2021 1412 2042 eo
1437 2011 1508 2043 fine
1522 2034 1533 2050 ,
1557 2013 1599 2042 ut
1626 2007 1783 2052 optima-

337 2063 393 2091 tes
417 2059 566 2104 quidcm
589 2059 845 2104 praecedentes
869 2059 947 2093 loro
964 2069 1060 2104 pone
1076 2069 1113 2091 se
1139 2058 1286 2091 trahant
1301 2056 1488 2100 sagmaria,
1511 2054 1701 2100 syntrophi
1716 2064 1784 2087 au-

339 2108 415 2138 tem
448 2116 543 2150 pone
576 2105 840 2151 subsequentes
874 2117 916 2138 ea
945 2116 1063 2138 coram
1098 2115 1135 2137 se
1154 2109 1281 2150 agant,
1314 2112 1498 2148 oneraque
1526 2106 1591 2134 aut
1621 2101 1782 2146 delapsa,

339 2156 405 2184 aut
428 2153 571 2194 ruinam
597 2152 775 2185 minantia
799 2163 921 2184 rursus
949 2152 1124 2192 allevent,
1162 2161 1340 2196 suumque
1373 2149 1550 2183 inlocum
1572 2153 1610 2182 et
1641 2147 1682 2180 in
1720 2157 1783 2180 ae-

340 2197 558 2245 quilibrium
583 2204 770 2243 reponant.
794 2199 836 2232 Id
854 2198 951 2231 idem
976 2208 1122 2244 quoque
1148 2198 1187 2230 in
1206 2196 1409 2242 parhippiis
1434 2196 1609 2230 onerariis
1627 2193 1784 2235 obtinet,

344 2256 500 2291 quorum
525 2246 676 2290 singulis
692 2245 883 2279 vicenariis
903 2245 1036 2290 singuli
1071 2244 1350 2278 contubernales
1384 2242 1528 2275 adsunt.
1574 2240 1717 2283 Mulos,
1741 2244 1786 2274 ut

343 2292 383 2325 in
401 2293 594 2325 stationem
613 2292 853 2336 appulerunt,
889 2291 1039 2325 sarcinis
1067 2290 1243 2324 liberatos
1275 2289 1371 2323 tradi
1395 2293 1433 2323 et
1455 2288 1686 2322 adnumerari
1709 2286 1783 2321 sihi

344 2344 447 2372 curat
467 2339 704 2373 chartularius
723 2339 1009 2383 Maluginorum3
1035 2337 1330 2371 saframentarius
1359 2341 1481 2369 autem
1506 2335 1729 2380 comitesque
1747 2337 1786 2366 et

344 2385 534 2431 syntrophi
557 2391 593 2419 et
616 2386 807 2430 optimates
828 2390 964 2418 exeunt
987 2396 1068 2418 cum
1099 2384 1226 2418 bestiis
1248 2386 1286 2418 in
1307 2394 1487 2429 pascuum.
1538 2379 1696 2428 Quando
1717 2390 1784 2413 au-

344 2437 418 2464 tem
452 2431 605 2466 buccina
649 2432 791 2477 signum
819 2431 980 2476 receptui
1009 2431 1169 2472 dederit,
1202 2430 1381 2463 reducunt
1413 2429 1584 2463 animalia
1615 2438 1680 2461 sua
1723 2436 1784 2460 co-

346 2489 495 2525 ramque
521 2478 695 2513 exhibent
721 2479 815 2520 illis,
847 2491 867 2511 a
895 2477 1030 2524 quibus
1069 2483 1307 2522 acceperant,
1335 2488 1378 2510 eo
1403 2475 1532 2516 modo,
1556 2486 1630 2520 quo
1646 2472 1785 2508 combi-

344 2526 422 2559 nati
448 2528 610 2566 fucrant,
633 2526 673 2560 id
698 2531 752 2558 est
774 2525 909 2558 bestias
935 2525 1043 2557 simul
1067 2530 1178 2570 atque
1206 2529 1356 2557 tesseras
1382 2525 1604 2567 acceperant.
1653 2520 1783 2565 Quan-

344 2578 422 2606 tum
457 2574 527 2606 iam
564 2573 610 2607 ad
639 2579 756 2607 totum
787 2571 966 2606 hordeum
998 2573 1153 2612 attinet,
1192 2571 1230 2603 id
1259 2577 1314 2605 cst
1337 2577 1409 2604 tam
1435 2569 1694 2614 sagmariorum
1718 2576 1782 2599 seu

344 2620 544 2662 mulorum,
585 2631 692 2665 quam
722 2618 1017 2664 parhippiorum,
1042 2621 1098 2650 uti
1125 2623 1161 2651 et
1185 2618 1412 2652 sellariorum
1438 2626 1639 2662 equorum,
1655 2611 1783 2651 >ill-ud,

345 2663 414 2699 hoc
439 2672 493 2699 ost
517 2672 651 2700 statuta
676 2677 798 2701 eorum
818 2666 857 2699 in
882 2665 1020 2699 hordeo
1044 2664 1182 2705 diaria,
1214 2665 1398 2709 accipiunt
1412 2663 1522 2697 simul
1545 2667 1583 2695 et
1605 2659 1718 2693 semel
1743 2659 1783 2690 in

346 2723 415 2746 una
442 2725 555 2747 massa
580 2713 635 2747 ibi
659 2713 841 2754 locorum,
868 2712 934 2747 ubi
958 2711 1210 2751 combinantur
1237 2711 1390 2752 bestiae,
1416 2709 1473 2755 [id
1499 2709 1607 2743 estin
1630 2704 1784 2750 singulis
