1878 3112
387 112 742 156 CONSTANTlNl
789 112 985 156 PORPH-
1025 112 1390 155 DEKCERIMON.
1492 95 1591 148 501

176 217 319 271 χείρῑα
345 213 657 268 βασταζόντων·
712 217 795 258 τῶν
822 217 868 257 δὲ
893 213 1118 269 δημάρχων
1146 213 1384 270 φορούντων
1410 213 1464 254 τοὶ
1491 229 1602 268 νικη-

177 278 270 322 τικὰ
311 280 451 322 αιῖτῶν
487 281 634 334 σαγία,
676 283 750 322 καί
789 282 870 322 τῶν
910 278 1123 335 ἀρχόντων
1150 275 1289 321 αὐτῶν
1327 280 1502 332 καμίσια
1530 282 1603 320 καί

174 346 399 399 χλανίδια.
443 348 488 388 ἐν
514 341 575 395 οἷς
601 343 843 402 ἐξεφωνὴθη
870 347 914 387 ἒν
940 346 1122 401 πρώτοις
1150 342 1304 393 οὕτως·
1349 342 1477 397 ,,δὸξα
1507 346 1640 402 &agio

176 408 466 466 τῴᾶποδόντι
495 409 597 466 ἡμῖν
635 410 740 463 μετὰ
779 411 893 465 νίκης
926 408 1022 460 τούς
1059 412 1191 460 ἰδίους
1226 406 1443 458 δεσπότας·
1499 406 1600 460 δόξα

150 472 274 532 ὅθεῷ
297 476 356 532 τῷ
380 473 663 530 μεγαλύναντι
698 474 829 528 ὑμᾶς,
873 472 1174 531 αὖτοκράτορες
1206 475 1442 528 Ῥωμαίων·
1499 474 1601 525 δόξα

174 538 263 592 σοι’,
302 542 485 594 παναγία
511 539 653 595 τριὰς,
698 538 762 583 ὅτι
790 540 956 594 εἴδομεν
982 538 1227 596 νικήσαντας
1252 538 1349 590 τούς
1374 540 1506 588 ἰδίους
1534 541 1602 580 δε·-

171 601 343 652 σπότας·
370 607 507 655 καλῶς
527 601 676 659 ἤλθετε
696 604 944 662 νικήσαντες,
975 606 1250 661 α’νὸριώτατοι
1271 602 1501 646 δεσπόται.”
1529 605 1603 644 καί

171 667 299 711 λοιπὰ
326 668 708 726 ἒπευφημήσθησαν
735 670 917 726 νικητικά
934 704 946 725 ,
974 674 1049 713 καί
1073 672 1314 713 α’πελατικοί
1338 668 1602 726 στρατηγικοί
1610 680 1674 718 Ed,
1684 680 1793 726 L.289

173 736 431 790 ἐλέχθησαν,
473 734 708 791 ἔμπροσθεν
734 734 1072 791 περιπατούντων
1095 738 1178 778 τῶν
1206 737 1283 778 δύο
1308 738 1459 791 μερῶν.
1515 731 1597 776 ἆπό

123 801 222 843 ιοδὲ
245 802 329 842 τῶν
363 800 636 857 Ἀβραμιτῶν
663 801 856 851 ἐλθόντες
880 803 926 844 ἐν
951 805 1000 859 τῇ
1022 803 1166 859 χρυσῇ
1191 800 1319 858 πόρτῃ
1335 834 1346 855 ,
1404 801 1462 850 ὦς
1488 800 1600 846 εἴπο-

170 881 272 918 μεν,
313 867 541 922 α’νοιγείσης
568 867 731 921 αὐτοῖς,
759 865 938 923 ἔστησαν
965 866 1045 924 πρὸ
1081 868 1157 922 τῆς
1181 864 1346 910 εἰσόδου
1375 867 1502 921 ου’τῆς
1527 866 1600 906 εὖ-

172 933 456 986 φημησθὲντες
483 931 660 985 ὅμοίως.
717 930 929 986 δεξάμενοι
958 934 1091 975 ἐκεῖσε
1117 930 1190 974 τὸν
1216 930 1399 987 ἔπαρχον
1423 933 1495 986 τῆς
1522 929 1599 972 πό-

170 999 275 1044 λεως
299 998 374 1037 καί
404 995 478 1038 τὸν
506 993 744 1051 ἇπομονέα,
774 999 918 1047 οἵτινες
945 997 1137 1047 πεσόντες
1163 996 1500 1054 προσεκύνησαν,
1528 999 1601 1038 καί

169 1059 452 1117 προσήνεγκαν
475 1063 536 1119 τῷ
561 1061 835 1118 αὐτοκράτορι
862 1065 1066 1119 στέφανον
1089 1053 1280 1119 χρυσοῦν
1305 1060 1409 1103 κατὰ
1429 1059 1499 1104 τὸν
1516 1078 1598 1102 πα-

121 1125 289 1168 ιόλαιόν
313 1125 456 1180 τύπον,
482 1129 556 1168 καί
582 1125 751 1182 ἑτέρους
778 1124 859 1169 cino
889 1130 1084 1184 ὃαφνῶν,
1113 1128 1172 1176 αἷς
1198 1129 1270 1183 τῆς
1296 1130 1408 1182 νίκης
1434 1124 1596 1180 σύμβο·

165 1195 242 1233 λα·
297 1189 446 1244 ἔλαβον
473 1192 520 1233 δὲ
549 1190 589 1234 οἶ
614 1189 740 1234 αὐτοὶ
759 1193 875 1249 παρὰ
904 1196 983 1235 τοῦ
1016 1195 1222 1247 βασιλέως
1251 1194 1490 1246 νομίσματα
1513 1191 1598 1246 χά-

166 1271 308 1312 ραγμα
338 1254 413 1312 τήν
438 1256 571 1313 τιμήν,
599 1260 675 1300 καί
698 1258 838 1311 πλείω,
866 1261 942 1300 τοῦ
973 1261 1138 1314 χρυσοῦ
1164 1257 1383 1315 στεφάνου.
1435 1259 1516 1299 τῶν
1545 1258 1628 1298 δὲΒ

163 1322 305 1378 μερῶν
340 1320 662 1378 πληρωσάντων,
684 1324 897 1378 εἰσῆλθον
923 1324 1000 1380 τήν
1030 1325 1196 1380 χρυσῆν
1229 1321 1411 1378 μεγάλην
1436 1323 1595 1376 πόρταν

166 1385 506 1442 δηριγευόμενοι,
533 1391 607 1430 καί
644 1383 775 1443 ἦλθον
804 1391 850 1432 ἐν
878 1392 935 1447 τῷ
959 1392 1154 1445 σίγματι,
1187 1391 1262 1430 καί
1285 1387 1355 1430 διὰ
1384 1390 1465 1429 τῶν
1500 1385 1595 1442 ᾰρι-

111 1452 321 1507 ποστερῶν
346 1453 391 1494 ἐν
415 1454 472 1509 τῷ
497 1454 704 1511 ἐξακιονίιρ
742 1457 816 1496 καί
848 1454 1086 1512 ξηρολόφῳ,
1123 1451 1272 1497 αὗτίκα
1298 1452 1366 1495 τὸν
1391 1453 1494 1506 βοῦν
1520 1451 1593 1493 καὶ

161 1573 263 1607 ribus
299 1574 469 1616 corollas,
503 1577 543 1607 in
578 1575 743 1609 manibus
770 1577 1003 1619 manucciola.
1060 1576 1271 1609 Factionum
1303 1573 1462 1618 magistri
1487 1584 1588 1617 gere-

161 1619 251 1652 bant
278 1630 361 1664 saga
394 1632 459 1654 sua
490 1622 717 1663 victorialia,
753 1633 818 1656 seu
852 1622 985 1668 quibus
1018 1627 1170 1655 utuntur
1203 1621 1389 1655 victoriam
1420 1620 1459 1652 in
1490 1619 1587 1652 ludis

161 1666 380 1699 circensibus
421 1667 562 1712 adepti;
587 1667 775 1702 archontes
811 1669 957 1702 tandem
981 1679 1044 1701 seu
1078 1668 1184 1700 duces
1209 1667 1383 1700 militares
1407 1666 1451 1699 ab
1477 1675 1586 1710 expe-

162 1711 304 1745 ditione
335 1712 482 1746 reduces
515 1713 687 1758 gerebant
729 1715 874 1747 camisia
910 1720 946 1748 et
978 1715 1128 1747 tunicas.
1177 1713 1479 1752 Acclamationes‚
1503 1712 1587 1758 qui-

159 1759 230 1792 bus
261 1758 516 1803 Imperatorem
551 1761 803 1805 excipiebant,
833 1762 970 1805 primae
1004 1767 1106 1794 erant
1138 1760 1226 1793 hae:
1261 1761 1359 1794 Laus
1390 1759 1497 1798 Deo,
1518 1759 1589 1805 qui

159 1805 266 1839 nobis
279 1805 454 1840 Dominos
469 1815 612 1841 nostros
635 1819 714 1842 cum
732 1809 894 1842 victoria
904 1808 1064 1843 restituit
1072 1821 1086 1850 ‚·
1108 1809 1190 1840 laus
1211 1807 1288 1840 Deo
1324 1804 1585 1850 magnificanti

157 1862 235 1891 vos,
257 1850 500 1897 Imperatores
517 1854 779 1897 Rornanorum,-
809 1856 892 1887 laus
926 1855 1016 1893 tibi,
1048 1854 1275 1886 sanctissima
1304 1852 1474 1890 trinitas,
1495 1862 1584 1895 pro-

153 1906 284 1944 pterea
321 1897 423 1945 quod
461 1901 677 1934 victoriosos
715 1899 876 1934 videmus
905 1909 1047 1934 nostros
1090 1900 1287 1942 Dominos;
1314 1897 1582 1932 beneveneritis

156 1944 342 1983 victores,
370 1945 572 1992 Jbrtissimi
598 1947 759 1980 Domini.
819 1947 988 1991 Reliquas
1012 1946 1117 1979 mitto
1149 1943 1580 1977 faustas-acclamationes

155 1989 380 2030 victoriales,
405 1996 442 2023 et
464 1992 639 2036 apelatica
675 1993 861 2036 strategica
886 2003 947 2025 seu
972 1991 1215 2036 prosecutor-ia
1253 1989 1393 2023 ducalia
1420 1987 1491 2034 [vel
1513 1987 1584 2031 hy-

156 2039 281 2077 mnosg
314 2036 447 2083 quibus
482 2038 634 2070 victores
665 2039 900 2083 Imperatores
925 2039 1098 2071 militares
1122 2037 1291 2082 prosequi
1322 2046 1398 2069 mos
1433 2034 1520 2081 est],
1541 2037 1579 2066 et

155 2092 248 2161 Eos
280 2084 544 2126 praecedentes
592 2095 710 2118 coram
742 2085 907 2118 Dominis
948 2084 1075 2118 ambae
1106 2084 1280 2116 sactiones
1315 2093 1335 2114 a
1358 2080 1576 2114 monasterio

213 2129 419 2162 ramitarum
442 2130 527 2163 inde
553 2141 666 2176 usque
690 2130 736 2162 ad
768 2142 912 2165 auream
940 2136 1080 2176 portam
1103 2129 1312 2163 recitabant.
1359 2128 1488 2162 Coram
1512 2137 1578 2158 au-

156 2183 217 2206 rea
239 2185 335 2207 vero·
349 2181 471 2220 porta,
496 2187 608 2221 quae,
633 2182 675 2210 ut
698 2176 872 2217 diximus,
896 2183 1018 2222 aperta
1042 2178 1201 2221 ipsorum
1224 2173 1577 2208 intromittendornm

154 2229 260 2252 causa
298 2220 437 2262 fuerat,
475 2222 719 2256 subsistebant
748 2223 815 2256 sub
839 2224 965 2258 faustis
1008 2222 1324 2256 acclamationibus
1355 2220 1575 2264 excipientes

154 2266 373 2310 praesectum
396 2267 500 2313 Urbis
533 2274 570 2302 et
613 2280 852 2314 apomoneum
883 2281 946 2303 seu
980 2270 1151 2303 vicarium
1186 2269 1341 2314 regium,
1374 2266 1439 2310 qui
1472 2265 1574 2297 humi

153 2312 379 2355 procidentes
409 2315 562 2359 primum
592 2315 808 2357 adorabant,
849 2322 886 2350 et
925 2317 1010 2350 dein
1040 2315 1238 2349 offerebant
1268 2313 1401 2346 seniori
1435 2320 1573 2343 summo

154 2358 365 2401 Imperatori
388 2370 529 2394 auream
553 2373 720 2395 coronam
744 2363 937 2396 secundum
961 2369 1115 2396 veterem
1138 2363 1247 2395 ritum
1270 2361 1430 2403 aliasque
1466 2358 1569 2389 lauro

154 2403 286 2444 factas,
309 2409 351 2437 ut
372 2406 542 2439 victoriae
566 2408 713 2446 indices.
738 2409 784 2441 Hi
807 2420 873 2454 pro
898 2420 1006 2442 aurea
1031 2420 1159 2442 corona
1183 2417 1346 2440 nummos
1370 2413 1496 2436 aureos
1521 2400 1567 2432 ab

153 2449 371 2493 Imperatore
395 2452 620 2496 accipiebant
641 2466 714 2487 non
748 2460 888 2488 tantum
912 2460 1106 2501 aequantes
1131 2460 1168 2488 et
1194 2455 1480 2498 compensan·es‚
1505 2446 1568 2480 sed

155 2495 263 2529 etiam
297 2496 507 2530 excedentes
543 2500 696 2545 impensi
728 2502 806 2535 auri
839 2503 1006 2546 pretium.
1060 2502 1143 2534 Post
1164 2500 1345 2532 absolutas
1370 2497 1565 2528 factionum

104 2564 110 2569 -
154 2541 288 2574 faustas
320 2543 591 2578 acclamationes
625 2547 809 2581 intrabant
838 2548 983 2580 Domini
1018 2558 1082 2592 per
1112 2557 1254 2591 magnas
1287 2553 1415 2575 aureae
1440 2545 1566 2584 portae

153 2588 291 2627 valvas,
323 2593 360 2620 et
393 2588 543 2624 abibant
572 2603 678 2636 porro
694 2619 703 2633 ,
740 2594 863 2638 stipati
897 2604 916 2625 a
940 2594 1147 2638 proceribus
1163 2619 1174 2633 ,
1197 2591 1243 2623 ad
1266 2591 1395 2633 sigma„
1420 2592 1456 2618 ct
1480 2586 1564 2618 ‘¹05⁰

153 2634 312 2666 conversi
344 2634 390 2667 ad
420 2635 600 2670 sinistram
623 2639 661 2672 in
691 2637 960 2680 hexacionium,
995 2641 1032 2672 in
1057 2638 1311 2683 xerolophum,
1336 2635 1460 2667 bovem
1475 2658 1484 2671 ‚
1509 2643 1566 2663 ca·

151 2680 340 2724 pitolium,
372 2679 682 2728 philadelphium,
712 2690 876 2725 taurum,
908 2686 1124 2730 artopolium
1150 2690 1186 2717 et
1209 2683 1334 2716 forum.
1383 2682 1423 2712 In
1447 2678 1563 2711 sorum
