1878 3112
347 97 467 165 436
508 93 513 99 ’
633 112 989 158 CONSTANTINI
1030 111 1509 154 PORPHYRonm

150 216 476 267 Με.ι69.1)πολλὰ
507 216 566 273 τῷ
594 210 703 272 ὄχλῳ
734 215 808 255 καί
833 211 908 255 τὸν
934 211 1004 254 διὰ
1029 214 1155 265 λιμοῦ
1175 212 1370 265 θάνατον,
1400 212 1474 253 καί
1495 211 1700 260 ἱππεύσας
1718 213 1791 253 καὶ

151 288 336 325 E‹1.L.253
349 280 526 322 διελθών
552 277 622 320 διὰ
656 281 732 319 τοῦ
759 279 900 331 μιλίου
929 283 1012 327 τοῖς
1041 273 1278 332 ἆρτοποιοϊς
1306 276 1596 333 παρήγγειλεν,
1634 272 1788 332 ἄρτους

342 347 448 401 μήτε
471 349 602 386 ποιεῖν
618 375 630 396 ,
669 345 775 398 μήτε
798 345 858 392 εἰς
877 339 1033 398 ἇγορὰν
1054 345 1344 398 προτίθεσθαι.
1397 341 1582 384 ἀνελθών
1604 344 1650 383 δὲ
1666 343 1710 383 ἐν
1729 342 1786 399 τῷ

344 407 529 466 παλατίῳ
554 410 627 450 καί
651 407 749 458 τούς
769 409 921 456 παῖδας
942 408 1171 460 εΡιιο,ιιανοΰ’
1193 410 1271 449 τοῦ
1290 409 1492 461 βασιλέως
1509 410 1607 460 μεθ’
1632 405 1788 449 ἑαυτοῦ

344 474 499 528 λαβών,
527 472 598 515 διὰ
620 475 702 515 τῶν
730 469 814 515 ἅνω
839 474 1088 526 ὃιαβατικῶν
1115 475 1320 527 κατῆλθεν
1347 475 1391 515 ἐν
1417 474 1466 527 τῇ
1487 473 1678 530 ἐκκλησία
1696 469 1812 528 αῗρᾳὸ

345 539 531 595 ἀρίστου,
558 537 618 593 μή
643 533 756 587 ὄντος
778 540 853 579 τοῦ
881 539 989 579 λαοῦ
1017 539 1061 579 ἐν
1088 539 1138 594 τῇ
1163 540 1366 596 ἑκκλησιᾲ,
1395 535 1468 578 καί
1491 537 1789 592 παρακαλέσας

344 603 419 646 τὸν
443 601 671 659 μάγιστρον
699 599 799 659 ἦρεν
825 605 898 658 τῆς
925 603 1162 657 ἐκκλησίας,
1203 605 1276 645 καί
1302 603 1543 644 ἀπέστειλεν
1570 605 1615 644 ἐν
1639 604 1696 659 ’τῷ
1725 600 1788 643 οἴ-

344 685 402 726 κῳ
432 668 594 710 αὐτοῦ.
648 671 723 711 τοῦ
759 670 806 710 δὲ
848 669 952 709 λαοῦ
991 666 1038 709 τὸ
1071 666 1248 710 δειλινὸν
1275 668 1469 716 ἐλθόντος
1496 669 1540 709 ἐν
1565 668 1617 723 τῇ
1643 669 1787 722 ἐκκλη-

343 736 415 792 σίᾳ
459 731 531 774 καί
554 731 624 775 τὸν
650 732 878 789 μάγιστρον
905 731 964 787 μὴ
994 731 1210 788 εὑρόντων,
1240 735 1531 789 ταραχθέντες,
1558 735 1718 786 μᾶλλον
1739 733 1786 774 δὲ

342 798 539 852 μανέντες
548 804 574 850 ,⁴
601 794 766 851 ἆτιζιιοις
794 804 949 855 φωναῖς
979 798 1084 854 πρὸς
1110 796 1182 840 τὸν
1210 798 1470 853 πατριάρχην
1498 797 1568 839 καί
1590 795 1636 840 τὸ
1667 799 1836 852 ispa-10

343 870 454 905 τεῖον
483 865 680 919 ἐχρῶντο,
710 863 766 914 ὥς
794 861 860 906 ὅτι
889 868 988 919 παρ’
1016 861 1157 906 αὐτῶν
1185 863 1408 919 προεδόθη,
1437 865 1509 904 καί
1536 862 1713 904 λιθάσαι
1740 863 1784 903 ἐ-

309 928 566 985 Βπεχείρουν
593 929 689 978 τούς
716 931 793 971 τοῦ
832 930 1009 985 κλήρου.
1066 927 1087 969 ὅ
1117 930 1164 970 δὲ
1202 929 1464 985 πατριάρχης
1491 929 1784 982 ἐδηλοποίησεν

342 993 415 1036 τὸν
441 993 682 1050 μάγιστρον,
712 995 849 1036 ἐλθεῖν
877 996 922 1036 ἐν
950 996 1000 1051 τῇ
1029 995 1221 1052 ἐκκλησίᾳ
1249 993 1320 1035 καί
1345 995 1581 1048 εἷρηνεῧσαι
1603 991 1678 1034 τὸν
1708 996 1784 1034 λα-

344 1058 414 1101 όν.
474 1058 499 1099 ὅ
537 1061 584 1100 δὲ
620 1061 911 1114 ἐδηλοποιήσεν
951 1062 1077 1100 τοῦτο
1119 1057 1192 1101 τὸν
1229 1057 1629 1114 παρακοιμιόμενον·
1683 1056 1706 1098 ὗ
1736 1058 1784 1098 δὲ

343 1124 418 1166 οὐκ
448 1125 675 1178 ἐπέτρεψεν
702 1125 833 1166 τοῦτο.
889 1123 1012 1179 γνοὺς
1040 1126 1086 1164 δὲ
1112 1126 1232 1166 τοῦτο
1262 1125 1284 1165 ὁ
1312 1122 1436 1176 λαὸς,
1466 1123 1598 1180 ζήλῳ,
1640 1119 1696 1171 ὥς
1723 1118 1838 1163 εἶ’-15

342 1205 498 1242 πωμεν,
525 1190 627 1247 θείῳ
658 1189 893 1244 φερόμενοι,
925 1188 963 1230 οἱ
990 1191 1069 1241 μὲν
1097 1187 1202 1244 πρὸς
1228 1189 1300 1230 τὸν
1328 1186 1438 1230 οἶκον
1466 1190 1540 1230 τοῦ
1567 1186 1784 1243 πανευφή-

341 1269 425 1307 μου
454 1253 682 1309 μαγίστρου
714 1251 889 1295 ἀπίεσαν
919 1255 1104 1309 φυλάξαι
1132 1256 1280 1295 τοῦτον
1308 1253 1678 1306 ἀνεπιβούλευτον·
1741 1252 1784 1294 οἱ

345 1321 392 1360 δὲ
422 1320 587 1368 πλείους
615 1320 658 1359 ἐν
694 1321 742 1375 τῇ
771 1318 963 1375 ἐκκλησίᾳ
991 1319 1360 1371 ἑναπομείναντες,
1404 1317 1539 1359 πάντα
1578 1315 1628 1359 τὰ
1656 1318 1701 1359 ἒν
1728 1318 1783 1374 τῇ

343 1383 537 1441 ἐκκλησίᾳ
564 1385 609 1425 ἐκ
638 1385 770 1435 ξύλων
798 1382 926 1437 σκεύη
956 1380 1062 1426 ὅπλα
1091 1382 1351 1438 χρησάμενοι
1371 1415 1382 1436 ,
1412 1385 1586 1438 ἐξῆλθον
1613 1385 1688 1438 τῆς
1714 1384 1783 1424 ἐκ·-

344 1450 538 1504 κλησίας,
581 1447 654 1489 καὶ
677 1454 762 1496 τοῖς
790 1445 1061 1504 ἆνταίρουσιν
1088 1450 1439 1504 προσβάλλοντες,
1469 1448 1834 1503 παρατεταγμέ-αο

343 1530 429 1565 νοις
457 1509 574 1557 οὖσιν
601 1515 646 1556 ἐν
674 1510 814 1563 ὅπλοις
841 1513 1088 1556 Μακεδόσιν
1115 1515 1188 1555 καί
1215 1512 1496 1567 αἰχμαλώτοις
1532 1514 1614 1556 τῶν
1649 1509 1787 1567 Ἀγά-,

345 1635 621 1681 colloquebatur
646 1635 699 1668 ibi
725 1646 806 1668 cum
831 1635 912 1680 ipso
937 1640 974 1669 et
1007 1636 1186 1677 clericis,‘
1206 1635 1448 1669 descendebat
1470 1647 1613 1677 rursus,
1647 1636 1780 1669 multa-

345 1694 416 1728 que
441 1683 519 1716 dira
545 1682 846 1715 interminabatur
871 1682 1006 1726 populo
1040 1681 1158 1728 [apud
1183 1683 1369 1716 ecclesiam
1395 1683 1526 1723 stanti,
1562 1684 1593 1716 si
1618 1687 1782 1728 pergeret

345 1729 496 1763 Bardam
533 1729 629 1761 tueri
644 1729 669 1775 ,]
719 1734 755 1762 et
781 1730 878 1761 inter
902 1729 974 1761 alia
1003 1739 1165 1762 annonae
1199 1729 1497 1773 interceptionem
1525 1729 1780 1773 exitialemque

343 1777 486 1811 famem.
533 1776 642 1808 Extra
677 1775 806 1818 templi
834 1774 1010 1807 ambitum
1044 1775 1208 1808 inscenso
1235 1786 1348 1821 equo,
1391 1775 1536 1816 abibat,
1568 1775 1781 1820 miliumque

345 1834 410 1856 seu
446 1821 655 1854 milliarium
688 1821 898 1860 traiiciens,
932 1821 997 1854 ubi
1025 1821 1143 1853 forum
1179 1827 1256 1854 erat
1284 1823 1498 1866 pistorium,
1538 1821 1783 1856 interdicebat

342 1867 544 1916 pistoribus
571 1868 670 1900 omni
706 1867 875 1911 panificio
901 1872 938 1900 et
970 1867 1197 1912 expositione
1234 1867 1414 1901 vendendi
1437 1869 1550 1912 panis.
1602 1867 1696 1902 Dein
1720 1877 1781 1899 re-

345 1926 483 1961 gressus
518 1915 555 1946 in
589 1913 783 1957 palatium,
821 1914 1058 1958 assumtisque
1092 1924 1214 1946 secum
1241 1914 1324 1946 filiis
1350 1915 1497 1948 Romani
1535 1914 1676 1957 Imper.,
1713 1912 1780 1945 de-

345 1960 539 1994 scendebat
571 1970 634 2003 per
668 1959 852 2004 superiora
887 1958 1065 1992 diabatica
1090 1970 1152 1992 seu
1186 1961 1345 2004 porticus
1386 1960 1424 1992 in
1463 1961 1650 1992 ecclesiam
1686 1959 1781 1992 circa

344 2006 552 2044 meridiem,
581 2011 762 2050 tempore,
788 2017 858 2050 quo
883 2004 1104 2049 prandetur,
1129 2005 1292 2051 adeoque
1317 2017 1422 2039 nemo
1451 2006 1549 2038 intus
1574 2010 1669 2047 erat3
1694 2004 1782 2037 hor-

344 2053 618 2096 tationibusque
654 2057 690 2084 et
717 2051 900 2096 promissis
939 2052 1132 2096 pellectum
1166 2051 1378 2085 extrahebat
1411 2063 1454 2084 ex
1485 2051 1633 2084 ecclesia
1668 2050 1781 2095 magi-

345 2105 481 2137 strum,
518 2103 625 2142 atque
650 2098 690 2130 in
716 2108 814 2130 suam
858 2095 1061 2143 [magistri]
1093 2096 1236 2130 domum
1261 2097 1479 2133 remittebat.
1526 2098 1678 2142 Populus
1704 2098 1781 2130 ita-

347 2156 418 2190 que
440 2155 587 2188 vespere
614 2142 660 2175 ad
697 2144 885 2176 ecclesiam
911 2142 1053 2176 rediens
1078 2147 1115 2176 et
1137 2145 1340 2187 magistrum
1365 2155 1438 2176 non
1471 2143 1678 2183 inveniens,
1715 2154 1781 2176 ex..

349 2191 499 2225 sternati
527 2195 588 2222 aut
611 2190 732 2233 potius
766 2189 896 2233 perciti
922 2189 1061 2228 furore,
1099 2189 1280 2232 probrosis
1312 2189 1430 2222 verbis
1464 2189 1692 2223 lacessebant
1713 2201 1779 2233 pa-

348 2235 541 2271 triarcham
566 2240 602 2268 et
630 2234 792 2268 ordinem
817 2245 959 2267 omnem
984 2234 1237 2268 sacerdotalem
1253 2260 1262 2275 ‚
1298 2240 1338 2267 ut
1362 2235 1424 2280 qui
1450 2237 1648 2280 supplicem
1673 2247 1779 2268 suum

345 2282 595 2328 prodiderint,
633 2286 670 2313 et
693 2281 764 2312 iam
798 2281 1039 2314 instituebant
1070 2281 1279 2314 clericorum
1308 2281 1448 2327 aliquos
1471 2285 1562 2316 saxis
1589 2284 1778 2327 impetere.

347 2327 547 2363 Patriarcha
573 2328 680 2372 igitur
702 2326 927 2371 significabat
951 2328 1116 2372 magistro
1131 2352 1140 2367 ,
1165 2327 1380 2360 veniendum
1405 2328 1475 2372 ipsi
1500 2340 1576 2362 esse
1600 2330 1638 2362 in
1663 2328 1778 2362 eccle-

350 2377 439 2409 siam
463 2373 707 2420 populumque
733 2384 795 2406 sua
821 2374 1023 2417 praesentia
1053 2373 1274 2417 placandum.
1323 2373 1493 2418 Magister
1530 2376 1607 2408 eius
1631 2374 1685 2407 rei
1707 2386 1780 2407 no—

350 2423 470 2456 titiam
506 2419 704 2453 accubitori
743 2418 852 2452 dabat
885 2421 1028 2452 veniam
1052 2430 1184 2464 rogans.
1234 2419 1300 2452 Ille
1323 2431 1406 2452 vero
1430 2432 1503 2455 non
1527 2420 1671 2454 sinebat
1695 2431 1777 2454 eum

349 2468 462 2502 abire.
513 2466 594 2510 Quo
620 2466 776 2511 cognit0‚
799 2465 953 2510 populus
980 2465 1123 2506 divino,
1156 2471 1198 2498 ut
1223 2466 1328 2498 modo
1353 2465 1579 2507 dicebamus,
1609 2467 1686 2500 zelo
1710 2467 1778 2500 ab-

349 2515 463 2554 latus,
493 2523 575 2557 pars
600 2512 646 2545 ad
669 2511 775 2545 aedes
800 2511 1037 2545 laudatissimi
1059 2512 1219 2554 magistri
1244 2511 1415 2553 abibant,
1449 2525 1469 2546 a
1491 2514 1600 2546 noxia
1624 2518 1662 2546 et
1683 2514 1775 2547 insi-

349 2561 419 2595 diis
446 2570 527 2594 eum
550 2560 700 2602 tuituri;
723 2558 869 2603 plurimi
895 2563 1036 2598 autem,
1060 2560 1232 2603 correptis
1247 2583 1256 2598 ‚
1279 2563 1458 2604 quotquot
1482 2559 1520 2592 in
1545 2559 1695 2592 ecclesia
1719 2569 1778 2593 re-

347 2606 567 2652 periebant,
602 2604 826 2648 lignamentis
862 2606 959 2638 etin
995 2615 1170 2638 armorum
1194 2616 1296 2637 usum
1329 2605 1526 2645 conversis,
1556 2605 1776 2640 invadebant

350 2652 531 2688 adversam
554 2657 715 2697 partem,
739 2661 831 2698 quae
859 2655 993 2685 armata
1018 2652 1057 2684 in
1081 2651 1158 2685 acie
1181 2650 1373 2692 adstabat,
1418 2650 1630 2686 Macedones
1654 2652 1774 2697 capti,
