1878 3112
300 91 414 162 344
579 108 939 155 οοΝεΤΑΝΤιΝι
982 110 1463 157 PORPHYROGENm

299 212 375 255 καί
398 209 582 269 ὕπερθεν
606 213 748 254 αὐτῶν
769 213 1040 264 πλακοῦντας.
1096 214 1142 256 ἓν
1168 215 1217 256 δὲ
1244 215 1306 272 τῷ
1331 212 1460 274 ἑτέρῳ
1488 215 1662 274 καμπτῷ
1680 218 1753 259 καὶ

299 281 347 321 ἐν
375 278 596 335 διαφόροις
621 276 763 327 τόποις
790 279 867 321 τοῦ
887 275 1062 335 εὖρίπου
1092 281 1467 335 προστοιβάζουσιν
1494 280 1651 335 ὅμοίως
1675 280 1754 323 λοί-

298 343 414 398 χανά
442 359 488 385 τε
515 344 589 385 καί
622 345 906 398 πλακοῦντας,
945 339 1073 400 ἤγουν
1109 348 1162 404 τῇ
1200 344 1279 402 πρὸ
1320 349 1426 400 μιᾶς
1451 349 1529 389 τοῦ
1565 345 1751 389 ἱππικοῦ·

303 405 425 460 οὗτος
455 411 502 451 δὲ
531 407 553 451 ὅ
581 410 769 463 καμπτὸς
795 412 880 454 τῶν
907 413 1142 468 Πρασίνων
1169 415 1289 456 ἓνεκα
1315 414 1393 455 τοῦ
1419 414 1587 456 κυλίσαι
1613 430 1752 470 παρα-Ι

268 474 572 534 ρφυλάττεται.
628 478 822 520 ἵστανται
862 478 910 519 δὲ
949 477 1025 520 καὶ
1057 477 1103 521 αἱ
1141 481 1269 535 βῆγαι
1295 481 1340 522 ἐν
1376 486 1462 531 τοῖς
1498 478 1777 536 κριταρίοις,5

301 539 410 596 μετὰ
437 542 484 584 δὲ
511 540 559 584 τό
588 543 774 594 ἐξελθεῖν
799 540 871 586 τόν
896 545 1076 598 βασιλέα
1104 545 1150 587 έν
1175 546 1236 604 τῷ
1261 547 1497 599 καθίσματι
1524 547 1595 588 καί
1613 562 1755 602 σφρα-

311 606 433 662 γίσαι
458 606 532 650 τὸν
559 606 663 650 λαὸν
690 607 763 651 καὶ
780 610 955 652 καθίσαι
986 608 1114 653 αὐτὸν
1141 612 1188 653 ἐν
1215 612 1273 670 τῷ
1301 612 1469 671 σέντζῳ,
1495 613 1755 667 τελεσθείσης

302 674 380 729 τῆς
407 674 728 731 προσκυνήσεως
754 677 838 718 τῶν
865 678 1120 732 πατρικίων,
1160 677 1202 718 εἷ
1225 674 1385 731 τύχωσι
1412 678 1485 720 καί
1511 676 1754 733 στρατηγοὶ,

303 737 503 796 ἔρχονται
530 739 584 782 τὰ
613 746 799 796 πρωτεῖα
826 742 910 784 τῶν
935 743 1075 798 μερῶν
1099 740 1206 796 μετὰ
1235 741 1309 784 καί
1332 744 1527 799 σταυρῶν
1550 741 1755 799 ῥοδοπλό-

304 822 416 859 κων,
444 808 518 848 καί
541 806 734 849 ἵστανται
762 808 807 850 ἐν
834 813 928 858 ταῖς
951 810 1228 865 διασφαγαῖς,
1257 806 1330 850 καὶ
1354 805 1433 851 εἶθ’
1462 805 1597 859 οὕτως
1625 810 1805 850 dmm-10

304 888 350 914 σι
384 874 518 926 νεῦμα
557 870 578 914 ὃ
617 869 867 930 ἇκτουοὶριος
907 871 989 915 ἀπὸ
1031 874 1278 928 κελευσεως,
1323 873 1398 917 καὶ
1431 873 1684 917 ἀπολύονται
1712 872 1758 916 αἱ

304 939 442 994 βῆγες.
495 936 618 994 ἧνίκα
658 941 706 981 δὲ
743 939 1035 994 καταλάβωσιν
1072 942 1118 983 ἔν
1145 943 1197 998 τῇ
1221 942 1420 999 βασιλικῇ
1457 940 1591 1001 τάβλᾳ
1629 943 1675 984 ἐν
1699 941 1760 1000 τιῇ

306 1004 541 1058 καθίσματι
555 1040 568 1059 ,
617 1005 867 1060 ἕπεύχονται
914 1005 987 1050 τὸν
1022 1010 1222 1061 βασιλέα·
1279 1003 1357 1050 εἷθ’
1406 1003 1537 1058 οὕτως
1574 1007 1687 1050 νεύει
1733 1006 1757 1050 ὅ

309 1067 560 1127 ἇκτουιέριος
588 1071 671 1114 ἀπὸ
702 1072 950 1127 κελεύσεως,
994 1073 1066 1115 καί
1092 1074 1219 1116 αὐλεῖ
1239 1072 1286 1116 τό
1314 1072 1531 1129 βασιλικόν
1558 1068 1756 1129 ὄργανον,

311 1134 439 1179 advoc*
462 1139 520 1180 δὲ
561 1141 837 1195 κατέρχονται
874 1142 956 1182 τῶν
986 1142 1128 1196 βηγιόν
1167 1136 1307 1183 αῦτῶν
1334 1139 1406 1182 ἐπὶ
1430 1138 1484 1182 τὰ
1513 1142 1643 1196 μέρη,
1685 1138 1810 1182 καίιό

266 1204 575 1260 Βεῖσέρχονται
604 1206 650 1247 ἐν
675 1207 735 1264 τῷ
755 1205 941 1260 στάματι
956 1238 968 1259 ,
999 1208 1072 1248 καί
1084 1205 1280 1260 λαβόντες
1307 1204 1406 1255 τούς
1421 1204 1657 1268 ,στεφάνους
1677 1207 1758 1260 ἆμ-
1799 1202 1818 1209 φ

308 1268 477 1327 φᾶτεροι
516 1270 681 1327 αὐτῶν,
724 1267 1068 1328 ἅπαναχωροῦσι.
1122 1275 1194 1314 καί
1229 1270 1313 1324 ,εἷθ’
1354 1269 1483 1322 οὕτως
1519 1275 1760 1330 ἐξέρχονται

306 1333 348 1380 οἷ
374 1339 668 1393 προειρημένοι
693 1340 777 1380 τῶν
803 1340 969 1394 μερῶν,
1008 1339 1079 1384 καί
1117 1339 1357 1381 ἐπιδιδόασι
1393 1338 1492 1390 τούς
1528 1338 1762 1396 σταυροὺς,

308 1402 582 1456 ἐπευξάμενοι
610 1405 658 1445 δὲ
683 1405 741 1462 τῷ
767 1407 937 1459 βασιλεῖ
945 1439 958 1458 ‚
986 1400 1201 1446 nai-advoc
1226 1401 1502 1461 ἀναχωροῦσι.
1549 1407 1642 1463 (Δ.)
1671 1404 1765 1447 Καὶ

308 1465 390 1511 εἶθ’
437 1466 569 1518 οὕτως
611 1473 794 1511 τελεῖται
822 1468 870 1512 τό
896 1471 1065 1527 πρῶτον
1100 1471 1248 1524 βαΐον,
1299 1472 1372 1513 καί
1391 1469 1692 1524 ’λαμβάνουσιν
1719 1469 1814 1513 0220

307 1536 477 1596 νικηταί
497 1535 662 1590 ἡνίοχοι
691 1533 744 1578 τοὶ
766 1534 933 1579 ἔπαθλα
962 1533 1100 1578 αὑτῶν
1121 1535 1365 1592 διπλασίως,
1394 1533 1468 1578 καί
1484 1538 1528 1587 ἐξ
1556 1535 1761 1592 αἰτήσεως

309 1601 384 1642 τοῦ
411 1602 568 1656 μέρους
606 1601 771 1645 δίδοται
799 1600 848 1644 τὰ
881 1603 1087 1658 δημόσια,
1126 1601 1198 1644 καί
1225 1600 1419 1656 λαβόντες
1446 1601 1556 1644 αὐτοὶ
1584 1604 1764 1656 χοσβαῖἰ-

311 1682 408 1721 ται,
449 1667 687 1722 ἀνάγουσιν»
713 1667 822 1711 αὐτὰ
859 1671 989 1724 μέσον
1028 1671 1104 1711 τοῦ
1133 1667 1302 1711 ἱππικοῦ
1331 1669 1377 1710 ἐν
1403 1669 1462 1727 τῷ
1497 1668 1763 1727 ἅρματουρίῳ

116 1743 223 1783 Ed.L.
240 1754 304 1780 201
316 1739 401 1775 τῶν
427 1735 603 1791 νικηταῖν
631 1733 823 1789 ἡνιόχων.
871 1734 946 1779 καὶ
966 1737 1244 1793 τελεσθέντων
1273 1735 1357 1777 τῶν
1384 1733 1420 1776 δ
1447 1736 1604 1790 βαΐων,
1631 1732 1766 1790 πράτ-

411 1835 463 1871 ¹9·
491 1826 558 1859 καὶ
580 1830 664 1859 ante
686 1811 763 1860 ἐἷθ’
788 1837 857 1862 om.
883 1827 939 1860 ed.

315 1909 369 1940 tas
415 1905 536 1950 pridie
584 1906 807 1940 decursionis
845 1907 1023 1953 equestris
1056 1908 1300 1942 accumulant:
1333 1906 1562 1944 Prasinorum
1596 1908 1692 1937 meta
1715 1903 1763 1937 ob

314 1963 442 1986 urnam
466 1953 778 1998 circumagendam
813 1953 1029 1988 custoditur.
1078 1956 1183 2000 Bigae
1210 1956 1248 1987 in
1272 1955 1426 1988 critariis
1450 1958 1564 1992 stant,
1603 1956 1639 1984 et
1662 1956 1766 1995 post-

315 2009 423 2044 quam
455 1999 653 2044 Imperator
690 2000 737 2033 ad
771 2001 892 2034 sedem
925 2012 1025 2034 suam
1060 2002 1257 2046 processit,
1289 2001 1499 2045 populoque
1532 2000 1691 2043 signato,
1724 1998 1765 2030 in

315 2045 447 2079 throno
472 2046 655 2087 consedit,
690 2053 835 2092 peracta
858 2047 1094 2091 patriciorum
1119 2053 1156 2080 et
1178 2052 1435 2096 strategorum,
1466 2047 1496 2078 si
1521 2046 1583 2090 qui
1609 2043 1764 2084 adsunt,

315 2092 549 2133 adoratffine,
573 2094 755 2138 principes
787 2095 987 2127 fact10num
1013 2105 1093 2126 cum
1118 2094 1283 2127 crucibus
1309 2105 1328 2126 e
1354 2093 1444 2126 rosis
1467 2092 1576 2125 textis
1600 2092 1764 2131 veniunt,

317 2144 356 2172 et
379 2138 426 2171 ad
450 2139 566 2172 lineas
599 2140 816 2174 subsistunt:
855 2140 1033 2173 actuarius
1071 2151 1088 2172 a
1115 2140 1286 2173 mandato
1311 2141 1452 2184 signum
1479 2139 1562 2178 dat,
1595 2143 1632 2171 ct
1657 2138 1765 2182 bigae

317 2185 516 2219 solvuntur.
566 2187 757 2232 Postquam
790 2199 874 2221 vero
899 2186 943 2219 ad
981 2188 1249 2231 Imperatoriain
1279 2186 1439 2219 tabulam
1466 2186 1503 2218 in
1536 2184 1668 2218 throno
1700 2195 1765 2218 ve—

317 2243 426 2273 nere,
463 2232 584 2266 felicia
615 2234 826 2278 Imperatori
859 2238 1069 2279 precantur:
1109 2233 1242 2266 deinde
1275 2234 1452 2267 actuarius
1477 2244 1497 2264 a
1522 2232 1690 2266 mandato
1714 2232 1768 2265 si-

318 2290 429 2327 gnum
453 2277 538 2320 dat,
564 2284 600 2313 et
625 2291 795 2325 organum
824 2281 1096 2326 Imperatorium
1122 2280 1299 2324 pulsatur,
1325 2281 1395 2325 ipsi
1422 2290 1506 2313 vero
1532 2290 1551 2312 e
1578 2279 1672 2324 bigis
1691 2278 1765 2311 suis

319 2325 366 2360 ad
402 2325 574 2361 factiones
610 2326 859 2368 descendunt,
902 2333 939 2360 et
969 2327 1161 2360 stationem
1196 2327 1373 2372 ingressi,
1415 2326 1556 2360 coronis
1590 2325 1766 2369 acceptis,

318 2372 466 2408 abeunt.
516 2372 574 2406 Sic
598 2379 726 2418 postea
747 2373 836 2407 dicti
864 2373 1072 2407 factionarii
1097 2373 1354 2418 egrediuntur,
1381 2383 1574 2418 crucesque
1598 2371 1766 2413 tradunt,

317 2424 356 2453 et
389 2419 505 2454 fausta
546 2421 759 2465 Imperatori
799 2422 956 2465 precati,
999 2419 1199 2453 discedunt.
1249 2419 1354 2465 (IV.)
1377 2420 1463 2453 Mox
1502 2420 1618 2464 prima
1649 2419 1767 2464 palma

318 2465 544 2507 celebratur,
590 2466 655 2500 ubi
690 2468 834 2512 aurigae
870 2467 1029 2510 duplicia
1060 2468 1219 2513 praemia
1250 2468 1456 2512 accipiunt,
1501 2471 1538 2499 et
1569 2464 1767 2499 secundum

318 2513 488 2547 factionis
513 2524 636 2558 preces
659 2525 806 2547 munera
843 2514 991 2559 publica
1024 2513 1310 2553 distribuuntur,
1351 2525 1444 2559 quae
1470 2511 1676 2546 chosbaitae
1703 2522 1768 2556 per

319 2559 481 2593 medium
506 2560 638 2593 circum
662 2560 707 2594 ad
731 2562 965 2594 armatorium
991 2562 1168 2595 victorum
1194 2562 1397 2606 aurigarum
1422 2559 1618 2606 perferunt.
1669 2558 1769 2603 Qua-

319 2611 403 2640 tuor
433 2606 559 2651 palmis
593 2608 786 2642 celebratis
804 2633 813 2649 ‚
846 2607 1043 2641 rationalos
1071 2607 1190 2644 omnia
1215 2619 1280 2653 pro
1315 2619 1412 2641 more
1438 2611 1569 2651 agunt,
1602 2605 1769 2649 aurigae,

318 2654 491 2697 praemiis
511 2654 684 2688 victoriae
715 2654 857 2695 induti,
883 2666 903 2687 e
931 2655 1050 2687 ianuis
1076 2655 1114 2687 in
1138 2666 1259 2687 currus
1285 2653 1533 2694 descendunt,
1565 2651 1767 2685 factionarii

319 2700 431 2751 partis
455 2701 616 2740 victricis
640 2702 780 2738 laureas
807 2713 852 2738 ex
877 2701 1071 2737 rationario
1105 2700 1345 2750 depromunt,
1378 2701 1518 2747 aurigas
1541 2700 1580 2734 in
1605 2697 1771 2733 curribus
