1884 3112
325 122 344 156 1
359 103 430 156 26
593 119 948 163 CONSTANTlNl
987 118 1468 163 PORPHYROGENITI

314 225 370 280 τῷ
395 221 507 282 αὐτῷ
533 224 708 281 σεκρέτῳ
737 222 931 277 δέχονται
957 218 1027 265 τὸν
1070 225 1244 279 βασιλέα
1282 224 1321 266 οἱ
1346 222 1554 280 πατρίκιοι
1585 221 1672 279 ἅμα
1699 226 1752 283 τῇ

314 287 536 346 συγκλήτῳ,
573 288 851 342 βαστάζοντες
879 288 1003 344 κηρία
1031 282 1130 330 ἄνευ
1162 289 1356 346 φιαλίων,
1391 287 1442 331 οὖ
1467 289 1664 333 πίπτουσι
1692 292 1753 333 δέ·

314 350 402 397 εἶτα
444 354 464 397 ὃ
496 353 693 409 βασιλευς
732 353 839 407 μετὰ
881 356 964 396 τῶν
999 351 1212 409 οἷρχὸντων
1249 358 1324 398 τοῦ
1355 355 1647 411 κουβουκλείου
1679 355 1755 398 καὶ

314 420 540 477 πατρικίων
566 422 639 461 καί
663 419 799 475 πάσης
824 421 898 475 τῆς
929 419 1179 476 συγκλήτου,
1218 420 1428 475 ὄψικεύων
1451 420 1504 464 τοὶ
1534 421 1652 476 τᾴιια
1678 419 1752 472 ξύ-

315 491 392 540 λα,
438 487 681 541 κατέρχεται
723 485 794 528 διὰ
823 489 898 528 τοῦ
926 484 1105 541 μεγάλου
1141 490 1334 542 κοχλιοῢ,
1378 487 1454 530 καί
1484 489 1672 537 ἐκκλίνας
1704 485 1778 531 τὸ5

315 549 530 605 εὐώνυμον
555 553 705 607 μέρος,
741 553 950 607 διέρχεται
978 551 1051 594 διὰ
1079 555 1156 595 τοῦ
1182 554 1501 609 διδασκαλείου,
1535 553 1641 596 ἔνθα
1662 554 1755 595 ἐπι-

313 620 543 673 γέγραπται
571 616 622 660 τὰ
653 617 881 673 πασχάλια,
910 617 983 661 καί
1007 617 1060 661 τὰ
1087 619 1233 676 βάθρα
1263 618 1490 674 κατελθών,
1519 620 1758 675 εἰσέρχεται

315 681 385 724 διά
406 685 479 739 τῆς
497 683 677 740 μεγάλης
703 683 836 740 πύλης
860 687 938 726 τοῦ
960 684 1191 741 νάρθηκος,
1238 687 1311 727 καὶ
1331 683 1405 735 τὰς
1430 683 1651 740 βασιλικάς
1673 683 1756 726 πύ-

313 753 388 799 λας
411 749 683 805 καταλαβών,
721 751 887 793 ἵσταται
897 785 911 806 ,
945 749 1116 801 ἐπιδοὺς
1142 753 1198 809 τῷ
1227 750 1485 810 πραιποσίτῳ
1509 750 1675 807 κηριόν,
1711 745 1755 792 ὅ-

136 827 199 862 Ed.
211 828 249 863 L,
263 830 389 875 7571ng
425 817 612 871 κατέχει,
653 816 726 859 καί
761 818 880 873 ἕτερα
919 820 1019 873 παρ’
1056 817 1189 860 αὐτοῦ
1230 815 1373 872 λαβὼν
1410 817 1485 860 καὶ
1517 817 1808 871 εὕξάμενος,ιο

313 883 556 926 ἐπιδίδωσιν
589 879 695 925 αὖτά
725 885 782 942 τῷ
810 882 1096 941 πραιποσίτῳ,
1156 882 1179 925 ὅ
1210 884 1258 925 δὲ
1293 884 1566 940 πραιπόσιτος
1595 884 1654 941 τῷ
1683 884 1782 947 τῆς,

312 948 625 1003 καταστάσεως.
681 947 824 992 ἔπειτα
863 948 1066 1004 λαμβάνει
1103 948 1149 992 τὸ
1196 951 1422 993 λιτανίκιον
1459 946 1594 991 αὐτοῦ
1631 947 1757 991 πάλιν

312 1013 429 1071 παρὰ
459 1017 534 1057 τοῦ
558 1017 850 1071 πραιποσίτου,
878 1015 952 1058 καί
971 1015 1262 1072 προσκυνήσας
1278 1013 1327 1058 τὸ
1346 1010 1557 1071 ἄχραντον
1584 1015 1758 1070 εὐαγγέ-

311 1084 424 1134 λιον,
455 1082 668 1137 διέρχεται
695 1080 802 1135 μετά
819 1083 895 1124 τοῦ
919 1083 1182 1139 πατριάρχου
1206 1083 1336 1137 μέσον
1356 1083 1432 1125 τοῦ
1450 1084 1578 1136 ναοῦ,
1615 1079 1688 1123 καί
1711 1081 1759 1122 ἐν

311 1152 396 1195 τοῖς
424 1146 572 1196 δεξιοῖς
600 1147 749 1203 μέρεσι
777 1150 854 1190 τοῦ
890 1143 1081 1202 ἄμβωνος
1112 1150 1344 1204 εἰσέρχεται
1373 1147 1446 1190 διά
1475 1149 1551 1203 τῆς
1582 1147 1809 1199 σωλέας,15

311 1214 395 1254 τῶν
415 1211 645 1269 πατρικίων
671 1209 861 1256 ἑστώτων
883 1214 942 1262 εἰς
968 1212 1045 1269 τὴν
1066 1215 1249 1268 σωλέαν,
1289 1213 1364 1256 καὶ
1384 1211 1676 1269 βασταζόντων
1699 1211 1754 1255 τὰ

314 1279 454 1321 αὐτῶν
473 1279 611 1334 κηρία.
669 1280 779 1337 (Β.)
805 1279 851 1323 Ὁ
873 1281 919 1321 δὲ
941 1279 1142 1334 βασιλεὺς
1163 1279 1400 1336 ἔμπροσθεν
1417 1281 1500 1323 τῶν
1523 1277 1652 1334 ἁγίων
1672 1281 1756 1320 θυ-

313 1346 398 1400 ρῶν
423 1341 577 1399 ἑστώς,
619 1346 840 1388 ἐπιδίδωσι
877 1348 936 1403 τῷ
971 1347 1225 1404 πραιποσίτῳ
1257 1344 1304 1387 τὸ
1333 1346 1442 1388 ἴδιον
1478 1345 1647 1402 κηρίον,
1682 1343 1758 1386 καὶ

133 1411 434 1467 Με.66.«·ιὲτερα
455 1414 556 1467 παρ’
589 1410 723 1452 αὐτοῦ’
748 1410 888 1466 λαβών
908 1411 983 1454 καὶ
1007 1410 1241 1466 εὐξάμενος,
1274 1413 1517 1454 ἐπιδίδωσιν
1541 1407 1649 1453 αὐτὰ
1671 1410 1754 1452 αὖ-

308 1478 388 1534 τῷ,
425 1476 500 1519 καὶ
531 1477 591 1527 εἷς
619 1475 666 1518 τὸ
703 1479 1004 1534 θυσιαστήριον
1033 1477 1253 1533 εἰσελθών,
1303 1476 1378 1520 καί
1410 1475 1463 1520 τά
1501 1476 1618 1530 τίμια
1649 1475 1808 1528 ξύλααο

271 1542 622 1599 Βπροσκυνήσας,
649 1543 886 1599 ἐξέρχεται,
915 1540 997 1585 εἶθ)
1025 1540 1158 1593 οὕτως
1185 1544 1458 1600 ὑποστρέψας
1488 1540 1558 1589 διὰ
1579 1544 1653 1598 τῆς
1671 1557 1756 1584 σω-

314 1609 435 1662 λέας,
463 1609 685 1666 ἀνέρχεται
713 1610 850 1666 τρίτον
871 1607 1035 1667 βάθρον
1069 1611 1147 1653 τοῦ
1178 1604 1372 1668 ἅμβωνος
1396 1605 1424 1666 ἢ
1456 1608 1530 1651 καί
1546 1611 1756 1664 τέταρτον,

311 1675 385 1718 καί
410 1676 575 1718 ἵσταται
599 1678 746 1730 ἐκεῖσε,
774 1679 940 1732 κρατῶν
963 1674 1011 1718 τὸ
1039 1675 1204 1733 κηρίον·
1234 1676 1273 1718 οἱ
1297 1677 1344 1719 δὲ
1367 1677 1445 1718 τοῦ
1463 1675 1761 1728 κουβουκλειόυ

314 1737 515 1800 ἄρχοντες
542 1743 736 1786 ἵστανται
759 1744 806 1786 ἐν
828 1744 880 1800 τῇ
907 1745 1043 1803 σωλέᾳ
1070 1741 1246 1786 ἐνώπιον
1268 1743 1344 1785 τοῦ
1368 1742 1598 1798 βασιλέως,
1643 1737 1684 1782 οῖ
1710 1740 1759 1781 δὲ

314 1917 425 1954 natu,
450 1923 573 1948 cereos
598 1912 676 1945 sine
701 1911 832 1956 phialis
857 1916 1035 1958 gestantes
1050 1938 1059 1953 ‚
1093 1913 1348 1957 Imperatorem
1363 1938 1372 1953 ‚
1400 1923 1475 1946 non
1499 1922 1614 1956 prona
1635 1914 1757 1943 tamen

314 1962 353 1994 in
378 1965 472 1992 terra
498 1960 609 1999 facie,
647 1959 845 2003 excipiunt.
894 1960 927 1992 Is
960 1959 1093 1993 deinde
1118 1971 1198 1992 cum
1221 1960 1413 2003 praefectis
1439 1957 1612 1998 cubiculi,
1642 1956 1758 2001 patri-

313 2008 380 2041 ciis
413 2013 450 2039 et
475 2006 642 2039 universo
668 2011 794 2039 senatu
835 2005 1039 2039 veneranda
1064 2006 1161 2051 ligna
1202 2017 1374 2052 sequens,
1421 2016 1487 2050 per
1510 2014 1670 2049 magnam
1693 2014 1756 2036 co-

315 2053 454 2087 chleam
479 2051 686 2093 descendit,
723 2058 760 2086 et
784 2052 829 2086 ad
853 2053 1029 2086 sinistram
1055 2053 1260 2094 inclinans,
1296 2063 1360 2096 per
1394 2051 1653 2091 didascalium,
1691 2049 1757 2083 ubi

316 2101 409 2144 cycli
436 2098 624 2144 paschales
648 2099 875 2139 scribuntur,
913 2098 1139 2144 digreditur,
1176 2103 1214 2132 et
1236 2104 1426 2145 postquam
1452 2107 1516 2143 per
1540 2097 1665 2131 scalam
1692 2096 1757 2130 dea

320 2146 482 2187 scendit,
515 2157 676 2192 magnam
698 2145 881 2180 narthecis
908 2151 1046 2190 portam
1072 2145 1288 2191 ingreditur,
1313 2156 1394 2178 cum
1414 2155 1500 2180 vero
1525 2143 1571 2177 ad
1596 2144 1756 2188 Impera-

320 2194 430 2228 torias
453 2199 574 2238 portas
599 2193 785 2237 pervenit,
810 2192 995 2234 subsistit,
1021 2203 1162 2226 cereum
1178 2216 1189 2232 ,
1214 2203 1320 2238 quem
1346 2196 1524 2230 tenuerat,
1549 2191 1756 2237 praeposito

316 2239 483 2281 reddens,
510 2241 672 2286 aliosque
697 2239 742 2272 ab
765 2250 807 2273 eo
835 2240 991 2284 accipit,
1023 2245 1060 2272 et
1082 2244 1245 2284 precatus
1271 2249 1331 2272 eos
1356 2239 1562 2282 praeposito
1578 2263 1588 2279 ,
1610 2237 1670 2270 hic
1695 2248 1757 2271 ce-

318 2288 527 2323 rimoniario
577 2296 698 2320 rursus
734 2286 855 2320 tradit.
914 2286 1057 2319 Deinde
1101 2286 1232 2319 iterum
1265 2284 1566 2331 processionalem
1601 2295 1704 2318 suum
1737 2295 1759 2317 a

315 2334 522 2380 praeposito
546 2335 678 2376 sumit,
717 2338 755 2367 et
777 2345 876 2367 sacro
910 2333 1094 2379 evangelio
1131 2331 1298 2373 adorato,
1341 2343 1421 2364 cum
1453 2331 1658 2375 patriarcha
1693 2341 1760 2376 per

317 2381 479 2415 medium
502 2381 676 2426 templum
704 2379 784 2414 abit
807 2380 1040 2426 dextramque
1065 2379 1227 2413 ambonis
1258 2384 1395 2424 partem
1430 2389 1496 2424 per
1532 2379 1667 2413 soleam
1697 2378 1761 2411 in-‘

319 2427 500 2475 gredstur,
537 2428 696 2474 patriciis
722 2429 869 2461 interim
893 2427 931 2460 in
962 2428 1061 2461 solea
1085 2426 1262 2460 stantibus
1287 2437 1442 2472 suosque
1469 2437 1589 2460 cereos
1614 2429 1760 2471 gestan-

319 2477 428 2510 tibus.
491 2475 578 2522 (11.)
613 2475 810 2520 Imperator
832 2479 950 2507 autem
976 2474 1022 2508 ad
1047 2485 1161 2507 sacras
1185 2474 1309 2506 ianuas
1334 2475 1548 2508 constitutus
1565 2498 1574 2514 ,
1613 2479 1760 2507 cereum·

322 2534 425 2556 suum
458 2522 663 2568 praeposito
694 2522 808 2556 tradit
839 2522 1002 2568 aliosque
1026 2521 1070 2555 ab
1097 2532 1139 2554 eo
1164 2521 1295 2561 sumit,
1337 2526 1375 2553 et
1405 2525 1487 2564 post
1525 2530 1650 2565 preces
1686 2518 1760 2563 ipsi

322 2569 461 2612 reddit;
497 2570 686 2603 sacrarium
715 2569 911 2615 ingressus,
938 2567 1140 2602 veneranda
1163 2567 1261 2612 ligna
1286 2565 1432 2616 adorat,
1456 2566 1590 2600 deinde
1613 2576 1679 2611 per
1702 2575 1760 2597 so-

321 2616 414 2650 leam
439 2627 612 2657 reversus,
637 2616 781 2661 gradum
804 2617 952 2649 tertium
975 2620 1038 2649 aut
1063 2619 1228 2660 quartum
1254 2625 1398 2659 quoque
1422 2613 1586 2647 ambonis
1608 2612 1759 2646 adscen-

324 2663 392 2703 dit,
416 2669 453 2696 et
476 2664 542 2705 ibi,
566 2674 710 2699 cereum
733 2667 874 2702 tenens,
898 2662 1081 2697 subsistit:
1125 2660 1294 2695 cubiculo
1319 2661 1490 2705 praefecti
1514 2661 1554 2693 in
1578 2659 1675 2693 solea
1699 2666 1764 2692 co·-'

325 2721 399 2744 ram
426 2710 667 2758 imperatore,
711 2709 870 2746 eunuchi
905 2707 1184 2755 protospatharii
1220 2709 1259 2741 in
1293 2708 1438 2742 sinistro
1462 2707 1626 2741 ambonis
1647 2706 1765 2740 latere
