1832 3112
338 133 410 173 m:
445 125 701 173 cmmoN.
739 122 916 166 mma
944 121 1163 165 mmm.
1198 122 1294 164 1.1.
1368 99 1377 105 ”
1495 115 1531 170 9

118 232 190 277 καὶ
212 234 487 287 πολυτίμητον
511 229 586 272 τοῦ
614 228 733 282 ἁγίου
758 221 1077 267 Κωνσταντίνου
1097 219 1291 277 σταυρόν.
1322 219 1412 274 (Δ.)
1442 215 1532 259 Καὶ

115 296 222 352 μετὰ
247 297 295 340 τό
322 296 487 340 τελέσαι
511 295 641 336 ταῦτα
690 292 948 346 εἰσέρχονται
985 288 1031 329 ἐν
1066 287 1122 344 τῷ
1148 288 1309 327 κοιτῶνι
1335 286 1408 338 τῆς
1442 279 1531 324 Δά-

117 378 246 419 φνης,
295 359 556 414 ἐκδεχόμενοι
587 356 660 400 τὸν
697 353 866 410 καιρὸν,
910 347 1038 406 ἦγουν
1073 350 1147 393 τὸν
1183 349 1528 406 ῥεφερενδάριον,

116 429 295 485 φέροντα
319 423 365 470 τὸ
404 424 612 478 μανδάτον
638 419 719 463 ἇπό
762 421 838 461 τοῦ
877 415 1137 473 πατριάρχου
1172 414 1363 471 περὶτῆς
1389 415 1531 467 ἐκκλη-

88 493 329 547 5σιαστικῆς
356 490 661 541 καταστάσεως,
699 487 771 527 καὶ
809 483 859 539 δὴ
897 483 1152 537 εἰσέρχονται
1190 479 1230 522 οἱ
1256 479 1676 535 πραιπόσιτοι,Με.93.
1696 486 1722 521 b

110 556 187 600 καὶ
207 554 284 612 τὴν
307 553 465 610 εἴδησιν
488 554 639 596 τούτων
665 551 830 592 διδοῦσι
855 554 941 597 τοῖς
968 546 1194 596 δεσπόταις.
1257 543 1431 596 ἐξιόντες
1479 544 1526 586 δὲ

110 620 155 664 οἱ
181 619 379 663 δεσπόται
403 619 449 661 ἐν
483 620 540 676 τῷ
578 614 791 672 ὄκταγοόνῳ
819 611 1112 669 κουβουκλείῳ,
1139 611 1280 666 κράζει
1307 610 1422 666 φωνῇ
1454 617 1567 664 με-Β

112 687 217 744 γάλῃ
262 682 285 726 ὅ
322 681 614 740 πραιπόσιτος,
653 682 781 735 λέγων
818 677 1136 733 ,,βεσ·ιήτορες·”
1173 678 1246 718 καί
1289 675 1340 731 δὴ
1398 677 1531 730 εἰσέρ-

0 788 1 793 ,
111 766 256 805 χονται
283 748 323 791 οἱ
348 746 591 803 βεστήτορες
615 747 688 788 καὶ
705 745 967 800 περιτιθέασι
988 748 1073 792 τοῖς
1098 739 1316 791 δεσπόταις
1341 739 1413 791 τὰς
1436 739 1533 782 τού-

0 813 1 848 3
58 831 198 859 ιοτων
224 813 418 869 λαμπρὰς
441 813 668 867 χλανίδας,
708 811 781 851 καί
805 808 964 856 εὐθέως
989 807 1241 862 ἐξέρχονται·
1269 805 1306 847 οἱ
1333 806 1380 847 δὲ
1407 822 1533 860 πραι-

111 878 275 922 πόσιτοι
304 878 528 934 πέψουσιν
551 873 649 924 τούς
675 871 901 926 δεσπότας,
930 870 1117 926 δηλονότι
1143 872 1216 912 τοῦ
1242 870 1530 923 κουβουκλείου

110 941 265 992 παντὸς
286 942 594 997 παρισταμένου
615 939 792 991 κάκεῖσε,
821 934 890 979 ὅτε
917 939 1052 978 ταῦτα
1076 937 1296 988 τελοῦνται,
1323 934 1396 976 καί
1422 933 1530 988 μετὰ

111 1007 159 1050 τό
189 1009 422 1064 στεφθῆναι
446 1003 544 1056 τούς
584 1003 786 1052 δεσπότας
831 1003 1067 1058 ἐξέρχονται
1104 1000 1175 1042 διὰ
1212 1002 1290 1042 τοῦ
1323 1001 1531 1056 τρικλίνου

108 1075 186 1116 τοῦ
209 1069 479 1127 admon-‘mq-
507 1071 637 1112 έκεῖσε
663 1070 742 1125 γὰρ
772 1070 940 1111 ἵσταται
968 1067 990 1109 ὅ
1011 1068 1232 1122 λογοθέτης
1257 1067 1334 1107 τοῦ
1372 1062 1530 1122 δρόμου

64 1139 185 1184 ιὸκαί
210 1138 235 1180 ὅ
260 1137 336 1180 τοῦ
372 1138 602 1178 κανικλείου
651 1134 724 1176 καί
759 1133 781 1176 ὃ
820 1133 1035 1175 κατεπάνω
1062 1134 1146 1173 τῶν
1190 1131 1416 1184 βασιλικῶν
1457 1131 1530 1171 καὶ

106 1202 158 1246 τὸ
184 1198 415 1256 μαγλάβιον
440 1199 514 1242 καί
533 1199 560 1255 ἧ
590 1196 786 1255 ἑταιρεία.
824 1197 994 1242 ἔνδοθεν
1027 1196 1106 1253 γάρ
1134 1198 1209 1252 τῆς
1244 1193 1423 1250 μεγάλης
1449 1192 1566 1237 πύ-(Ξ

109 1273 185 1323 λης
210 1267 286 1309 τοῦ
312 1261 570 1320 αὖγουστέως
607 1265 792 1307 ἵστανται
829 1263 867 1306 οἱ
907 1261 1192 1319 νιψηστιάριοι
1205 1294 1218 1315 ,
1254 1260 1529 1314 βαστάζοντες

109 1331 163 1375 τὰ
192 1333 334 1388 χρυσᾶ
351 1331 423 1373 καί
448 1331 494 1372 ἐκ
520 1330 650 1372 λίθων
675 1329 820 1383 τιμίων
845 1328 1197 1381 κατεσκευασμένα
1222 1324 1528 1382 χερνιβόξεστα,

109 1400 183 1440 καὶ
207 1398 394 1439 ἵστανται
435 1394 475 1437 οἱ
513 1394 709 1436 δεσπόται
742 1397 803 1444 εἷς
843 1393 920 1449 τὴν
946 1395 1109 1449 χρυσῆν
1135 1397 1280 1446 χεῖρα,
1318 1386 1445 1445 ἤγουν
1470 1389 1530 1437 εἷς

56 1460 178 1505 ποτὸν
217 1462 398 1516 πόρτηκα
429 1462 506 1501 τοῦ
543 1455 804 1513 αὖγουστέως
844 1458 998 1510 ἔξωθεν
1034 1459 1107 1512 τῆς
1154 1454 1334 1510 μεγάλης
1383 1453 1528 1509 πύλης·

0 1523 3 1525 ’
112 1527 271 1569 κάκεῖσε
297 1523 373 1580 γὰρ
400 1523 473 1566 καὶ
498 1522 537 1565 οἱ
557 1525 629 1566 τοῦ
654 1525 995 1579 χρυσοτρικλίνου
1034 1523 1339 1577 παρίστανται.»
1388 1520 1460 1560 καί
1479 1518 1528 1573 δὴ

113 1590 184 1634 διὰ
209 1590 407 1643 νεύματος
433 1591 508 1630 τοῦ
535 1589 735 1630 δεσπότου
764 1587 787 1630 ὅ
815 1585 1084 1644 πραιπόσιτος
1108 1584 1182 1640 τὴν
1208 1583 1391 1639 κεφαλήν
1425 1584 1529 1625 ὖπο-

201 1695 258 1720 22.
279 1683 425 1716 ΣΧΟΛ.
447 1682 614 1721 Ἵστέον,
642 1680 701 1715 δτι
731 1673 794 1714 διὰ
818 1679 993 1714 τοιούτου
1029 1678 1306 1724 σχῆματος....
1339 1677 1372 1709 εὶ
1394 1676 1436 1711 ἓν
1455 1675 1531 1710 πιέ-

204 1737 289 1765 σαις
302 1733 383 1764 ταῖς
401 1726 532 1771 δοχαῖς
545 1725 610 1761 διὰ
631 1727 816 1772 νεύματος
834 1727 903 1759 τοῦ
921 1724 1107 1758 δεσπότου
1126 1725 1147 1758 ὁ
1167 1722 1530 1767 πραιπόσιτοςνειίει

202 1779 282 1811 τοῖς
301 1772 521 1818 ὀφείλουσιν
549 1773 718 1812 εἰσάξαι,
747 1774 820 1805 εἴτε
843 1769 887 1805 τὰ
919 1768 1012 1804 κατὰ
1041 1769 1162 1805 τύπον
1186 1769 1411 1814 εἰσαγόμενα
1437 1769 1528 1811 βῆλιι

202 1820 244 1854 ἐν
268 1825 348 1856 ταῖς
382 1818 524 1862 δοχαῖς,
548 1821 620 1852 εἴτε
635 1819 800 1852 ἐθνικῶν
815 1816 964 1854 εἴσοδος
988 1815 1132 1861 ὀφείλει
1152 1817 1346 1861 γενέσθαι,
1372 1816 1442 1846 εἴτε
1471 1815 1527 1852 ξε-

198 1866 339 1900 ναλίων
349 1865 387 1904 ἐξ
409 1865 621 1900 ἄλλοέθνων
638 1863 847 1910 μελλόντων
865 1864 1032 1896 εἰσιέναι.
1065 1864 1244 1908 Integrum
1265 1861 1334 1895 hoc
1350 1859 1527 1903 scholion,

198 1913 238 1945 in
265 1910 321 1945 ed.
345 1913 511 1944 omissum
525 1937 535 1952 ,
558 1911 708 1956 praebet
731 1912 770 1944 R.
795 1911 834 1944 in
859 1913 979 1943 annot.
1365 1926 1373 1930 -

107 1989 220 2035 phani
261 1989 433 2034 templum
454 1989 648 2029 abeuntes,
685 1995 740 2023 ter
762 2000 854 2034 genu
878 1988 971 2022 flexo
1005 1999 1084 2021 cum
1121 1988 1232 2021 cereis
1266 1988 1381 2020 Deum
1417 1996 1528 2019 vene-

108 2041 243 2076 rantur,
270 2041 307 2069 et
329 2041 412 2068 ante
434 2040 596 2081 maguam
618 2036 728 2075 illam,
767 2034 1043 2079 pulcherrimam
1067 2039 1103 2067 et
1130 2044 1266 2067 summe
1290 2032 1530 2067 venerandam

107 2081 223 2114 sancti
249 2081 478 2115 Constantini
516 2093 654 2114 crucem
679 2092 716 2114 se
749 2086 989 2126 prosternunt.
1037 2080 1140 2125 (IV.)
1171 2079 1234 2112 His
1260 2079 1434 2124 peractis»,
1466 2089 1530 2111 cu-

106 2126 267 2160 biculum
303 2126 472 2171 Daphnes
500 2128 770 2172 ingrediuntur,
818 2131 855 2159 et
888 2132 1026 2171 tempus
1066 2137 1128 2159 seu
1162 2125 1459 2165 referendarium,
1510 2135 1531 2157 a

106 2171 306 2217 patriarcha
349 2173 554 2207 mandatum
596 2174 640 2206 de
685 2172 932 2206 ecclesiasticis
981 2171 1183 2205 cerimoniis
1222 2171 1417 2210 ferentem,
1466 2181 1530 2202 ex-

107 2223 281 2261 spectant,
306 2229 454 2263 quarum
480 2219 647 2252 notitiam
679 2220 851 2252 intrantes
871 2219 1065 2263 praepositi
1095 2216 1259 2250 Dominis
1289 2215 1533 2260 suppeditant.

106 2263 156 2295 Bi
183 2275 262 2296 cum
294 2265 519 2309 octangulum
547 2265 748 2298 cubiculum
778 2265 975 2305 intrarunt,
1009 2262 1231 2307 praepositus
1271 2262 1341 2295 alta
1361 2272 1447 2294 voce
1469 2272 1532 2294 ex-

111 2309 266 2342 clamans
326 2309 432 2343 dicit:
482 2312 682 2344 Vescitur-es.
747 2310 850 2343 Tune
885 2311 1071 2343 vestitores
1119 2308 1313 2348 accedunt,
1360 2307 1524 2340 Dominis

108 2354 310 2398 splendidas
336 2366 415 2388 suas
450 2358 587 2389 tunicas
625 2356 947 2400 circumimponunt
990 2356 1182 2398 statimque
1214 2354 1366 2386 abeunt:
1420 2362 1526 2397 prae-

106 2400 218 2444 positi
242 2411 324 2434 vero
359 2401 611 2444 Imperatorem
649 2407 837 2440 coronant,
874 2401 1038 2434 adstante
1073 2399 1149 2439 ibi,
1182 2398 1267 2432 dum
1300 2398 1390 2431 haec
1425 2408 1528 2441 pera-

106 2450 258 2489 guntur,
293 2446 456 2479 universo
484 2447 642 2481 cubiculi
673 2447 895 2486 ministerio,
936 2452 972 2479 et
999 2446 1160 2479 coronati
1191 2445 1336 2478 Domini
1370 2454 1434 2487 per
1460 2444 1527 2475 tri-

107 2490 256 2523 clinium
290 2492 478 2535 augustalis
529 2499 637 2532 eunt,
683 2493 747 2526 ubi
785 2492 970 2537 logotheta
1011 2503 1131 2525 cursus
1165 2491 1324 2534 publici,
1370 2489 1527 2521 canicleo

85 2535 329 2579 'praefectus‚
376 2539 581 2582 capitaneus
625 2539 963 2582 Imperatoriorum,
1021 2537 1253 2570 manclavium
1314 2540 1350 2568 et
1402 2532 1528 2566 hetae-

107 2581 160 2613 ria
184 2592 246 2613 seu
274 2582 430 2626 corporis
467 2584 628 2617 custodes
654 2584 791 2617 adsunt.
855 2585 950 2616 Intra
972 2588 1111 2627 portam
1149 2581 1340 2625 augustalis
1361 2581 1531 2612 maiorem

108 2626 301 2679 layatores,
332 2638 438 2660 aurea
457 2634 492 2661 et
502 2629 692 2673 ,lapidibus
712 2629 878 2674 pretiosis
901 2634 1026 2662 ornata
1042 2627 1211 2661 malluvia
1230 2631 1411 2671 portantes
1424 2649 1434 2664 ,
1458 2625 1527 2657 Do-

108 2673 198 2705 mini
223 2672 267 2706 ad
298 2683 437 2707 auream
462 2685 602 2709 manum
649 2686 711 2709 scu
744 2677 783 2708 in
818 2676 958 2719 porticu
988 2673 1181 2719 augustalis
1230 2677 1327 2706 extra
1373 2681 1532 2715 maguam
