1884 3112
288 86 400 144 238
572 105 929 150 CONSTANTlNl
970 107 1453 155 PORPHYROGENJTI

282 207 463 267 ποσίτῳ,
491 211 563 252 καί
589 207 611 250 ὅ
639 207 915 265 πραιπόσιτος
941 211 1000 268 τῷ
1027 212 1100 267 τῆς
1125 212 1439 268 καταστάσεως,
1466 213 1539 257 καὶ
1563 215 1728 272 ἐπαίρει

282 271 407 331 ὁτῆς
431 274 722 323 καταστάσεως
762 273 870 326 μετὰ
909 279 984 318 τοῦ
1010 280 1355 335 σεκουνδηκηρίου
1396 279 1471 324 τὸν
1498 281 1729 338 προβαλλὸὸ

282 357 405 396 μενον
432 341 662 394 πατρίκιον,
691 341 764 382 καί
788 342 954 384 ἵσταται
979 345 1110 396 μέσον
1136 346 1213 397 τοῦ
1241 347 1437 401 σεκρὲτου
1455 381 1468 400 ,
1497 346 1731 404 κρατούμε..

282 423 350 456 νος
377 404 459 448 ὑπὸ
488 407 562 447 τοῦ
588 408 662 460 τῆς
703 407 989 458 καταστάσεως
1026 410 1100 452 καὶ
1142 415 1215 454 τοῦ
1245 409 1390 469 ἑτέρου
1423 415 1729 470 σιλεντιαρίου·

286 468 364 514 κᾶν
391 487 436 514 τε
464 468 524 522 εἷς
550 473 676 526 ἐστιν,
705 469 783 517 κάν
811 490 855 515 τε
885 473 975 529 δύο,
1002 470 1080 518 κᾶν
1106 493 1151 519 τε
1179 483 1304 534 τρεῖς,
1332 477 1404 520 καί
1424 475 1549 522 miror*
1567 486 1757 528 συνεισ-5

285 539 480 595 ἑρχονται
522 535 605 580 ὑπὸ
652 540 927 594 σιλεντιαρίου
962 545 1264 597 κρατούμενοι,
1315 544 1389 587 καί
1429 547 1654 590 πίπτουσιν
1690 546 1732 590 οἱ

286 603 618 660 προβαλλόμενοι
645 605 720 647 καί
744 604 889 660 μόνον,
938 604 1010 650 καὶ
1047 607 1262 663 εἰσάγουσι
1300 609 1371 654 τὸν
1397 615 1561 668 πρῶτον
1589 613 1732 656 αὐτῶν

286 667 526 727 ἔμπροσθεν
554 673 633 714 τοῦ
658 672 891 716 ὑποποδίου
919 675 1001 716 τῶν
1029 676 1268 729 δεσποτῶν,
1296 676 1368 719 καί
1392 680 1534 720 πίπτει
1560 681 1633 721 καί
1660 696 1734 736 φι-

238 741 355 782 Dte?
376 737 475 788 τούς
502 739 636 789 πόδας
674 738 747 781 καὶ
787 738 840 782 τά
883 740 960 782 δύο
997 739 1151 796 γόνατα
1190 745 1268 784 τοῦ
1301 743 1486 798 μεγάλου
1512 747 1733 799 βασιλέως,

287 801 442 858 ὁμοίως
469 805 542 847 καί
567 805 647 848 τοῦ
672 808 851 863 μικροῦ,
887 807 961 850 καὶ
985 807 1171 865 ἐγερθείς
1198 807 1330 851 ἁπλοῖ
1349 809 1425 860 τοὶς
1446 815 1621 866 χεῖρας,
1663 811 1787 855 uallo

285 869 492 924 λαμβάνει
530 870 584 913 τὰ
623 874 869 916 κωδικέλλια
906 873 1022 930 παρὰ
1059 876 1142 918 ταῖν
1183 876 1392 918 δεσποτῶν
1419 875 1494 918 καὶ
1519 881 1640 934 φιλεῖ
1659 875 1735 928 τὰς

283 942 435 993 χεῖρας
462 937 618 980 αὐτῶν.
687 941 797 998 (T.)
840 942 934 983 Kal
961 942 1125 997 ἵστησιν
1152 940 1306 996 αὐτὸν,
1346 938 1450 985 ὅπου
1479 944 1668 986 ἵστανται
1696 943 1736 985 οἱ

285 1004 450 1057 λοιποὶ,
480 1005 553 1046 καί
578 1004 740 1060 εἰσάγει
767 1007 837 1049 τὸν
866 1008 1078 1064 δεύτερον,
1118 1010 1192 1050 καί
1216 1010 1448 1066 προσφέρει
1475 1005 1664 1053 κᾶκεΐνον
1691 1011 1738 1053 ἐν

285 1069 343 1127 τῷ
371 1069 613 1128 ὑποποδίῳ,
653 1073 727 1113 καί
753 1073 895 1115 πίπτει
922 1075 995 1116 καί
1023 1079 1143 1131 φιλεῖ
1165 1073 1265 1124 τούς
1301 1075 1436 1124 πόδας
1479 1073 1629 1128 ὁμοίως
1665 1076 1739 1118 καί

286 1133 339 1177 τοὶ
367 1134 520 1190 γόνατα
557 1139 641 1179 ταῖν
671 1136 747 1180 δύο
775 1141 1011 1194 δεσποτῶν,
1041 1143 1114 1183 καί
1140 1139 1280 1195 λαβών
1307 1141 1360 1182 τὰ
1391 1143 1636 1185 κωδικέλλια
1665 1145 1791 1200 ‹pt-15

287 1204 359 1243 λεῖ
378 1200 454 1251 τὰς
478 1208 640 1258 χεῖρας,
670 1203 744 1247 καί
777 1201 1059 1249 ὄπισθοποδεῖ
1079 1203 1276 1260 κάκεῖνος,
1306 1206 1460 1261 ὁμοίως
1487 1210 1559 1250 καί
1587 1207 1625 1250 οἱ
1652 1213 1741 1252 λοι-

288 1267 372 1324 nol,
405 1264 496 1311 ὅσοι
524 1267 597 1312 ἐάν
625 1271 721 1325 εἰσι,
749 1274 944 1315 ποιοῦσιν
975 1270 1121 1327 οὕτως,
1147 1268 1225 1316 κᾶν
1251 1289 1294 1316 τε
1320 1279 1452 1331 τρεῖς,
1481 1269 1560 1317 κάν
1581 1291 1623 1317 τε
1644 1277 1740 1318 τέσ-

97 1339 163 1379 Ed.
180 1337 440 1392 1,.ιιίοσαρες.
496 1338 571 1385 καί
611 1333 680 1380 ὅτε
719 1335 905 1393 λάβωσιν
945 1335 985 1382 οἱ
1014 1335 1248 1396 ἀμφότεροι
1285 1338 1337 1382 τὰ
1381 1342 1628 1383 κωδικέλλια
1669 1339 1745 1383 καὶ

290 1403 518 1456 σταθῶσιν,
546 1402 778 1458 εἰσάγονται
811 1402 893 1446 ιῖπό
919 1421 963 1447 τε
984 1406 1062 1447 τοῦ
1084 1405 1319 1462 μαγίστρου
1350 1408 1479 1463 μέχρι
1504 1407 1587 1449 τῶν
1614 1406 1743 1461 ἐσχά-

291 1484 376 1511 των
407 1471 693 1524 συγκλητικῶν
730 1467 967 1527 ἐζιιπροσθεν
1009 1474 1093 1514 τῶν
1120 1474 1357 1527 δεσποτῶν,
1387 1471 1660 1529 κρατούμενοι
1690 1472 1794 1515 ὖ-αο

292 1531 347 1576 πὸ
388 1534 702 1591 σιλεντιαρίων,
750 1533 1187 1594 άπευχαριστοῦντες.
1251 1540 1324 1581 καί
1367 1535 1433 1582 ὅτε
1470 1538 1669 1596 πληρώσῃ
1709 1539 1738 1594 ἧ

294 1598 522 1656 σύγκλητος
560 1600 636 1658 τὴν
674 1601 981 1659 εὐχαριστίαν,
1018 1608 1252 1662 προσφέρει
1281 1605 1408 1648 πάλιν
1445 1604 1469 1648 ὅ
1497 1606 1569 1661 τῆς
1611 1620 1744 1647 κατα-τ

296 1665 484 1717 στάσεως
508 1666 582 1711 τὸν
609 1672 900 1727 προβληθέντα
931 1673 1118 1727 πρῶτον,
1152 1669 1226 1713 καὶ
1250 1672 1392 1714 πίπτει
1418 1672 1463 1715 ἐν
1495 1673 1554 1729 τῷ
1583 1668 1742 1716 ὑποπο-

396 1803 425 1828 ι.
450 1791 472 1827 ὅ
495 1791 536 1828 δὲ
559 1793 610 1839 τῷ
632 1792 695 1836 τῆς
719 1793 775 1826 ed.
891 1806 924 1840 9.
951 1794 1015 1827 καὶ
1040 1792 1108 1828 δύο
1135 1793 1191 1827 cd.

297 1892 437 1940 signum
465 1894 571 1938 dant,
597 1898 868 1934 cerimoniarius
892 1909 970 1932 cum
997 1897 1244 1932 secundicerio
1267 1902 1468 1943 promotum
1490 1898 1680 1944 patricium
1703 1899 1742 1932 in

297 1942 459 1975 medium
485 1951 659 1979 secretum
684 1946 870 1990 perducit,
904 1957 924 1978 a
955 1947 1124 1990 magistro
1157 1946 1430 1978 cerimoniarum
1456 1945 1603 1990 alioque
1629 1945 1742 1979 aileu-⁴

298 1989 408 2022 tiario
445 1990 621 2035 stipatusz
655 1994 758 2038 sique
784 2005 875 2025 unus
901 1999 976 2033 est,
1002 1997 1065 2024 aut
1092 1991 1164 2026 duo
1190 1997 1328 2031 tresve,
1355 1994 1500 2032 omnes,
1533 1991 1743 2026 silentiariis

299 2036 449 2080 stipati,
473 2048 544 2071 uua
568 2039 934 2085 intrant‚‚candidati
957 2039 1068 2071 semel
1096 2050 1133 2071 se
1158 2039 1417 2082 prosternunt,
1453 2043 1490 2071 et
1514 2038 1651 2082 primus
1676 2050 1746 2073 eo·-

299 2088 380 2116 'rum
405 2082 451 2116 ad
475 2084 672 2118 scabellum
696 2087 931 2121 Dominorum
970 2083 1205 2129 perducitur,
1236 2085 1266 2117 is
1302 2083 1413 2129 pedes
1438 2090 1475 2118 et
1499 2085 1605 2120 ambo
1626 2096 1745 2130 genua

298 2129 420 2174 rnagni
443 2141 483 2163 ac
506 2132 658 2165 minoris
684 2133 910 2177 Imperatoris
937 2131 1134 2171 osculatus,
1157 2132 1292 2173 surgit,
1326 2135 1363 2164 et
1387 2133 1554 2176 expansis
1578 2133 1743 2166 manibus

300 2176 489 2211 codicillos
515 2189 535 2211 a
558 2178 722 2219 Dominis
741 2180 893 2224 accipit,
919 2188 1115 2222 eorumque
1133 2189 1256 2210 manus
1283 2178 1474 2211 osculatur.
1522 2179 1615 2225 (111).
1641 2179 1746 2213 Tune

300 2224 421 2269 ipsum
450 2225 719 2260 cerimoniarius
755 2238 796 2260 eo
819 2227 858 2259 in
881 2227 982 2265 loco,
1018 2223 1084 2257 ubi
1109 2224 1243 2269 reliqui
1266 2228 1380 2265 stant,
1408 2225 1598 2260 constituit
1625 2231 1663 2260 et
1685 2237 1744 2260 se-

300 2272 459 2305 cundum
493 2271 688 2317 adductum
719 2273 759 2306 in
793 2273 949 2306 scabello
975 2271 1148 2312 collocat,
1186 2271 1218 2303 is
1243 2271 1469 2315 procumbit,
1506 2284 1547 2307 ac
1571 2273 1680 2318 pedes
1706 2278 1745 2307 et

299 2329 415 2364 genua
438 2318 676 2353 Dominarum
699 2321 900 2361 oseulatur,
933 2318 1109 2352 codicillis
1142 2328 1225 2351 vero
1250 2319 1426 2363 acceptis,
1450 2330 1575 2352 manus
1603 2316 1745 2353 oscula-'-

297 2371 359 2408 tur
384 2370 422 2400 et
446 2364 545 2410 abit:
571 2367 628 2412 sic
648 2367 756 2401 etiam
781 2367 927 2413 reliqui,
953 2369 1133 2411 quotquot
1158 2375 1282 2397 eorum
1307 2370 1412 2406 sunt,
1437 2371 1508 2399 tres
1532 2373 1744 2412 quatuorve,

297 2412 449 2452 faciunt.
473 2413 590 2449 Ambo
614 2425 698 2448 vero
723 2420 925 2460 postquam,
948 2413 1102 2456 acceptis
1127 2410 1317 2453 codicillis,
1339 2413 1599 2454 constiterunt,
1623 2425 1644 2446 a
1667 2424 1746 2447 ma-

297 2461 409 2506 gistro
435 2466 618 2494 senatores
645 2472 787 2504 omnes,
814 2473 835 2494 a
858 2462 973 2506 primo
998 2458 1044 2493 ad
1071 2459 1239 2506 ultimum
1258 2484 1267 2499 ‚
1297 2460 1336 2492 in
1360 2465 1589 2505 conspectum
1613 2461 1748 2495 Domi-

300 2508 453 2547 norum,
489 2508 615 2552 stipati
650 2508 887 2551 silentiariis,
923 2507 1102 2540 ducuntur
1127 2510 1164 2539 et
1188 2506 1316 2550 gratias
1342 2513 1462 2551 agunt.
1512 2506 1594 2552 Qua
1619 2508 1748 2551 gratia·

302 2556 383 2587 rum
408 2550 550 2588 action‘e
575 2567 595 2589 a
619 2560 746 2589 senatu
772 2561 916 2600 peracta
931 2580 940 2596 ,
965 2553 1238 2589 cerimoniarius
1263 2554 1418 2597 primum
1435 2564 1455 2587 e
1478 2555 1652 2598 promotis
1676 2553 1747 2587 ite-

304 2612 384 2635 rum
406 2599 581 2646 adducit,
607 2603 637 2646 is
662 2602 703 2636 in
727 2602 887 2636 scabello
905 2613 942 2635 se
966 2600 1182 2647 prosternit,
1207 2599 1317 2644 pedes
1337 2611 1378 2634 ac
1402 2612 1516 2645 genua
1540 2601 1658 2646 magni
1683 2611 1747 2634 ae-

305 2658 378 2692 que
404 2659 445 2682 ae
466 2643 615 2683 minoris
650 2649 879 2695 Imperatoris
921 2647 1103 2683 osculatur
1118 2671 1130 2688 ‚
1163 2657 1204 2679 ac
1227 2647 1415 2688 Dominis,
1449 2658 1546 2682 -nova
1571 2646 1747 2692 dignitate

305 2698 475 2738 ornatus,
498 2692 616 2733 fausta
639 2701 816 2744 precatur.
866 2696 970 2731 Tunc
993 2693 1267 2729 cerimoniarius
1291 2694 1412 2740 ipsum
1434 2694 1476 2729 in
1511 2693 1616 2736 loco,
1639 2703 1747 2739 qum
