1878 3112
278 123 395 179 306
564 137 922 185 CONSTANTIM
965 129 1447 179 PoRPnYRom-:mrl

280 250 390 287 κεῖσε
423 242 738 324 δηριγευόμενος
769 241 793 282 ὅ
825 239 1050 295 βασιλευς,
1094 238 1279 284 ἐλθων”
1259 256 1430 282 ισταται
1464 241 1510 282 ἐν
1549 241 1607 298 τῷ
1639 257 1729 296 τρι-

281 310 427 369 κλίνῳ,
469 311 514 352 ἐν
546 311 577 350 ὡ
611 309 766 366 ἀριστᾷ
789 310 840 365 τῇ
865 307 978 365 αιῖτῇ
1003 306 1169 365 ἡμέρα,
1216 324 1286 349 και
1313 304 1571 356 εἰσελθόντες
1595 309 1730 349 σιλεν-

243 376 434 432 (Στιάριοι
465 379 577 430 τρεῖς
602 369 628 430 ἢ
659 375 733 415 καί
761 374 986 430 τέσσαρες,
1038 389 1078 415 οι
1108 374 1186 426 μὲν
1209 379 1319 429 τρεῖς
1342 371 1581 427 διέρχονται
1603 373 1648 415 ἐν
1671 374 1731 431 τῷ

278 444 401 499 δεξιῷ
427 443 549 496 με’ρει
576 442 651 495 τῆς
680 441 807 495 ὁόχῆς
845 435 1043 493 ὄπισθεν,
1092 439 1114 481 ὃ
1144 441 1191 481 δὲ
1222 443 1364 496 ἕτερος
1401 439 1572 481 ἵσταται
1600 441 1646 481 ἐν
1671 438 1730 496 τῷ

90 509 406 565 Με,,23,3,ιιὲσῳ.
462 504 604 559 λαβών
647 507 693 547 δὲ
727 508 861 560 νεῦμα
905 505 926 548 ὃ
963 506 1234 562 πραιπόσιτος
1261 504 1376 562 παρὰ
1406 506 1478 548 τοῦ
1509 505 1754 559 βασιλέως,5

276 574 427 615 δίδωσι
460 574 594 626 νεῦμα
624 574 682 629 τῷ
705 572 969 630 σιλεντιαριίιυ
990 607 1002 626 ,
1051 572 1072 614 ὃ
1103 574 1149 613 δὲ
1185 570 1462 627 σιλεντιάριος
1496 568 1730 627 οἷπέρχεται

274 642 320 682 ἐν
347 642 407 697 τῷ
433 638 561 695 βήλῳ,
593 638 666 680 καί
696 641 805 694 λε’γει
824 638 1015 693 μεγάλως
1045 637 1222 692 ,,λεβά·”
1278 636 1351 680 καί
1377 638 1531 692 εἰσάγει
1558 635 1630 680 τὸν
1654 639 1729 692 τῆς

276 705 580 758 καταστάσεως,
623 707 695 747 καί
722 708 888 747 ἵσταται
913 707 1041 757 μέσον
1070 706 1142 761 τῆς
1171 706 1321 760 δοχῆς,
1358 703 1499 758 λαβών
1525 705 1572 746 δὲ
1600 701 1728 745 πάλιν

275 773 410 824 νεῦμα
436 771 457 813 ὁ
488 769 759 827 πραιπόσιτος
788 769 900 827 παρὰ
930 773 1004 813 τοῦ
1031 772 1249 825 βασιλέως,
1282 769 1392 813 νεύει
1413 771 1472 828 τῷ
1495 769 1726 827 μαγίστρῳ,

272 837 332 894 μὴ
361 832 479 887 ὄντος
508 840 554 880 δὲ
579 839 823 893 μαγάττρου,
861 837 972 879 νεύει
1002 839 1059 894 τῷ
1087 839 1342 894 κοιαίστωρι.
1399 837 1534 878 ἰστέον
1558 837 1618 890 δὲ,
1642 833 1779 888 ὁ’τι,ιο

273 905 315 946 εἰ
334 906 413 957 μὲν
444 901 465 944 ὅ
498 901 689 959 ὕπαρχος
713 905 791 944 τοῦ
815 904 1077 959 πραιτωριόυ
1104 903 1176 945 καί
1212 902 1235 944 ὅ
1262 904 1487 959 κοιαίστωρ
1527 897 1604 944 offae
1641 902 1725 944 εἶσι

272 970 511 1026 πατρίκιοι,
555 969 635 1026 πρὸ
665 971 738 1024 τῆς
770 970 1000 1024 συγκλήτου
1029 969 1137 1012 ἴδιον
1157 971 1286 1026 βῆλον
1312 970 1593 1024 εἰσέρχονται·
1649 971 1724 1010 λα-

271 1035 360 1090 βὼν
385 1036 466 1092 γὰρ
490 1038 625 1089 νεῦμα
646 1034 667 1076 ὃ
691 1034 928 1090 μάγιστρος,
963 1034 1075 1078 νεύει
1094 1037 1224 1090 λέγων
1243 1036 1300 1093 τῷ
1329 1037 1403 1091 τῆς
1430 1034 1725 1085 καταστάσεως

271 1102 521 1157 ,,κόμητες,”
551 1101 735 1151 κάκεῖνος
763 1099 959 1143 ἀπελθών
989 1102 1099 1156 λέγει
1125 1101 1301 1156 ,,λεβα’.”
1355 1101 1428 1143 καὶ
1462 1101 1729 1157 εἰσέρχονται

227 1166 314 1213 Βοῖ
340 1169 413 1221 τῆς
441 1166 695 1222 συγκλήτου,
741 1166 1100 1222 προσκυνήσαντες
1137 1169 1184 1208 δὲ
1219 1169 1406 1210 ἵστανται
1440 1169 1613 1217 ἕκαστος
1641 1162 1775 1210 ati-15

267 1234 351 1275 τῶν
389 1233 434 1274 ἐν
473 1233 526 1289 τῇ
563 1230 678 1282 τάξει
715 1233 878 1274 αὐτῶν·
934 1230 1025 1275 εἶτα
1063 1233 1176 1276 νεύει
1214 1231 1340 1276 πάλιν
1377 1231 1401 1274 ὅ
1430 1229 1631 1287 βασιλεῦς
1659 1233 1719 1292 τῷ

265 1296 550 1355 πραιποσίτιρ,
581 1296 602 1339 ὅ
634 1300 680 1340 δὲ
709 1297 984 1354 πραιπόσιτος
1013 1301 1070 1356 τῷ
1095 1301 1336 1357 μαγίστρῳ,
1367 1295 1388 1340 ὃ
1419 1300 1467 1341 δὲ
1493 1299 1721 1355 μάγιστρος

265 1364 379 1407 νεύει
405 1362 452 1406 τὸ
482 1365 672 1419 δεύτερον
699 1366 758 1422 τῷ
785 1366 859 1420 τῆς
885 1364 1192 1419 καταστάσεως,
1232 1367 1362 1420 λέγων
1391 1365 1721 1422 ,,προφέκτωρ·”

267 1425 453 1479 κάκεῖνος
480 1430 540 1479 εἰς
565 1428 612 1471 τὸ
641 1432 770 1486 βῆλον
797 1429 995 1474 ἀπελθών
1023 1432 1132 1485 λέγει
1163 1432 1339 1485 ,,λεβὰ,”
1379 1435 1454 1474 καί
1486 1433 1722 1488 εἰσέρχεται

266 1496 292 1537 ὅ
321 1491 402 1538 ἇπὸ
433 1497 654 1553 ἐπάρχων·
709 1496 1001 1552 προσκυνήσας
1029 1499 1076 1540 δὲ
1105 1498 1177 1540 καί
1203 1495 1352 1550 αὐτὸς,
1395 1497 1566 1540 ἵσταται
1592 1499 1639 1541 ἐν
1667 1502 1775 1556 τῇαο

266 1560 380 1613 τάξει
409 1561 556 1616 αὑτοῦ.
612 1557 704 1605 εἶτα
732 1560 842 1606 νεύει
871 1560 892 1604 ὅ
919 1561 1122 1617 βασιλεὺς
1147 1564 1204 1622 τῷ
1231 1562 1507 1621 πραιποσίτῳ,
1535 1563 1722 1614 κάκεῖνος

267 1631 326 1687 τῷ
353 1629 428 1683 τῆς
455 1626 764 1681 καταστάσεως,
794 1646 863 1671 και
892 1631 999 1683 λέγει
1026 1627 1303 1682 ,,κελευ’σατε·
1292 1633 1330 1657 ·”
1361 1628 1488 1672 αυτοὶ
1515 1630 1562 1671 δὲ
1589 1629 1722 1686 ὕπερ-

70 1699 175 1736 Ed..L
193 1693 464 1750 ι79εύχονται
511 1694 598 1748 „sig
637 1692 817 1744 πολλους
855 1693 927 1737 καί
970 1691 1160 1750 οἷγαθούς
1194 1693 1388 1772 χρόνους.
1390 1697 1411 1711 ”
1479 1695 1590 1753 (A.)
1629 1694 1725 1738 Και

266 1760 426 1810 εὐθέως
454 1758 677 1814 κατασχών
706 1759 731 1801 ὅ
761 1762 836 1816 τῆς
861 1761 1156 1812 καταστάσεως
1193 1759 1239 1804 τὸ
1271 1777 1399 1816 ακρον
1425 1764 1496 1817 τῆς
1523 1760 1722 1816 χλανίδος

266 1828 344 1868 τοῦ
368 1829 576 1881 βασιλέως
604 1829 676 1868 καί
703 1828 879 1882 ποιήσας
907 1827 1161 1884 ρωσθέλιον,
1207 1828 1426 1870 ἐπιδίδωσι
1453 1829 1513 1887 τῶ
1538 1831 1716 1883 βασιλεῖ
1721 1837 1773 1879 25

361 1939 392 1961 2.
417 1927 654 1962 εἰσέλθονται
681 1927 737 1961 ed.
838 1931 889 1963 18.
915 1925 983 1964 τὸν
1009 1929 1073 1972 τῆς
1097 1940 1175 1963 κατ.
1203 1928 1282 1962 eod.

271 2023 485 2060 transeunt,
523 2031 616 2053 unus
653 2021 693 2053 in
723 2019 844 2055 medio
879 2021 1053 2054 consistit.
1103 2020 1252 2066 Signum
1278 2020 1324 2052 ab
1363 2021 1585 2065 Imperatore
1618 2023 1719 2064 post-

273 2077 380 2111 quam
412 2068 636 2110 praepositus
658 2068 819 2112 accepit,
855 2068 1056 2101 silentiario
1083 2067 1239 2107 annuit,
1270 2067 1333 2112 qui
1361 2066 1407 2099 ad
1431 2065 1552 2100 velum
1577 2065 1719 2111 digres-

273 2123 354 2152 sus,
385 2124 510 2157 magna
549 2124 634 2146 voce
666 2115 818 2147 clamat:
855 2115 978 2155 Leva,
1015 2120 1052 2148 et
1076 2114 1368 2147 cerimoniarium
1393 2111 1564 2153 adducit,
1602 2113 1716 2159 inque

274 2138 394 2192 medio
419 2159 586 2192 factionis
612 2161 786 2201 collocat,
810 2162 1015 2207 iterumque
1039 2162 1140 2206 siguo
1167 2160 1212 2193 ab
1238 2161 1456 2204 Imperatore
1481 2159 1580 2200 dato,
1605 2171 1715 2204 prae-

274 2207 412 2250 positus
445 2207 613 2250 magistro
647 2208 795 2248 annuit,
834 2213 918 2247 aut,
962 2209 991 2241 si
1024 2209 1054 2240 is
1094 2218 1262 2252 praesens
1297 2218 1370 2240 non
1398 2211 1472 2246 est,
1518 2207 1714 2251 quaestori.

274 2252 417 2297 Quodsi
451 2265 535 2286 vero
561 2254 765 2298 praefectus
791 2255 972 2299 praetorio
1001 2260 1038 2287 et
1063 2259 1231 2300 quaestor
1254 2253 1399 2298 patricii
1422 2265 1496 2286 non
1521 2254 1607 2294 sint,
1630 2259 1715 2287 antae

275 2305 439 2332 senatum
476 2302 660 2356 proprium
685 2302 804 2334 -velum
825 2301 1096 2346 ingrediuntur·
1128 2301 1295 2346 magister
1320 2311 1466 2346 quoque
1482 2325 1492 2341 ,
1526 2300 1627 2346 signo
1651 2311 1716 2333 ac-

275 2353 406 2390 cepto,
429 2347 684 2381 cerimoniaiio
707 2359 889 2388 annuens,
917 2348 1026 2381 dicit:
1055 2349 1232 2389 Comites,
1258 2348 1362 2394 isque
1381 2347 1616 2387 discessurus,
1641 2349 1713 2381 ait.

270 2394 622 2428 Levu.Senat01es
657 2395 831 2440 ingressi,
865 2395 1041 2435 adorant,
1074 2405 1211 2442 suoque
1238 2395 1370 2439 singuli
1399 2393 1528 2428 ordine
1557 2394 1716 2428 adstant.

270 2442 403 2473 Rursus
436 2442 634 2486 Imperator
662 2444 890 2487 praeposito,
918 2443 946 2475 is
973 2444 1165 2486 magistro,
1199 2442 1368 2486 magister
1399 2442 1534 2475 iterum
1561 2441 1715 2475 cerimo-

270 2488 388 2521 nim-io
416 2489 554 2533 signum
582 2489 664 2528 dat,
697 2494 734 2522 et
764 2489 874 2523 dicit:
900 2490 1092 2537 Praefecti,
1141 2489 1188 2522 At
1218 2490 1247 2522 is
1275 2490 1315 2521 in
1337 2489 1455 2521 velum
1487 2487 1713 2542 procedens,

271 2533 383 2567 dicit:
420 2537 543 2576 Leva,
569 2547 640 2582 quo
663 2536 778 2576 facto,
804 2537 1048 2581 expraefectus
1072 2538 1202 2576 intrat,
1228 2540 1287 2576 et,
1313 2542 1504 2580 postquam
1530 2534 1714 2574 adoravit,

270 2580 310 2614 in
334 2581 461 2615 ordine
488 2595 551 2616 suo
583 2582 710 2617 adstat.
761 2583 913 2617 Posthac
926 2584 1132 2628 praeposito
1154 2585 1375 2628 Imperator,
1401 2582 1626 2628 praepositus
1649 2592 1714 2614 ce·-

270 2628 482 2662 rImoniario
503 2631 651 2671 annuit,
676 2631 740 2676 qui
762 2629 870 2664 dicit:
900 2630 1044 2668 lubere,
1069 2630 1145 2663 illi:
1178 2630 1224 2663 In
1248 2631 1363 2664 multa
1381 2630 1550 2674 bonaque
1574 2637 1712 2674 tempo-

270 2686 316 2707 ra
347 2681 403 2708 etc
434 2677 638 2710 atelamant.
689 2677 799 2723 (IV.)
826 2678 956 2711 Statim
976 2678 1270 2716 cerimoniarius,
1309 2675 1567 2722 comprehensa
1589 2675 1710 2719 Impe-

270 2722 397 2755 ratoris
421 2724 564 2767 tunica,
589 2723 829 2759 rhosthelium
851 2725 960 2765 facit,
986 2723 1096 2770 idque
1117 2723 1204 2757 huic
1229 2722 1351 2765 tradit,
1376 2728 1440 2765 ut,
1464 2721 1596 2756 throno
1617 2730 1708 2755 eon-
