1878 3112
318 149 669 192 consummi
708 149 900 190 Pomm.
926 146 1017 189 'DE
1057 145 1312 188 cammoN.
1416 121 1529 199 493

115 251 258 305 φανῶν
284 249 438 290 τούτων
464 247 629 289 πάντων
656 245 869 298 ἁψάντων,
896 244 1035 293 ἐὖθ-ὑς
1062 245 1102 286 οῖ
1125 239 1423 298 χαρτουλάριοι
1449 242 1532 283 τῶν

113 312 193 364 ἔξω
217 313 403 366 στάβλων
427 311 501 363 καὶ
525 308 884 366 σαφραμεντάριοι
919 310 1134 363 ἐκαλίγουν
1170 307 1221 349 τά
1256 304 1449 362 βασιλικὰ
1478 301 1529 347 ἇ-

114 382 242 432 hoya,
283 377 357 418 καὶ
380 375 432 418 τά
457 373 650 429 βασιλικά
678 373 890 429 σαγμάρια
930 375 1242 428 εὐτρεπίσαντες
1275 367 1407 421 eti-‘hic
1442 372 1597 413 ἐκί-»Μι
1614 379 1697 414 16.b

114 458 223 495 νουν,
250 444 324 484 καὶ
350 442 594 496 κατήρχοντο
624 441 683 488 εἷς
706 438 778 494 τὴν
796 440 870 481 τοῦ
890 438 1092 492 βασιλέως
1110 435 1336 492 ἀπάντησιν
1360 437 1405 478 ἐν
1431 435 1531 478 1125-

89 511 220 557 ὅλαις.
261 507 283 548 δ
312 507 359 549 δὲ
387 503 585 559 βασιλεύς
611 504 800 560 ἐξήρχετο
827 505 955 559 μέχρι
981 504 1272 554 τῶνΠυλαῖν,
1299 500 1350 543 τά
1379 503 1425 542 δὲ
1451 504 1532 555 βα-

116 570 261 615 σιλικὰ
284 569 479 627 usiadem
515 570 589 612 καί
628 569 667 611 οἱ
713 565 906 627 ἄρχοντες
944 567 1018 610 καὶ
1041 566 1079 609 οἱ
1124 565 1262 608 λοιποὶ
1287 565 1327 608 οἲ
1355 565 1435 608 άπὸ
1459 567 1531 620 τῆς

115 634 270 686 πόλεως
312 635 577 691 ἐξερχόμενοι
614 636 685 689 τῆς
717 636 866 688 ξῆρᾶς,
907 630 1219 688 προελάμβανον
1256 630 1328 673 τὸν
1354 633 1533 685 βασιλέα

116 703 176 750 εἷς
202 699 370 754 Πύλαςρ
413 703 487 742 καὶ
509 697 575 742 ὅτε
597 697 643 740 τὸ
668 701 750 740 τῶν
776 700 1026 754 Σαρακηνῶν
1063 694 1269 753 φοσσάτον
1296 692 1421 753 ὤφθη
1448 698 1536 738 τισὶ

115 765 220 821 πρὸς
245 765 299 807 τά
324 768 399 820 τῆς
417 765 656 818 Ῥωμανιὶις
683 761 934 816 συστάμενα,
963 757 1015 817 ἦν
1041 760 1065 803 ὅ
1089 760 1287 815 βασιλεύς
1317 761 1448 810 εὐθὺς
1473 763 1567 814 elec

67 828 343 886 ιοᾶπάντησιν
359 830 503 872 αὐτοῦ.
519 831 666 882 ἰστέον,
683 825 749 870 ὅτι
774 826 813 870 οἱ
829 824 1133 883 προᾷῥηθέντες
1149 826 1276 883 φανοὶ
1290 825 1535 880 διεκράτουν

114 895 242 951 μέχρι
266 899 346 937 τῶν
371 895 533 950 ἡμερῶν
557 892 736 948 Μιχαὴλ
762 894 964 947 βασιλέως
990 888 1065 934 τοῦ
1087 893 1134 933 ἐκ
1176 892 1399 947 Θεοφίλου.
1463 886 1532 932 &ua

116 975 184 1010 τος
213 961 260 1002 δὲ
289 958 420 1000 αὑτοῦ
444 974 542 1001 ποτε
568 961 614 1002 ἐν
639 960 697 1016 τῷ
715 960 791 1000 τοῦ
831 957 951 1012 ἁγίου
969 955 1204 1010 Μάμαντος
1229 957 1433 1014 προκένσῳ
1461 954 1535 997 καὶ

115 1028 330 1078 μέλλοντος
354 1027 523 1080 ποιῆσαι
550 1024 842 1077 ἱπποδρόμιον,
881 1024 926 1064 ἐν
955 1016 989 1080 ᾧ
1023 1021 1096 1063 καὶ
1134 1020 1230 1064 α’ντί
1254 1022 1459 1074 βασιλέως
1484 1020 1533 1076 ἢ..

115 1091 255 1144 νίοχος
282 1090 540 1144 ἐγνωρίζετο·
597 1087 690 1144 (καὶ
712 1086 792 1142 γάρ
823 1089 868 1129 ἐν
893 1093 984 1135 ταῖς
1010 1086 1278 1139 ἱππηλασίαις
1301 1087 1394 1126 ἀντὶ
1414 1086 1535 1139 ἧνιό-.

67 1157 196 1209 ι’ὄχου
236 1151 494 1211 ι’ππηλάτεν)
562 1155 712 1208 συνέβη
750 1151 847 1201 τοὺς
870 1151 1064 1206 συνήθεις
1100 1145 1211 1203 ἇψαι
1238 1148 1421 1205 φανούς,
1462 1151 1535 1191 καὶ

115 1215 205 1262 εἶπε
229 1221 349 1261 τοῦτο
377 1216 724 1272 διαλογισάμενος,
753 1214 813 1259 ὅτι
837 1218 906 1270 ,,ει’
938 1214 1166 1270 κατάδηλος
1202 1214 1364 1269 γένηται
1390 1213 1416 1268 ἦ
1443 1213 1533 1266 ἔξο-

116 1285 187 1334 δος
208 1285 291 1326 τόν
310 1286 574 1339 Σαρακηνῶν,
602 1281 910 1337 λυπηθήσονται
937 1279 976 1322 οἱ
1002 1284 1178 1332 πολῖται,
1205 1280 1277 1320 καί
1303 1275 1352 1319 οὖ
1379 1278 1438 1333 μή
1466 1282 1532 1330 ἐξ-

115 1350 294 1392 έλθωσιν
333 1349 393 1397 εἰς
427 1347 474 1390 τὸ
511 1345 785 1402 ἱπποδρόμιον
822 1345 927 1401 πρὸς
964 1345 1011 1387 τὸ
1052 1344 1124 1400 τὴν
1150 1341 1253 1399 ἐμὴν
1278 1342 1532 1398 ἱππηλασιῖιν

118 1413 409 1456 maiomam?
446 1412 520 1454 καὶ
544 1414 590 1455 ἐκ
615 1411 705 1454 τότε
737 1409 947 1462 διετάξατο
972 1408 1031 1465 μὴ
1066 1407 1211 1451 ἅπτειν
1234 1408 1329 1456 τούς
1356 1408 1567 1461 φανούς.»

63 1478 262 1533 notorior,
284 1474 358 1520 fin
382 1476 428 1520 τὸ
452 1475 632 1520 παλαιὸν
660 1476 785 1520 τύπος
811 1470 883 1525 ἦν,
911 1474 966 1512 τὸ
993 1476 1157 1523 θέματα
1185 1467 1436 1524 §cystim-'iac
1461 1486 1533 1510 κα-

117 1627 292 1662 Diaetarii
316 1627 409 1661 enim
435 1627 488 1660 ibi
511 1637 648 1671 semper
673 1627 859 1660 continuas
879 1624 1032 1669 agebant
1049 1624 1200 1670 vigilias,
1221 1624 1458 1670 solliciteque,
1482 1635 1528 1658 ne

116 1683 276 1719 unquam
299 1682 336 1707 se
358 1671 497 1706 flamma
520 1674 646 1706 lateret
658 1684 731 1705 non
754 1671 1006 1711 animadversa,
1033 1681 1152 1704 versus
1168 1671 1294 1703 co‘llem
1311 1671 1344 1703 S.
1358 1671 1528 1704 Auxentii

117 1719 364 1764 respiciebant.
390 1719 552 1752 Laternis
570 1718 642 1750 illis
663 1717 829 1750 omnibus
846 1717 1021 1756 accensis,
1038 1717 1202 1760 protinus
1226 1716 1429 1760 caligabant
1464 1726 1528 1750 seu

116 1765 238 1809 caligis
264 1764 466 1798 induebant
481 1764 596 1809 regios
616 1774 728 1809 equos
753 1763 961 1795 chartularii
979 1763 1213 1803 stabulorum,
1239 1773 1331 1808 quae
1351 1768 1448 1795 extra
1462 1764 1528 1794 Ur-

117 1811 200 1844 bem
223 1816 406 1856 augustam
423 1816 506 1844 sunt
517 1836 527 1852 ,
545 1815 582 1842 et
596 1810 857 1842 saframentarii
869 1835 879 1851 ,
896 1809 1076 1853 mulisque
1094 1809 1292 1841 necessario
1309 1810 1527 1842 sarcinarum

116 1862 291 1902 apparatu
315 1857 496 1897 oneratis,
521 1855 714 1889 movebant
743 1861 781 1888 et
817 1854 1081 1887 descendebant
1113 1854 1159 1887 ad
1183 1855 1282 1898 Pylas
1314 1855 1527 1899 Imperatori

117 1903 172 1935 ibi
203 1914 387 1936 occursum
425 1904 532 1948 eique
564 1912 641 1935 sese
675 1901 893 1934 adiunctum.
947 1902 1144 1945 Imperator
1178 1906 1299 1934 autem
1328 1900 1451 1935 exibat
1481 1911 1526 1933 ex

115 1947 228 1990 Urbe,
250 1954 439 1994 postquam
464 1950 559 1994 regia
582 1949 726 1981 sellaria
750 1952 786 1980 et
810 1947 915 1980 duces
940 1947 1113 1979 militares
1138 1951 1175 1979 et
1197 1947 1342 1992 reliqui,
1365 1957 1456 1992 quos
1481 1957 1526 1980 ex

115 1995 210 2028 Urbe
233 1995 272 2028 in
296 2002 407 2029 castra
439 1995 629 2028 convenire
661 1994 872 2039 oportebat,
904 2004 969 2038 per
992 2003 1110 2026 xeram
1136 1993 1195 2036 [id
1214 1999 1340 2038 portae
1364 1993 1525 2026 CPtauae

114 2050 246 2074 nomen
271 2046 326 2074 est
332 2043 364 2085 ,]
391 2042 521 2085 egressi
544 2042 583 2073 in
603 2040 703 2084 Pylas
726 2040 1009 2085 praevertissent.
1060 2040 1256 2084 Imperator
1290 2039 1413 2084 itaque
1436 2039 1525 2071 illuc

116 2086 276 2127 delatus,
301 2087 331 2120 si
357 2087 488 2132 quibus
512 2087 635 2133 aliqua
667 2088 706 2119 in
736 2091 838 2131 parte
870 2087 1021 2119 Romani
1047 2085 1143 2118 orbis
1168 2087 1348 2130 conspecti
1371 2085 1524 2118 fuissent

116 2133 293 2173 Saraceni,
316 2134 479 2178 protinus
507 2143 549 2166 eo
563 2133 728 2166 movebat
744 2132 831 2177 ipsis
844 2132 996 2165 obuiam.
1022 2133 1101 2165 Mos
1125 2132 1188 2164 ille
1201 2142 1265 2176 per
1287 2132 1441 2164 laternas
1465 2142 1524 2163 ac-

116 2188 236 2211 censas
262 2189 282 2211 e
306 2180 497 2224 praedictis
520 2179 672 2224 speculis
698 2178 742 2211 de
766 2179 1007 2211 incursatione
1030 2178 1188 2210 hostium
1211 2178 1434 2222 significandi
1456 2178 1523 2210 ob-

115 2223 255 2256 tinebat
278 2235 391 2270 usque
408 2225 453 2258 ad
465 2225 677 2259 Michaelem
686 2225 953 2269 Imperatorem,
975 2223 1170 2268 Theophili
1194 2224 1326 2265 filium3
1349 2224 1413 2269 qui
1437 2235 1520 2255 eum

115 2269 300 2312 abrogavit
321 2271 387 2304 bac
419 2272 463 2304 de
496 2281 610 2304 causa.
668 2271 910 2315 Contingebat
931 2270 1147 2316 aliquando,
1171 2271 1235 2303 illo
1258 2271 1522 2314 processionem

118 2315 153 2348 S.
176 2315 365 2349 mamantis
399 2321 526 2361 agente
570 2317 627 2361 [id
651 2322 707 2349 est
729 2318 767 2349 in
789 2317 925 2361 palatio
956 2317 989 2350 S.
1014 2317 1204 2349 mamantis
1229 2317 1422 2348 rusticante
1432 2318 1461 2358 ,]
1486 2320 1523 2347 et

117 2366 295 2397 certamen
317 2369 481 2407 equestre
512 2373 578 2407 per
610 2364 740 2396 circum
765 2363 848 2409 [qui
873 2362 927 2394 ibi
953 2364 1043 2406 est‚]
1069 2362 1229 2402 edituro,
1252 2362 1291 2394 in
1315 2372 1387 2407 quo
1413 2361 1521 2392 etiam

115 2416 182 2451 pro
207 2417 289 2451 rege
312 2409 432 2452 auriga
456 2414 663 2454 conspectus
687 2409 768 2450 suit,
793 2409 935 2454 qualem
961 2419 1150 2454 personam
1175 2408 1325 2440 induere
1349 2417 1520 2451 persaepe

115 2452 260 2485 solebat
298 2453 335 2486 in
379 2454 539 2487 editione
576 2456 704 2487 talium
745 2455 1044 2499 spectaculorum:
1077 2453 1307 2498 contingebat
1335 2453 1445 2496 igitur
1476 2462 1519 2484 eo

116 2502 296 2542 tempore,
341 2504 382 2532 ut
414 2505 582 2533 consueto
617 2501 725 2533 modo
762 2501 920 2533 laternae
950 2500 1036 2532 illae
1068 2500 1157 2532 belli
1188 2499 1322 2532 indices
1352 2508 1520 2530 accensae

116 2545 415 2588 conspicerentur.
463 2546 750 2580 Ratiocinabatur
773 2547 896 2591 itaque
922 2556 1041 2579 secum
1064 2545 1132 2578 hoc
1155 2545 1280 2579 modo:
1326 2544 1364 2577 Si
1387 2543 1520 2587 permi-

116 2599 216 2629 sero,
242 2595 282 2622 ut
308 2601 428 2623 rumor
451 2590 496 2623 ‹le
520 2592 772 2625 Saracenorum
797 2592 980 2626 invasione
1010 2593 1049 2625 in
1073 2594 1165 2626 cives
1190 2594 1349 2630 emanet,
1374 2588 1519 2623 tristiti-

115 2645 173 2667 am
198 2634 283 2668 inde
314 2637 518 2680 concipient
551 2648 669 2683 neque
699 2638 736 2670 in
767 2638 898 2670 circum
930 2648 1025 2670 meas
1056 2638 1295 2681 aurigationes
1319 2640 1517 2679 spectatum

117 2682 338 2717 convenient.
384 2683 430 2717 Et
450 2687 637 2729 propterea
661 2683 818 2725 vetabat,
841 2684 1071 2730 imposterum
1090 2684 1244 2716 laternas
1255 2682 1336 2716 illas
1361 2680 1517 2714 accendi.
