1878 3112
284 95 399 169 470
567 114 834 156 APPENDJX
866 113 942 153 AD
983 114 1188 153 LIBRUM
1222 113 1441 156 PRIMUM

289 229 387 264 κους
416 211 624 269 μεσόζηλα
653 214 847 267 δι’σχιστα
874 214 1111 267 μανιακάτα
1140 212 1249 260 λιτά.
1307 215 1466 266 ἰστέον,
1509 209 1568 256 ὅτι
1594 216 1737 258 ταῦτα

286 278 423 321 πάντα
463 281 508 321 ἐν
543 281 780 334 σκευαρίοις
817 281 1108 334 ἑνδεδυμένοις
1145 282 1234 333 μετ’
1273 280 1487 334 ἀληθινῶν
1518 282 1734 335 τομαρίων

244 346 359 390 cumi*
396 343 577 399 σιὸῆρων
615 346 806 399 γανωτῶν
841 344 947 398 μετὰ
981 345 1055 388 καί
1078 347 1378 402 χαρταλαμίων
1413 345 1568 398 ὁμοίως
1599 361 1735 400 γανω-

283 414 364 453 τῶν
393 409 695 463 βαστάζονται.
751 413 900 465 τουβιίι
931 414 977 453 ἑκ
1010 412 1165 454 τούτων
1205 410 1370 453 πάντων
1390 443 1401 464 ,
1445 409 1496 453 τὰ
1525 412 1605 464 μὲν
1633 425 1738 467 προ-.-

134 483 233 528 Μις).
250 494 269 514 a
285 477 510 531 κριτώτερα
540 473 622 518 ἀπὸ
659 478 906 531 διβλαττίων
937 478 1071 520 ἀετῶν
1088 476 1162 519 καί
1175 480 1420 532 βασιλικίων
1447 473 1757 533 ἆμφιεσμένα,5

284 542 334 585 τὰ
364 544 410 584 δὲ
442 542 616 598 δεύτερα
644 542 801 586 τούτων
829 540 910 585 ἀπὸ
943 545 1168 598 βδελλίων·
1225 543 1525 602 σφιγκτούρια,
1563 539 1734 584 θάλασ-

286 625 358 650 σαι
400 607 472 650 καὶ
512 605 642 662 ἇβδιά
687 609 940 664 πλατύλωρα
976 611 1048 651 καί
1086 610 1215 663 οἶβὸιά
1241 607 1525 664 μασουρωτὰ,
1569 606 1620 650 τὰ
1652 608 1733 662 μὲν

288 671 554 729 ἇμφιεσμένα
584 671 664 716 ἀπὸ
697 675 972 730 ὃιβλαττίων,
1017 674 1070 717 τὰ
1108 676 1155 717 δὲ
1197 676 1271 716 καί
1308 673 1417 717 λιτά.
1472 673 1734 727 ὗποκαμισο-

286 737 441 794 βράκια
470 737 687 796 διαφόρων
718 741 965 796 ποιοτήτων.
1021 741 1320 798 ἐπιρῥιπτάρια
1366 739 1460 791 ὀξέα
1487 741 1634 794 πρῶτα
1661 738 1738 781 καὶ

289 804 466 862 δεύτερα
493 807 565 848 καί
591 807 740 862 τρίτα,
771 807 952 863 ζωστρία
980 804 1076 858 ὀξέα
1107 805 1292 863 διάφορα
1321 807 1393 848 καί
1421 806 1628 859 ψευὸοξέα
1652 802 1792 846 diesim

287 875 540 925 νομίσματος
567 870 659 923 ἑνὸς
686 872 759 915 καί
787 874 1067 929 μιλιαρησίων
1089 873 1140 915 δ’.
1168 871 1241 914 καί
1268 873 1391 928 ἕτερα
1415 869 1624 925 ψευδοξέα
1653 868 1733 912 ἀντὶ
1788 891 1791 894 ·

250 938 550 991 Βνομίσματος
585 937 637 992 α’,
684 938 758 980 καὶ
796 941 916 995 ἕτερα
958 938 1037 981 ἀντὶ
1075 939 1359 995 μιλιαρησίων
1385 936 1436 993 η’.
1490 935 1738 991 ὑποδήματα

288 1002 473 1058 οἷὸήμινα
505 1004 629 1057 ζυγαί
656 1006 869 1060 διάφοροι.
923 1006 1060 1047 ἰστέον
1069 1039 1082 1058 ,
1119 1002 1183 1047 ὅτι
1211 1007 1346 1046 ταῦτα
1374 1002 1510 1045 πάντα
1539 1003 1585 1045 ἐν
1610 1005 1738 1056 βουλ-

288 1069 439 1122 γιὸιόις
467 1065 494 1123 ἢ
523 1072 594 1111 καί
632 1072 677 1112 ἐν
715 1072 942 1120 ὁ“ισακκιόις
982 1070 1203 1127 ὀφείλουσι
1240 1068 1540 1124 βαστάζεσθαι.
1599 1069 1738 1109 ταῦτα

289 1136 334 1176 δὲ
362 1133 430 1175 διὰ
471 1133 570 1183 τούς
607 1137 785 1189 εὐγενεῖς
820 1135 1070 1192 πρόσφυγας
1110 1134 1361 1190 τυγχάνουσι
1399 1133 1474 1176 καί
1498 1132 1568 1175 διὰ
1598 1131 1646 1175 τὸ
1675 1133 1790 1182 εἰςιό

287 1199 464 1252 εὐγενεῖς
492 1202 564 1242 καί
598 1201 802 1254 μεγάλους
839 1201 1034 1251 ἐθνικούς
1071 1202 1421 1245 ἀποστέλλεσθαι.
1477 1197 1628 1252 ἱμάτια
1665 1201 1735 1240 λε-

288 1263 468 1320 πτόζηλα
491 1268 537 1308 ἐκ
565 1269 648 1314 τῶν
669 1271 759 1308 κατ)
779 1267 917 1317 οἴκους
943 1266 1147 1322 πρόκριτοι
1174 1267 1246 1308 καί
1269 1263 1438 1321 καθαρὰ
1466 1265 1739 1321 ἄμφιεσμὲνα
1789 1281 1792 1285 ’

289 1328 370 1374 dud
401 1332 676 1388 τριβλαττίων
703 1333 777 1375 καί
795 1333 1041 1387 διβλαττίων
1069 1331 1196 1383 ὀξέων
1215 1331 1288 1373 καί
1315 1331 1561 1385 διβλαττίων
1607 1329 1739 1373 ἇετῶν

289 1397 360 1441 καί
384 1401 628 1450 βασιλικίων
656 1401 729 1441 καί
755 1398 957 1452 βδελλίων
973 1433 986 1453 ,
1015 1399 1238 1454 ἀμφότερα
1266 1399 1464 1451 &laxiora
1492 1393 1599 1450 μετὰ,
1629 1411 1739 1451 περ·

289 1464 434 1504 σικι’ων
463 1461 534 1504 διὰ
565 1464 666 1512 τούς
694 1463 947 1518 στρατηγοὺς
979 1463 1052 1504 καί
1085 1462 1427 1517 κλεισουράρχας.
1483 1463 1604 1515 ἕτερα
1633 1459 1794 1515 lud-20

94 1537 281 1584 Ed.L.272
297 1545 365 1570 τια
395 1530 441 1571 ἐκ
468 1531 552 1572 τῶν
580 1533 670 1571 κατ’
700 1527 838 1578 οἴκους
864 1527 1094 1584 λεπτόζηλα
1122 1526 1293 1584 δεύτερα
1319 1525 1415 1569 λιι-ἀ
1439 1527 1635 1581 δι’σχιστα
1654 1543 1741 1581 μα-

295 1664 352 1699 bis
386 1665 490 1705 fissa,
522 1666 740 1706 maniacam,
773 1676 852 1699 cum
884 1664 1079 1710 praetextis
1116 1663 1324 1706 diblatteis;
1357 1663 1450 1702 alia,
1481 1662 1546 1696 sed
1569 1662 1741 1703 colobia,

296 1712 422 1758 qualia
462 1711 560 1745 domi
596 1719 803 1756 gestantur,
837 1711 1028 1744 mediocris
1051 1711 1288 1755 longitudinis
1303 1735 1313 1751 ,
1337 1708 1394 1743 bis
1418 1710 1523 1751 fissa,
1548 1715 1741 1755 torquata,

297 1759 361 1793 sed
395 1758 534 1804 absque
570 1761 769 1805 praetextis
807 1758 1005 1792 diblatteis.
1055 1758 1152 1791 Haec
1178 1758 1301 1791 omnia
1325 1756 1537 1791 deferuntur
1560 1757 1600 1790 in
1623 1756 1742 1797 vasis,

299 1816 391 1852 quae
425 1806 532 1842 coriis
577 1807 765 1851 purpureis
800 1806 961 1840 involuta
993 1811 1077 1839 sunt
1112 1811 1150 1838 et
1181 1805 1318 1839 firmata
1351 1803 1578 1838 ferramentis
1614 1804 1741 1847 politis

303 1859 340 1886 et
359 1851 601 1889 chartalamiis
629 1855 765 1898 pariter
788 1853 924 1898 politis.
954 1853 1060 1886 Porro
1085 1852 1226 1886 tibialia
1251 1851 1297 1884 ad
1332 1852 1518 1895 superiora
1543 1850 1742 1883 ‘vestimen-

296 1904 333 1932 ta
371 1901 618 1944 pertinentia,
654 1905 690 1932 et
717 1906 792 1942 tot,
839 1905 928 1946 quot
959 1900 1046 1939 illa,
1092 1910 1261 1940 numeror,
1295 1909 1448 1943 quorum
1478 1897 1741 1942 praestantiora

297 1945 444 1991 quidem
474 1953 610 1980 assutas
633 1946 772 1980 habent
805 1947 947 1991 aquilas
979 1945 1174 1980 diblatteas
1217 1950 1254 1978 et
1278 1944 1444 1978 basilicia
1468 1955 1530 1978 seu
1554 1953 1652 1976 arma
1676 1948 1740 1978 aut

297 1993 455 2037 insignia
489 1994 710 2037 imperialia3
745 1994 789 2026 ab
815 1993 871 2025 his
904 1999 1023 2026 autem
1048 1991 1204 2026 secunda
1247 1997 1284 2024 et
1322 1989 1442 2037 quoad
1464 1990 1619 2034 pretium
1644 1988 1742 2021 inse-

297 2039 390 2072 riora
424 2038 562 2073 habent
585 2051 650 2084 pro
678 2041 843 2084 exemplo
870 2041 1009 2073 intexta
1035 2039 1173 2072 bdellia
1196 2048 1258 2071 seu
1282 2048 1406 2081 parvas
1431 2047 1579 2069 muscas.
1605 2033 1742 2080 Sphin-

297 2088 412 2118 cturia
457 2098 520 2119 seu
545 2088 743 2126 strictoria‚
769 2086 942 2120 thalassus
968 2097 1029 2119 seu
1055 2086 1164 2119 maria
1204 2083 1325 2129 {vestis
1350 2094 1460 2127 genus
1487 2083 1537 2116 ita
1565 2081 1740 2128 dictum,

299 2137 336 2164 et
373 2131 481 2165 abdia
514 2144 591 2165 cum
630 2133 716 2169 latis
754 2133 862 2172 loris,
889 2138 926 2166 et
962 2131 1070 2165 abdia
1095 2143 1173 2164 cum
1210 2131 1359 2163 intextis
1388 2129 1586 2173 lagenulis,
1610 2129 1742 2173 partim

298 2184 525 2222 praetextata
549 2181 742 2222 praetextis
769 2179 976 2219 diblattcis,
1008 2179 1139 2222 partim
1166 2178 1276 2210 etiam
1301 2175 1438 2221 absque
1465 2176 1509 2208 iis
1542 2185 1604 2208 seu
1639 2186 1740 2221 pura.

300 2224 407 2258 Porro
439 2224 815 2269 hypocamisobraccia
847 2235 911 2258 seu
946 2225 1090 2258 braccas
1141 2224 1359 2258 diversarum
1394 2223 1630 2268 qualitatum,
1669 2227 1741 2258 tam

302 2272 422 2316 quoad
446 2273 702 2316 capacitatem,
739 2283 846 2318 quam
880 2271 1000 2318 quoad
1032 2271 1198 2316 pretium.
1255 2269 1611 2315 Epirrhiptariaseu
1650 2269 1747 2302 inie-

303 2319 416 2353 ctoria
458 2319 678 2363 scapularia,
703 2319 864 2363 scapulas
901 2324 938 2352 et
970 2323 1079 2363 caput
1110 2318 1293 2363 tegentia,
1321 2317 1396 2350 veri
1429 2317 1596 2356 luminis,
1633 2315 1743 2360 primi

303 2364 440 2398 ordinis
473 2371 510 2399 et
541 2366 690 2399 secundi
730 2371 767 2399 et
795 2366 906 2398 tertii.
955 2365 1088 2398 Zostria
1125 2376 1187 2398 seu
1225 2364 1367 2407 cingula
1400 2364 1476 2396 veri
1509 2363 1658 2396 luminis
1678 2372 1743 2394 va-

302 2413 374 2452 ria,
398 2418 435 2445 et
457 2411 660 2457 pseudoxea
685 2423 748 2445 seu
771 2411 978 2457 pallidioris
1003 2411 1145 2451 coloris,
1169 2411 1308 2456 singula
1331 2413 1449 2454 pretio
1474 2410 1580 2442 unius
1604 2408 1744 2445 nummi

304 2464 341 2492 et
365 2464 520 2504 quatuor
544 2459 837 2499 miliaresiorum,
865 2460 936 2491 alia
965 2458 1171 2503 pallidioris
1197 2457 1342 2492 luminis
1367 2457 1486 2502 pretio
1515 2466 1743 2490 nummorum

303 2505 542 2550 singulorum,
583 2507 652 2538 alia
697 2507 814 2550 pretio
847 2505 1125 2541 miliaresiorum
1168 2510 1393 2542 octonorum.
1443 2503 1654 2536 calceorum
1691 2512 1743 2534 'ex

303 2551 438 2585 adimio
476 2563 539 2585 seu
573 2553 753 2588 corduano
795 2554 892 2597 paria
937 2552 1090 2588 diversa.
1145 2551 1241 2584 Haec
1267 2551 1389 2583 omnia
1413 2551 1452 2583 in
1475 2549 1594 2594 bulgis
1618 2553 1682 2581 ant.
1705 2552 1762 2586 et·

302 2596 469 2632 bisacciis
495 2598 630 2634 debent
665 2599 818 2636 deferri,
848 2604 885 2632 et
908 2599 1087 2632 destinata
1110 2603 1196 2631 sunt
1217 2596 1404 2630 nobilibus
1427 2595 1634 2642 transfugis,
1654 2594 1745 2640 ,quie

303 2644 371 2678 bus
395 2645 545 2686 dantur,-
571 2652 608 2679 et
631 2647 711 2680 aliis
734 2645 923 2680 nobilibus
949 2646 1155 2690 magnisque
1183 2644 1410 2689 alienigenis,
1435 2642 1568 2689 quibus
1590 2641 1743 2675 mittun-

300 2695 368 2725 tur.
417 2692 522 2729 Porro
548 2692 619 2729 fert
641 2705 763 2735 secum
790 2692 977 2741 imperiale
1001 2692 1210 2731 vestiarium
1238 2696 1353 2727 vestes
1376 2702 1442 2736 pro
1465 2688 1630 2730 minutis,
1651 2695 1744 2732 quar·-
