1832 3112
122 447 306 505 Lxxmf
386 468 425 508 E
469 466 785 510 FABRICII
834 465 1319 509 BlssLloTHEcA
1361 447 1678 513 GRAECA]
1710 506 1717 529 ,Ι

291 762 500 786 namn!
533 762 554 784 B
584 760 736 785 numen
766 761 997 787 nlntlomscA
1019 759 1153 784 ennea
1182 760 1214 784 Τ.
1233 759 1282 784 vl.
1297 749 1418 786 ¹¹.621·
1442 759 1520 790 19οι
1546 760 1591 784 DB
1618 761 1747 785 (20chss

351 819 595 844 munemne
617 819 917 843 consu-runnu
940 818 1211 849 cammenata,
1234 818 1398 842 AUCTORE
1418 818 1524 842 00¹8·
1547 817 1697 845 ἏΑῦΙΔΙ..

666 878 913 901 ῸΠΒΕΒΔΩΗΙΟ
927 892 938 909 ‚
971 878 1046 900 CUM
1074 877 1176 900 noris
1191 876 1361 900 numen.

293 966 459 1035 Codex
498 989 629 1030 forma
666 997 725 1029 est
751 991 922 1040 maiori,
967 1003 1090 1044 quam
1118 990 1161 1027 in
1191 987 1310 1028 Folio
1336 1001 1486 1028 vocare
1515 988 1646 1030 solent
1664 1023 1676 1044 ‚
1703 995 1747 1032 in

288 1047 543 1087 membranas
570 1059 830 1099 pergamenas
857 1059 1004 1099 easque
1030 1045 1226 1083 firmiores
1241 1075 1252 1094 ‚
1295 1043 1492 1084 laeviores
1530 1052 1651 1099 atque
1679 1052 1747 1087 ni-

287 1103 480 1154 tidiores,
509 1116 633 1155 quam
659 1101 807 1154 quibus
834 1102 1047 1154 postremis
1063 1129 1074 1151 ‚
1105 1107 1199 1139 ante
1227 1099 1541 1154 Typographiae
1568 1102 1746 1142 inventi-

286 1173 406 1198 onem
425 1188 439 1210 ,
476 1157 726 1211 temporibus
753 1156 972 1196 utebantur
992 1186 1004 1207 ‚
1045 1162 1245 1194 exaratus.
1304 1156 1551 1209 Quanquam
1579 1155 1632 1195 de
1661 1160 1747 1198 elus

286 1221 418 1253 aetate
444 1220 555 1252 certo
583 1213 757 1252 definire
776 1226 859 1251 non
887 1214 1016 1250 ausim
1032 1241 1044 1262 ‚
1074 1211 1190 1250 illum
1207 1217 1344 1250 tamen
1363 1210 1483 1265 longe
1504 1218 1598 1250 ante
1617 1212 1748 1254 Urbis

286 1269 621 1323 expugnationem
648 1270 691 1307 in
722 1269 810 1320 ipsa
838 1268 1011 1306 Graecia
1037 1268 1232 1320 scriptum
1261 1276 1372 1317 esse,
1403 1267 1599 1310 existimo.
1627 1268 1746 1308 Sum-

283 1339 353 1364 ma
381 1327 489 1364 enim
509 1338 606 1363 cura
626 1331 748 1377 atque
776 1323 1010 1362 dexteritate
1037 1322 1242 1361 confectus
1258 1350 1270 1372 ‚
1299 1329 1346 1361 ut
1373 1321 1623 1376 sphalmata,
1650 1326 1745 1378 qni-

282 1380 361 1420 bus
378 1381 622 1421 recentiores
643 1393 689 1418 ex
709 1378 934 1418 scribarum
954 1379 1178 1432 ignorantia
1194 1385 1318 1431 atque
1342 1379 1553 1417 oscitantia
1572 1374 1742 1431 scatent,

283 1435 351 1475 (rel
377 1434 491 1475 nulla
518 1434 585 1474 vel
618 1436 761 1489 exigua
795 1435 998 1475 rarissime
1032 1440 1257 1473 occurrant.
1315 1431 1371 1471 Et
1415 1431 1510 1472 licet
1546 1433 1742 1488 elegantia

282 1493 505 1545 scripturae
531 1498 646 1533 tanta
672 1497 865 1544 appareat
883 1519 895 1540 ,
917 1504 963 1529 ac
988 1491 1022 1529 si
1049 1490 1252 1542 integrum
1281 1486 1473 1527 volumen
1499 1487 1586 1528 non
1611 1490 1742 1530 solum

283 1547 426 1587 eadem
460 1560 586 1586 manu
603 1576 615 1597 ‚
654 1547 725 1585 sed
762 1545 904 1585 eodem
942 1544 1099 1584 calamo
1137 1544 1357 1596 eademque
1395 1543 1462 1584 die
1495 1543 1742 1599 descriptum
1812 1591 1814 1593 ,

285 1611 387 1642 esset
401 1618 421 1654 ;.
453 1603 699 1641 Litterarum
736 1608 872 1640 tamen
917 1601 1124 1639 character
1165 1600 1369 1652 antiquior
1398 1606 1459 1638 est
1486 1606 1526 1638 et
1553 1613 1577 1638 a
1603 1608 1743 1640 nostro

283 1658 459 1698 multum
486 1657 622 1699 differt
637 1687 648 1708 ‚
699 1665 821 1710 atque
847 1656 938 1695 ideo
967 1656 1179 1694 lectionem
1208 1656 1325 1693 init-io
1353 1653 1620 1695 difficiliorem
1645 1657 1741 1697 red-

283 1712 365 1766 dit,
393 1724 497 1767 quae
517 1712 731 1752 difficultas
759 1719 928 1765 augetur
955 1726 1027 1765 per
1054 1709 1173 1764 siglas
1201 1709 1268 1750 vel
1294 1708 1522 1748 litterarum
1550 1725 1741 1766 compen-

284 1768 374 1819 dia,
403 1776 444 1808 et
470 1769 580 1822 quod
607 1782 727 1811 voces
755 1770 889 1807 minus
918 1766 1128 1807 distinctae
1155 1764 1269 1805 nullo
1295 1764 1537 1820 plerumque
1557 1767 1741 1807 intersti—

284 1825 342 1863 fio
363 1824 439 1863 sibi
460 1824 716 1866 cohaereant.
768 1822 890 1873 Quod
911 1822 1097 1875 equidem
1126 1829 1266 1862 notam
1294 1835 1378 1860 non
1406 1823 1741 1869 contemnendam

285 1880 536 1932 antiquitatis
575 1879 661 1921 CL.
701 1877 920 1916 Salmasius
938 1879 967 1928 ¹)
1008 1878 1164 1916 asserit.
1221 1876 1435 1915 Accentus·
1452 1876 1598 1916 adiecti
1626 1876 1739 1917 illam

284 1946 360 1973 nec
379 1933 530 1972 tollunt
549 1947 622 1971 nec
644 1934 849 1982 minuunt,
867 1946 961 1970 cum
975 1931 1026 1970 ab
1049 1931 1321 1984 Aristophane
1339 1930 1523 1969 iamdum
1540 1932 1695 1972 inventi
1706 1934 1740 1986 ²)

286 1995 327 2027 et
354 1990 395 2027 in
421 1989 699 2028 vetustissimis
728 1995 849 2041 atque
875 1988 1224 2040 praestantissimis
1251 1984 1456 2025 codicibus
1476 2000 1596 2040 saepe
1622 1999 1740 2041 repe·
1811 1996 1815 2028 ζ

285 2045 454 2086 riantur.
506 2044 685 2083 Externa
711 2042 805 2081 libri
830 2042 950 2081 facies
966 2070 977 2091 ‚
1016 2041 1275 2081 involucrum
1312 2042 1504 2080 nimirum
1545 2051 1591 2082 ex
1627 2045 1740 2083 corio

285 2095 440 2139 bubulo
458 2096 631 2137 Turcico
652 2105 838 2137 constans
866 2111 1046 2150 auroque
1065 2096 1287 2136 obductum
1305 2104 1427 2150 atque
1445 2097 1602 2151 Regum
1619 2095 1737 2137 Hun'-

287 2156 422 2207 gariae
449 2155 619 2207 insignia
634 2184 646 2204 ‚
675 2168 780 2206 quae
807 2155 850 2191 in
877 2160 1050 2205 utraque
1068 2160 1182 2205 parte
1203 2159 1399 2205 apparent
1413 2182 1424 2202 ,
1455 2154 1550 2191 satis
1577 2152 1738 2193 demon-

286 2216 415 2248 strant
429 2239 441 2260 ‚
468 2223 550 2248 non
588 2209 778 2248 ultimum
815 2210 921 2248 inter
948 2207 1231 2246 celeberrimae
1259 2214 1379 2273 atque
1406 2209 1737 2253 instructissimae

287 2264 482 2304 Budensis
501 2294 512 2314 ‚
542 2264 622 2303 heu
650 2263 877 2317 quondam!
907 2262 1174 2302 bibliothecae
1201 2263 1397 2314 κειμηλια
1426 2261 1561 2301 locum
1579 2262 1737 2303 obtinu-

287 2321 377 2360 isse.
429 2320 493 2358 De
520 2334 602 2372 quo
629 2320 734 2358 infra
762 2318 962 2372 pluribus.
1019 2317 1099 2356 Sed
1125 2325 1172 2370 ut
1207 2317 1258 2356 ad
1291 2318 1483 2356 interiora
1521 2317 1734 2368 accedam,

286 2377 442 2428 primus
486 2382 678 2414 tractatus
723 2388 885 2413 omnem
930 2378 1168 2427 apparatum
1203 2371 1394 2411 bellicum
1439 2373 1655 2426 omniaque
1682 2373 1735 2413 ad

287 2429 404 2469 illum
431 2431 651 2470 neccssaria
679 2431 924 2469 exactissime
954 2429 1157 2468 describit.
1214 2426 1401 2480 Reliqui,
1443 2428 1545 2466 ritus
1573 2426 1733 2468 ecclesi-

290 2489 433 2525 asticos
448 2515 460 2536 ‚
511 2487 748 2525 cerimonias
785 2487 827 2523 in
853 2497 1098 2537 unoquoque
1126 2483 1225 2521 festo
1253 2482 1318 2521 die
1357 2482 1564 2522 observari
1596 2483 1733 2522 solitas

292 2541 482 2593 prolixius
511 2547 758 2581 enumerant.
813 2539 918 2578 Hinc
949 2553 1029 2577 non
1049 2537 1179 2577 solum
1197 2552 1300 2590 quae
1319 2537 1370 2576 ad
1390 2544 1537 2577 statum
1557 2537 1732 2578 aulicum

321 2629 350 2671 ι)
380 2628 533 2672 Epistol.
565 2627 611 2661 ad
648 2629 702 2662 Cl.
725 2626 952 2665 San-avium,
988 2636 1082 2670 quae
1111 2623 1327 2658 CLXXXIII.
1369 2630 1424 2659 est
1453 2624 1492 2660 iu
1524 2625 1611 2661 edit.
1637 2626 1730 2660 Bur-

386 2676 509 2708 manni
539 2687 572 2720 p.
612 2677 690 2710 186.
721 2685 773 2720 sq.
871 2674 907 2718 2)
933 2671 1033 2706 Idem
1070 2671 1260 2704 Salmasius
1290 2672 1311 2704 l.
1346 2683 1376 2705 c.
