<?xml version="1.0" encoding="UTF-8"?>
<!DOCTYPE html PUBLIC "-//W3C//DTD XHTML 1.0 Transitional//EN"
    "http://www.w3.org/TR/xhtml1/DTD/xhtml1-transitional.dtd">
<html xmlns="http://www.w3.org/1999/xhtml" xml:lang="en" lang="en">
 <head>
  <title>
</title>
<meta http-equiv="Content-Type" content="text/html;charset=utf-8" />
  <meta name='ocr-system' content='tesseract 3.04.00' />
  <meta name='ocr-capabilities' content='ocr_page ocr_carea ocr_par ocr_line ocrx_word'/>
</head>
<body>
  <div class='ocr_page' id='page_1' title='image "./corpusscriptorum07niebuoft_0328.png"; bbox 0 0 1884 3112; ppageno 0'>
   <div class='ocr_carea' id='block_1_1' title="bbox 238 121 1397 190">
    <p class='ocr_par' dir='ltr' id='par_1_1' title="bbox 238 121 1397 190">
     <span class='ocr_line' id='line_1_1' title="bbox 238 121 1397 190; baseline 0.011 -15"><span class='ocrx_word' id='word_1_1' title='bbox 238 121 345 176; x_wconf 79' lang='lat'><em>262</em></span> <span class='ocrx_word' id='word_1_2' title='bbox 517 132 874 184; x_wconf 74' lang='lat' dir='ltr'>CONSTANTm</span> <span class='ocrx_word' id='word_1_3' title='bbox 917 139 1397 190; x_wconf 72' lang='lat' dir='ltr'>PoRPHYRoGEmn</span> 
     </span>
    </p>
   </div>
   <div class='ocr_carea' id='block_1_2' title="bbox 64 238 1762 1826">
    <p class='ocr_par' dir='ltr' id='par_1_2' title="bbox 204 238 1751 1032">
     <span class='ocr_line' id='line_1_2' title="bbox 204 238 1686 304; baseline 0.006 -20"><span class='ocrx_word' id='word_1_4' title='bbox 204 238 311 284; x_wconf 85' lang='grc' dir='ltr'><em>Βτὸν</em></span> <span class='ocrx_word' id='word_1_5' title='bbox 349 239 566 297; x_wconf 82' lang='grc' dir='ltr'><em>ὀφείλοντα</em></span> <span class='ocrx_word' id='word_1_6' title='bbox 600 245 893 299; x_wconf 74' lang='grc' dir='ltr'><em>προβληθῆναι</em></span> <span class='ocrx_word' id='word_1_7' title='bbox 930 246 1230 301; x_wconf 84' lang='grc' dir='ltr'><em>πραιπόσιτον,</em></span> <span class='ocrx_word' id='word_1_8' title='bbox 1275 249 1351 290; x_wconf 74' lang='grc' dir='ltr'><em>κατ’</em></span> <span class='ocrx_word' id='word_1_9' title='bbox 1375 248 1530 304; x_wconf 78' lang='grc' dir='ltr'><em>εἰσάγει</em></span> <span class='ocrx_word' id='word_1_10' title='bbox 1557 248 1686 294; x_wconf 77' lang='grc' dir='ltr'><em>αὗτὸν</em></span> 
     </span>
     <span class='ocr_line' id='line_1_3' title="bbox 238 305 1688 372; baseline 0.008 -25"><span class='ocrx_word' id='word_1_11' title='bbox 238 305 347 348; x_wconf 86' lang='grc' dir='ltr'><em>κατά</em></span> <span class='ocrx_word' id='word_1_12' title='bbox 376 306 532 357; x_wconf 87' lang='grc' dir='ltr'><em>παντὸς</em></span> <span class='ocrx_word' id='word_1_13' title='bbox 557 309 686 361; x_wconf 81' lang='grc' dir='ltr'><strong><em>μέσον</em></strong></span> <span class='ocrx_word' id='word_1_14' title='bbox 712 311 790 350; x_wconf 85' lang='grc' dir='ltr'><em>τοῦ</em></span> <span class='ocrx_word' id='word_1_15' title='bbox 817 312 1012 367; x_wconf 82' lang='grc' dir='ltr'><em>σεκρὲτου</em></span> <span class='ocrx_word' id='word_1_16' title='bbox 1041 314 1117 354; x_wconf 84' lang='grc' dir='ltr'><em>τοῦ</em></span> <span class='ocrx_word' id='word_1_17' title='bbox 1153 316 1451 372; x_wconf 88' lang='grc' dir='ltr'><em>κονσιστωρίου</em></span> <span class='ocrx_word' id='word_1_18' title='bbox 1486 317 1564 359; x_wconf 77' lang='grc' dir='ltr'><em>τοῦ</em></span> <span class='ocrx_word' id='word_1_19' title='bbox 1589 331 1688 358; x_wconf 83' lang='grc' dir='ltr'><em>κου-</em></span> 
     </span>
     <span class='ocr_line' id='line_1_4' title="bbox 238 374 1688 438; baseline 0.008 -26"><span class='ocrx_word' id='word_1_20' title='bbox 238 375 468 427; x_wconf 84' lang='grc' dir='ltr'><em>βουκλείου.</em></span> <span class='ocrx_word' id='word_1_21' title='bbox 523 375 598 414; x_wconf 82' lang='grc' dir='ltr'><em>καί</em></span> <span class='ocrx_word' id='word_1_22' title='bbox 623 374 778 429; x_wconf 82' lang='grc' dir='ltr'><em>πίπτει,</em></span> <span class='ocrx_word' id='word_1_23' title='bbox 809 378 883 417; x_wconf 87' lang='grc' dir='ltr'>καί</span> <span class='ocrx_word' id='word_1_24' title='bbox 917 375 1075 432; x_wconf 78' lang='grc' dir='ltr'><em>εἰσάγει</em></span> <span class='ocrx_word' id='word_1_25' title='bbox 1106 376 1237 422; x_wconf 81' lang='grc' dir='ltr'><em>αὖτὸν</em></span> <span class='ocrx_word' id='word_1_26' title='bbox 1267 379 1506 438; x_wconf 63' lang='grc' dir='ltr'><em>ἔμπροσθεν</em></span> <span class='ocrx_word' id='word_1_27' title='bbox 1531 384 1607 424; x_wconf 80' lang='grc' dir='ltr'><em>τοῦ</em></span> <span class='ocrx_word' id='word_1_28' title='bbox 1635 381 1688 424; x_wconf 73' lang='lat'><em>15-</em></span> 
     </span>
     <span class='ocr_line' id='line_1_5' title="bbox 239 440 1688 502; baseline 0.006 -21"><span class='ocrx_word' id='word_1_29' title='bbox 239 440 441 481; x_wconf 86' lang='grc' dir='ltr'><em>ποποδίου</em></span> <span class='ocrx_word' id='word_1_30' title='bbox 471 441 553 480; x_wconf 88' lang='grc' dir='ltr'><em>τῶν</em></span> <span class='ocrx_word' id='word_1_31' title='bbox 582 440 807 494; x_wconf 78' lang='grc' dir='ltr'><em>δεσποτῶν,</em></span> <span class='ocrx_word' id='word_1_32' title='bbox 839 445 914 484; x_wconf 84' lang='grc' dir='ltr'><em>καί</em></span> <span class='ocrx_word' id='word_1_33' title='bbox 931 442 1072 486; x_wconf 86' lang='grc' dir='ltr'><em>πίπτει</em></span> <span class='ocrx_word' id='word_1_34' title='bbox 1100 448 1174 487; x_wconf 80' lang='grc' dir='ltr'>καί</span> <span class='ocrx_word' id='word_1_35' title='bbox 1194 450 1314 502; x_wconf 84' lang='grc' dir='ltr'><em>φιλεῖ</em></span> <span class='ocrx_word' id='word_1_36' title='bbox 1330 445 1428 497; x_wconf 79' lang='grc' dir='ltr'><em>τούς</em></span> <span class='ocrx_word' id='word_1_37' title='bbox 1456 445 1591 497; x_wconf 84' lang='grc' dir='ltr'><em>πόδας</em></span> <span class='ocrx_word' id='word_1_38' title='bbox 1611 449 1688 489; x_wconf 78' lang='grc' dir='ltr'><em>καὶ</em></span> 
     </span>
     <span class='ocr_line' id='line_1_6' title="bbox 239 501 1710 570; baseline 0.008 -27"><span class='ocrx_word' id='word_1_39' title='bbox 239 501 292 548; x_wconf 78' lang='grc' dir='ltr'><em>τά</em></span> <span class='ocrx_word' id='word_1_40' title='bbox 310 503 464 558; x_wconf 81' lang='grc' dir='ltr'><em>γόνατα</em></span> <span class='ocrx_word' id='word_1_41' title='bbox 492 506 570 545; x_wconf 82' lang='grc' dir='ltr'><em>τοῦ</em></span> <span class='ocrx_word' id='word_1_42' title='bbox 589 505 771 560; x_wconf 79' lang='grc' dir='ltr'><em>μεγάλου</em></span> <span class='ocrx_word' id='word_1_43' title='bbox 797 506 1020 563; x_wconf 80' lang='grc' dir='ltr'><em>δεσπότου,</em></span> <span class='ocrx_word' id='word_1_44' title='bbox 1051 509 1205 564; x_wconf 79' lang='grc' dir='ltr'><em>ὁμοίως</em></span> <span class='ocrx_word' id='word_1_45' title='bbox 1234 513 1308 554; x_wconf 81' lang='grc' dir='ltr'><em>καί</em></span> <span class='ocrx_word' id='word_1_46' title='bbox 1328 515 1407 554; x_wconf 81' lang='grc' dir='ltr'><em>τοῦ</em></span> <span class='ocrx_word' id='word_1_47' title='bbox 1427 515 1611 570; x_wconf 83' lang='grc' dir='ltr'><em>μικροῦ,</em></span> <span class='ocrx_word' id='word_1_48' title='bbox 1643 510 1710 558; x_wconf 76' lang='grc' dir='ltr'><em>0ἶό</em></span> 
     </span>
     <span class='ocr_line' id='line_1_7' title="bbox 242 570 1698 636; baseline 0.005 -24"><span class='ocrx_word' id='word_1_49' title='bbox 242 570 289 612; x_wconf 77' lang='grc' dir='ltr'><em>δὲ</em></span> <span class='ocrx_word' id='word_1_50' title='bbox 312 571 390 612; x_wconf 82' lang='grc' dir='ltr'><em>τοῦ</em></span> <span class='ocrx_word' id='word_1_51' title='bbox 414 573 707 625; x_wconf 81' lang='grc' dir='ltr'><em>κουβουκλείου</em></span> <span class='ocrx_word' id='word_1_52' title='bbox 733 575 922 617; x_wconf 80' lang='grc' dir='ltr'><em>ἵστανται</em></span> <span class='ocrx_word' id='word_1_53' title='bbox 946 572 1084 632; x_wconf 81' lang='grc' dir='ltr'><em>ῶσπερ</em></span> <span class='ocrx_word' id='word_1_54' title='bbox 1110 581 1170 620; x_wconf 89' lang='grc' dir='ltr'><em>Π,</em></span> <span class='ocrx_word' id='word_1_55' title='bbox 1200 580 1274 620; x_wconf 74' lang='grc' dir='ltr'><em>κατ’</em></span> <span class='ocrx_word' id='word_1_56' title='bbox 1300 577 1483 629; x_wconf 82' lang='grc' dir='ltr'><em>α’ναστὰς</em></span> <span class='ocrx_word' id='word_1_57' title='bbox 1507 581 1698 636; x_wconf 76' lang='grc' dir='ltr'><em>ἐφαπλοΐ</em></span> 
     </span>
     <span class='ocr_line' id='line_1_8' title="bbox 240 633 1686 698; baseline 0.007 -20"><span class='ocrx_word' id='word_1_58' title='bbox 240 633 314 685; x_wconf 77' lang='grc' dir='ltr'><em>τὰς</em></span> <span class='ocrx_word' id='word_1_59' title='bbox 337 642 487 692; x_wconf 81' lang='grc' dir='ltr'><em>χεῖρας</em></span> <span class='ocrx_word' id='word_1_60' title='bbox 497 671 510 691; x_wconf 85' lang='grc'><em>,</em></span> <span class='ocrx_word' id='word_1_61' title='bbox 547 639 622 679; x_wconf 85' lang='grc' dir='ltr'><em>καί</em></span> <span class='ocrx_word' id='word_1_62' title='bbox 652 639 859 694; x_wconf 78' lang='grc' dir='ltr'><em>λαμβάνει</em></span> <span class='ocrx_word' id='word_1_63' title='bbox 892 640 1007 698; x_wconf 80' lang='grc' dir='ltr'><em>παρὰ</em></span> <span class='ocrx_word' id='word_1_64' title='bbox 1035 644 1117 685; x_wconf 89' lang='grc' dir='ltr'><em>τῶν</em></span> <span class='ocrx_word' id='word_1_65' title='bbox 1151 643 1362 687; x_wconf 73' lang='grc' dir='ltr'><em>δεσποτῶν</em></span> <span class='ocrx_word' id='word_1_66' title='bbox 1392 642 1555 695; x_wconf 78' lang='grc' dir='ltr'><em>πλάκας</em></span> <span class='ocrx_word' id='word_1_67' title='bbox 1580 640 1686 687; x_wconf 72' lang='grc' dir='ltr'><em>ἄνευ</em></span> 
     </span>
     <span class='ocr_line' id='line_1_9' title="bbox 241 703 1691 764; baseline 0.007 -21"><span class='ocrx_word' id='word_1_68' title='bbox 241 703 539 758; x_wconf 85' lang='grc' dir='ltr'><em>κωδικελλίων,</em></span> <span class='ocrx_word' id='word_1_69' title='bbox 579 706 653 746; x_wconf 86' lang='grc' dir='ltr'>καί</span> <span class='ocrx_word' id='word_1_70' title='bbox 680 709 800 762; x_wconf 79' lang='grc' dir='ltr'><em>φιλεῖ</em></span> <span class='ocrx_word' id='word_1_71' title='bbox 821 705 894 758; x_wconf 82' lang='grc' dir='ltr'><em>τὰς</em></span> <span class='ocrx_word' id='word_1_72' title='bbox 914 713 1064 764; x_wconf 80' lang='grc' dir='ltr'><em>χεῖρας</em></span> <span class='ocrx_word' id='word_1_73' title='bbox 1094 709 1258 764; x_wconf 75' lang='grc' dir='ltr'><em>αὐτῶν,</em></span> <span class='ocrx_word' id='word_1_74' title='bbox 1308 713 1382 752; x_wconf 85' lang='grc' dir='ltr'><strong><em>καί</em></strong></span> <span class='ocrx_word' id='word_1_75' title='bbox 1408 707 1691 754; x_wconf 78' lang='grc' dir='ltr'><em>ὄπισθοποδεῖ</em></span> 
     </span>
     <span class='ocr_line' id='line_1_10' title="bbox 239 766 1685 832; baseline 0.007 -24"><span class='ocrx_word' id='word_1_76' title='bbox 239 766 393 825; x_wconf 73' lang='grc' dir='ltr'><em>μικρὸν</em></span> <span class='ocrx_word' id='word_1_77' title='bbox 417 768 499 811; x_wconf 77' lang='grc' dir='ltr'><em>ἀπὸ</em></span> <span class='ocrx_word' id='word_1_78' title='bbox 527 773 605 812; x_wconf 83' lang='grc' dir='ltr'><em>τοῦ</em></span> <span class='ocrx_word' id='word_1_79' title='bbox 624 773 819 827; x_wconf 83' lang='grc' dir='ltr'><em>σέντζου,</em></span> <span class='ocrx_word' id='word_1_80' title='bbox 846 775 921 816; x_wconf 83' lang='grc' dir='ltr'><em>καί</em></span> <span class='ocrx_word' id='word_1_81' title='bbox 947 774 1107 824; x_wconf 72' lang='grc' dir='ltr'><em>εὐθέως</em></span> <span class='ocrx_word' id='word_1_82' title='bbox 1143 775 1502 832; x_wconf 83' lang='grc' dir='ltr'><em>ἆπευχαριστοῦσι</em></span> <span class='ocrx_word' id='word_1_83' title='bbox 1527 774 1685 827; x_wconf 86' lang='grc' dir='ltr'><em>πάντες</em></span> 
     </span>
     <span class='ocr_line' id='line_1_11' title="bbox 246 834 1751 899; baseline 0.01 -25"><span class='ocrx_word' id='word_1_84' title='bbox 246 834 287 876; x_wconf 85' lang='grc' dir='ltr'><em>οἱ</em></span> <span class='ocrx_word' id='word_1_85' title='bbox 315 837 392 877; x_wconf 80' lang='grc' dir='ltr'><em>τοῦ</em></span> <span class='ocrx_word' id='word_1_86' title='bbox 417 839 731 891; x_wconf 83' lang='grc' dir='ltr'><em>κουβουκλειόυ.</em></span> <span class='ocrx_word' id='word_1_87' title='bbox 785 842 861 882; x_wconf 79' lang='grc' dir='ltr'><em>καί</em></span> <span class='ocrx_word' id='word_1_88' title='bbox 895 840 1022 883; x_wconf 89' lang='grc' dir='ltr'><em>πάλιν</em></span> <span class='ocrx_word' id='word_1_89' title='bbox 1046 843 1279 898; x_wconf 78' lang='grc' dir='ltr'><em>προσφέρει</em></span> <span class='ocrx_word' id='word_1_90' title='bbox 1307 840 1436 886; x_wconf 74' lang='grc' dir='ltr'><em>αὐτὸν</em></span> <span class='ocrx_word' id='word_1_91' title='bbox 1461 841 1751 899; x_wconf 52' lang='lat' dir='ltr'><em>&amp;papea-‘mm</em></span> 
     </span>
     <span class='ocr_line' id='line_1_12' title="bbox 245 902 1701 965; baseline 0.004 -21"><span class='ocrx_word' id='word_1_92' title='bbox 245 903 328 944; x_wconf 81' lang='grc' dir='ltr'><em>τῶν</em></span> <span class='ocrx_word' id='word_1_93' title='bbox 352 902 584 958; x_wconf 74' lang='grc' dir='ltr'><em>δεσποτῶν,</em></span> <span class='ocrx_word' id='word_1_94' title='bbox 624 907 700 948; x_wconf 80' lang='grc' dir='ltr'>καί</span> <span class='ocrx_word' id='word_1_95' title='bbox 727 908 870 949; x_wconf 87' lang='grc' dir='ltr'><em>πίπτει</em></span> <span class='ocrx_word' id='word_1_96' title='bbox 899 909 974 949; x_wconf 81' lang='grc' dir='ltr'>καί</span> <span class='ocrx_word' id='word_1_97' title='bbox 1009 912 1131 965; x_wconf 81' lang='grc' dir='ltr'><em>φιλεῖ</em></span> <span class='ocrx_word' id='word_1_98' title='bbox 1150 907 1248 958; x_wconf 81' lang='grc' dir='ltr'><em>τούς</em></span> <span class='ocrx_word' id='word_1_99' title='bbox 1274 909 1404 959; x_wconf 83' lang='grc' dir='ltr'><em>πόδας</em></span> <span class='ocrx_word' id='word_1_100' title='bbox 1428 911 1502 952; x_wconf 85' lang='grc' dir='ltr'><strong><em>καί</em></strong></span> <span class='ocrx_word' id='word_1_101' title='bbox 1537 908 1588 954; x_wconf 77' lang='grc' dir='ltr'><em>τοὶ</em></span> <span class='ocrx_word' id='word_1_102' title='bbox 1627 906 1701 965; x_wconf 75' lang='grc' dir='ltr'><em>γό-</em></span> 
     </span>
     <span class='ocr_line' id='line_1_13' title="bbox 246 969 1700 1032; baseline 0.006 -24"><span class='ocrx_word' id='word_1_103' title='bbox 246 983 355 1011; x_wconf 83' lang='grc' dir='ltr'><em>νατα</em></span> <span class='ocrx_word' id='word_1_104' title='bbox 376 969 460 1011; x_wconf 82' lang='grc' dir='ltr'><em>τῶν</em></span> <span class='ocrx_word' id='word_1_105' title='bbox 485 971 705 1026; x_wconf 77' lang='grc' dir='ltr'><em>δεσποτῶν,</em></span> <span class='ocrx_word' id='word_1_106' title='bbox 736 974 811 1014; x_wconf 85' lang='grc' dir='ltr'><em>καί</em></span> <span class='ocrx_word' id='word_1_107' title='bbox 834 974 1146 1030; x_wconf 79' lang='grc' dir='ltr'><em>άπευχαριοτεῖ,</em></span> <span class='ocrx_word' id='word_1_108' title='bbox 1175 976 1250 1017; x_wconf 83' lang='grc' dir='ltr'>καί</span> <span class='ocrx_word' id='word_1_109' title='bbox 1277 975 1524 1032; x_wconf 77' lang='grc' dir='ltr'><em>ἐπαίρουσιν</em></span> <span class='ocrx_word' id='word_1_110' title='bbox 1568 973 1700 1018; x_wconf 71' lang='grc' dir='ltr'><em>αὐτὸν</em></span> 
     </span>
    </p>

    <p class='ocr_par' dir='ltr' id='par_1_3' title="bbox 212 1033 1757 1293">
     <span class='ocr_line' id='line_1_14' title="bbox 212 1033 1703 1097; baseline 0.005 -23"><span class='ocrx_word' id='word_1_111' title='bbox 212 1033 291 1080; x_wconf 74' lang='lat' dir='ltr'>coi</span> <span class='ocrx_word' id='word_1_112' title='bbox 320 1034 658 1092; x_wconf 85' lang='grc' dir='ltr'><em>κουβικουλάριοι</em></span> <span class='ocrx_word' id='word_1_113' title='bbox 682 1041 757 1080; x_wconf 81' lang='grc' dir='ltr'>καί</span> <span class='ocrx_word' id='word_1_114' title='bbox 780 1037 820 1081; x_wconf 79' lang='grc' dir='ltr'><em>οἱ</em></span> <span class='ocrx_word' id='word_1_115' title='bbox 843 1037 1069 1096; x_wconf 82' lang='grc' dir='ltr'><em>ὀστιάριοι,</em></span> <span class='ocrx_word' id='word_1_116' title='bbox 1101 1043 1176 1083; x_wconf 87' lang='grc' dir='ltr'><em>καί</em></span> <span class='ocrx_word' id='word_1_117' title='bbox 1198 1043 1437 1097; x_wconf 79' lang='grc' dir='ltr'><em>ἐξέρχονται</em></span> <span class='ocrx_word' id='word_1_118' title='bbox 1480 1038 1703 1096; x_wconf 76' lang='grc' dir='ltr'><em>ὄψικεῦον-</em></span> 
     </span>
     <span class='ocr_line' id='line_1_15' title="bbox 255 1098 1697 1164; baseline 0.003 -22"><span class='ocrx_word' id='word_1_119' title='bbox 255 1116 321 1149; x_wconf 82' lang='grc' dir='ltr'><em>τες</em></span> <span class='ocrx_word' id='word_1_120' title='bbox 349 1098 479 1144; x_wconf 71' lang='grc' dir='ltr'><em>αὐτὸν</em></span> <span class='ocrx_word' id='word_1_121' title='bbox 503 1105 632 1159; x_wconf 80' lang='grc' dir='ltr'><em>μέχρι</em></span> <span class='ocrx_word' id='word_1_122' title='bbox 652 1106 730 1146; x_wconf 75' lang='grc' dir='ltr'><em>τοῦ</em></span> <span class='ocrx_word' id='word_1_123' title='bbox 746 1107 1019 1161; x_wconf 76' lang='grc' dir='ltr'><em>τριπὲτωνος,</em></span> <span class='ocrx_word' id='word_1_124' title='bbox 1057 1105 1163 1150; x_wconf 77' lang='grc' dir='ltr'><em>ἔνθα</em></span> <span class='ocrx_word' id='word_1_125' title='bbox 1200 1108 1393 1149; x_wconf 81' lang='grc' dir='ltr'><em>ἵστανται</em></span> <span class='ocrx_word' id='word_1_126' title='bbox 1419 1105 1459 1150; x_wconf 80' lang='grc' dir='ltr'><em>οἱ</em></span> <span class='ocrx_word' id='word_1_127' title='bbox 1484 1109 1697 1164; x_wconf 75' lang='grc' dir='ltr'><em>πατρίκιοι</em></span> 
     </span>
     <span class='ocr_line' id='line_1_16' title="bbox 258 1165 1757 1230; baseline 0.004 -22"><span class='ocrx_word' id='word_1_128' title='bbox 258 1165 332 1208; x_wconf 77' lang='grc' dir='ltr'><em>καί</em></span> <span class='ocrx_word' id='word_1_129' title='bbox 354 1165 392 1210; x_wconf 76' lang='grc' dir='ltr'><em>οἱ</em></span> <span class='ocrx_word' id='word_1_130' title='bbox 417 1170 558 1210; x_wconf 74' lang='grc' dir='ltr'><em>λοιποὶ</em></span> <span class='ocrx_word' id='word_1_131' title='bbox 576 1173 850 1226; x_wconf 76' lang='grc' dir='ltr'><em>συγκλητικοί,</em></span> <span class='ocrx_word' id='word_1_132' title='bbox 892 1174 967 1214; x_wconf 85' lang='grc' dir='ltr'><em>καί</em></span> <span class='ocrx_word' id='word_1_133' title='bbox 985 1179 1216 1229; x_wconf 83' lang='grc' dir='ltr'><em>προσκυνεῖ</em></span> <span class='ocrx_word' id='word_1_134' title='bbox 1239 1171 1339 1222; x_wconf 80' lang='grc' dir='ltr'><em>τούς</em></span> <span class='ocrx_word' id='word_1_135' title='bbox 1360 1176 1606 1230; x_wconf 81' lang='grc' dir='ltr'><em>πατρικίους</em></span> <span class='ocrx_word' id='word_1_136' title='bbox 1630 1169 1757 1215; x_wconf 71' lang='grc' dir='ltr'><em>καιῚό</em></span> 
     </span>
     <span class='ocr_line' id='line_1_17' title="bbox 256 1231 1702 1293; baseline 0.006 -20"><span class='ocrx_word' id='word_1_137' title='bbox 256 1231 332 1282; x_wconf 73' lang='grc' dir='ltr'><em>οὓς</em></span> <span class='ocrx_word' id='word_1_138' title='bbox 365 1231 587 1288; x_wconf 82' lang='grc' dir='ltr'><em>βούλεται,</em></span> <span class='ocrx_word' id='word_1_139' title='bbox 625 1235 844 1290; x_wconf 84' lang='grc' dir='ltr'><em>βαστάζων</em></span> <span class='ocrx_word' id='word_1_140' title='bbox 874 1240 949 1280; x_wconf 85' lang='grc' dir='ltr'><em>καί</em></span> <span class='ocrx_word' id='word_1_141' title='bbox 969 1237 1046 1289; x_wconf 81' lang='grc' dir='ltr'><em>τάς</em></span> <span class='ocrx_word' id='word_1_142' title='bbox 1068 1239 1230 1288; x_wconf 84' lang='grc' dir='ltr'><em>πλάκας</em></span> <span class='ocrx_word' id='word_1_143' title='bbox 1261 1238 1419 1293; x_wconf 70' lang='grc' dir='ltr'><em>αὑτοῦ,</em></span> <span class='ocrx_word' id='word_1_144' title='bbox 1465 1240 1540 1281; x_wconf 87' lang='grc' dir='ltr'>καί</span> <span class='ocrx_word' id='word_1_145' title='bbox 1573 1237 1702 1281; x_wconf 84' lang='grc' dir='ltr'><em>πάλιν</em></span> 
     </span>
    </p>

    <p class='ocr_par' dir='ltr' id='par_1_4' title="bbox 64 1299 1762 1826">
     <span class='ocr_line' id='line_1_18' title="bbox 64 1299 1708 1359; baseline 0.002 -17"><span class='ocrx_word' id='word_1_146' title='bbox 64 1300 498 1356; x_wconf 65' lang='grc' dir='ltr'><em>Μς,ιι3.;ιείσέρχεται</em></span> <span class='ocrx_word' id='word_1_147' title='bbox 519 1299 541 1344; x_wconf 81' lang='grc' dir='ltr'>ὅ</span> <span class='ocrx_word' id='word_1_148' title='bbox 573 1301 700 1351; x_wconf 76' lang='grc' dir='ltr'><em>αὐτὸς</em></span> <span class='ocrx_word' id='word_1_149' title='bbox 729 1301 1001 1359; x_wconf 85' lang='grc' dir='ltr'><em>πραιπόσιτος</em></span> <span class='ocrx_word' id='word_1_150' title='bbox 1033 1303 1141 1358; x_wconf 79' lang='grc' dir='ltr'><em>μετὰ</em></span> <span class='ocrx_word' id='word_1_151' title='bbox 1164 1306 1243 1347; x_wconf 81' lang='grc' dir='ltr'><em>τοῦ</em></span> <span class='ocrx_word' id='word_1_152' title='bbox 1268 1305 1583 1358; x_wconf 86' lang='grc' dir='ltr'><em>κουβουκλείου,</em></span> <span class='ocrx_word' id='word_1_153' title='bbox 1628 1306 1708 1346; x_wconf 70' lang='grc' dir='ltr'><em>κατ’</em></span> 
     </span>
     <span class='ocr_line' id='line_1_19' title="bbox 262 1367 1704 1426; baseline 0.002 -18"><span class='ocrx_word' id='word_1_154' title='bbox 262 1368 434 1409; x_wconf 82' lang='grc' dir='ltr'><em>ἵσταται</em></span> <span class='ocrx_word' id='word_1_155' title='bbox 463 1369 523 1417; x_wconf 79' lang='grc' dir='ltr'><em>εἰς</em></span> <span class='ocrx_word' id='word_1_156' title='bbox 546 1367 622 1423; x_wconf 76' lang='grc' dir='ltr'><em>τὴν</em></span> <span class='ocrx_word' id='word_1_157' title='bbox 646 1371 860 1426; x_wconf 73' lang='grc' dir='ltr'><em>καθέδραν</em></span> <span class='ocrx_word' id='word_1_158' title='bbox 884 1372 966 1414; x_wconf 84' lang='grc' dir='ltr'><em>τῶν</em></span> <span class='ocrx_word' id='word_1_159' title='bbox 999 1372 1231 1425; x_wconf 85' lang='grc' dir='ltr'><em>δεσποτῶν,</em></span> <span class='ocrx_word' id='word_1_160' title='bbox 1273 1369 1493 1425; x_wconf 84' lang='grc' dir='ltr'><em>βαστάζων</em></span> <span class='ocrx_word' id='word_1_161' title='bbox 1527 1372 1602 1412; x_wconf 84' lang='grc' dir='ltr'><strong><em>καί</em></strong></span> <span class='ocrx_word' id='word_1_162' title='bbox 1627 1368 1704 1420; x_wconf 81' lang='grc' dir='ltr'><em>τάς</em></span> 
     </span>
     <span class='ocr_line' id='line_1_20' title="bbox 259 1431 1705 1494; baseline 0.002 -19"><span class='ocrx_word' id='word_1_163' title='bbox 259 1431 429 1484; x_wconf 87' lang='grc' dir='ltr'><em>πλάκας.</em></span> <span class='ocrx_word' id='word_1_164' title='bbox 489 1435 596 1494; x_wconf 86' lang='grc' dir='ltr'>(Β.)</span> <span class='ocrx_word' id='word_1_165' title='bbox 635 1435 684 1479; x_wconf 90' lang='grc' dir='ltr'>Ὁ</span> <span class='ocrx_word' id='word_1_166' title='bbox 723 1438 770 1478; x_wconf 84' lang='grc' dir='ltr'><em>δὲ</em></span> <span class='ocrx_word' id='word_1_167' title='bbox 799 1439 872 1492; x_wconf 81' lang='grc' dir='ltr'><em>τῆς</em></span> <span class='ocrx_word' id='word_1_168' title='bbox 907 1437 1197 1488; x_wconf 85' lang='grc' dir='ltr'><em>καταστάσεως</em></span> <span class='ocrx_word' id='word_1_169' title='bbox 1225 1435 1461 1492; x_wconf 70' lang='grc' dir='ltr'><em>εὐτρεπίζει</em></span> <span class='ocrx_word' id='word_1_170' title='bbox 1497 1435 1550 1479; x_wconf 82' lang='grc' dir='ltr'><em>τά</em></span> <span class='ocrx_word' id='word_1_171' title='bbox 1592 1438 1705 1493; x_wconf 81' lang='grc' dir='ltr'><em>βῆλα</em></span> 
     </span>
     <span class='ocr_line' id='line_1_21' title="bbox 224 1498 1762 1560; baseline 0.001 -18"><span class='ocrx_word' id='word_1_172' title='bbox 224 1502 327 1550; x_wconf 78' lang='grc' dir='ltr'><em>Βεῖς</em></span> <span class='ocrx_word' id='word_1_173' title='bbox 349 1498 420 1543; x_wconf 86' lang='grc' dir='ltr'><em>τὸν</em></span> <span class='ocrx_word' id='word_1_174' title='bbox 451 1504 705 1558; x_wconf 82' lang='grc' dir='ltr'><em>τριπέτωνα,</em></span> <span class='ocrx_word' id='word_1_175' title='bbox 741 1500 798 1552; x_wconf 77' lang='grc' dir='ltr'><em>ῶς</em></span> <span class='ocrx_word' id='word_1_176' title='bbox 825 1502 914 1558; x_wconf 79' lang='grc' dir='ltr'><em>ἔχει</em></span> <span class='ocrx_word' id='word_1_177' title='bbox 943 1501 971 1560; x_wconf 81' lang='grc' dir='ltr'><em>ἦ</em></span> <span class='ocrx_word' id='word_1_178' title='bbox 1003 1503 1226 1560; x_wconf 73' lang='grc' dir='ltr'><em>συνήθεια,</em></span> <span class='ocrx_word' id='word_1_179' title='bbox 1257 1505 1332 1546; x_wconf 81' lang='grc' dir='ltr'>καί</span> <span class='ocrx_word' id='word_1_180' title='bbox 1361 1498 1431 1545; x_wconf 76' lang='grc' dir='ltr'><em>ὅτε</em></span> <span class='ocrx_word' id='word_1_181' title='bbox 1453 1499 1762 1545; x_wconf 57' lang='lat' dir='ltr'><em>„cardamomo</em></span> 
     </span>
     <span class='ocr_line' id='line_1_22' title="bbox 267 1565 1705 1627; baseline 0.001 -19"><span class='ocrx_word' id='word_1_182' title='bbox 267 1565 306 1609; x_wconf 80' lang='grc' dir='ltr'><em>οἱ</em></span> <span class='ocrx_word' id='word_1_183' title='bbox 330 1566 523 1610; x_wconf 79' lang='grc' dir='ltr'><em>δεσπόται</em></span> <span class='ocrx_word' id='word_1_184' title='bbox 540 1571 743 1612; x_wconf 68' lang='grc' dir='ltr'><em>εἰσελθεῖν</em></span> <span class='ocrx_word' id='word_1_185' title='bbox 771 1568 823 1613; x_wconf 78' lang='grc' dir='ltr'><em>τά</em></span> <span class='ocrx_word' id='word_1_186' title='bbox 845 1571 954 1626; x_wconf 79' lang='grc' dir='ltr'><em>βῆλα</em></span> <span class='ocrx_word' id='word_1_187' title='bbox 976 1572 1052 1613; x_wconf 80' lang='grc' dir='ltr'><em>τοῦ</em></span> <span class='ocrx_word' id='word_1_188' title='bbox 1076 1571 1294 1626; x_wconf 85' lang='grc' dir='ltr'><em>σεκρέτου,</em></span> <span class='ocrx_word' id='word_1_189' title='bbox 1329 1568 1499 1611; x_wconf 83' lang='grc' dir='ltr'><em>νεύουσι</em></span> <span class='ocrx_word' id='word_1_190' title='bbox 1524 1570 1583 1627; x_wconf 72' lang='grc' dir='ltr'><em>τῷ</em></span> <span class='ocrx_word' id='word_1_191' title='bbox 1600 1582 1705 1625; x_wconf 86' lang='grc' dir='ltr'><em>προ-</em></span> 
     </span>
     <span class='ocr_line' id='line_1_23' title="bbox 267 1631 1709 1694; baseline 0.001 -18"><span class='ocrx_word' id='word_1_192' title='bbox 267 1637 465 1690; x_wconf 75' lang='grc' dir='ltr'><em>βληθέντι</em></span> <span class='ocrx_word' id='word_1_193' title='bbox 491 1638 770 1694; x_wconf 81' lang='grc' dir='ltr'><em>πραιποσίτῳ,</em></span> <span class='ocrx_word' id='word_1_194' title='bbox 801 1638 876 1678; x_wconf 81' lang='grc' dir='ltr'>καί</span> <span class='ocrx_word' id='word_1_195' title='bbox 894 1631 1114 1692; x_wconf 58' lang='lat' dir='ltr'><em>&#39;e‘gs&#39;pgsrac</em></span> <span class='ocrx_word' id='word_1_196' title='bbox 1137 1634 1242 1690; x_wconf 82' lang='grc' dir='ltr'><em>μετά</em></span> <span class='ocrx_word' id='word_1_197' title='bbox 1276 1634 1354 1677; x_wconf 81' lang='grc' dir='ltr'><em>δύο</em></span> <span class='ocrx_word' id='word_1_198' title='bbox 1377 1631 1600 1691; x_wconf 84' lang='grc' dir='ltr'><em>ὂστιαρίων</em></span> <span class='ocrx_word' id='word_1_199' title='bbox 1632 1635 1709 1677; x_wconf 81' lang='grc' dir='ltr'><strong><em>καί</em></strong></span> 
     </span>
     <span class='ocr_line' id='line_1_24' title="bbox 269 1697 1708 1756; baseline 0.001 -15"><span class='ocrx_word' id='word_1_200' title='bbox 269 1701 466 1755; x_wconf 61' lang='grc' dir='ltr'><em>βεργιῖον,</em></span> <span class='ocrx_word' id='word_1_201' title='bbox 505 1699 727 1755; x_wconf 83' lang='grc' dir='ltr'><em>βαστάζων</em></span> <span class='ocrx_word' id='word_1_202' title='bbox 757 1704 832 1745; x_wconf 82' lang='grc' dir='ltr'><strong><em>καί</em></strong></span> <span class='ocrx_word' id='word_1_203' title='bbox 855 1700 931 1752; x_wconf 78' lang='grc' dir='ltr'><em>τὰς</em></span> <span class='ocrx_word' id='word_1_204' title='bbox 963 1699 1148 1752; x_wconf 85' lang='grc' dir='ltr'><em>πλάκας.</em></span> <span class='ocrx_word' id='word_1_205' title='bbox 1201 1703 1277 1744; x_wconf 79' lang='grc' dir='ltr'><em>καί</em></span> <span class='ocrx_word' id='word_1_206' title='bbox 1320 1700 1476 1756; x_wconf 79' lang='grc' dir='ltr'><em>εἰσάγει</em></span> <span class='ocrx_word' id='word_1_207' title='bbox 1509 1702 1636 1756; x_wconf 82' lang='grc' dir='ltr'><em>βῆλον</em></span> <span class='ocrx_word' id='word_1_208' title='bbox 1663 1697 1708 1753; x_wconf 80' lang='grc' dir='ltr'><em>οἱ,</em></span> 
     </span>
     <span class='ocr_line' id='line_1_25' title="bbox 269 1765 1704 1826; baseline 0.001 -17"><span class='ocrx_word' id='word_1_209' title='bbox 269 1765 370 1816; x_wconf 76' lang='grc' dir='ltr'><em>τούς</em></span> <span class='ocrx_word' id='word_1_210' title='bbox 393 1769 675 1824; x_wconf 78' lang='grc' dir='ltr'><em>μαγίστρους,</em></span> <span class='ocrx_word' id='word_1_211' title='bbox 709 1771 784 1812; x_wconf 76' lang='grc' dir='ltr'><em>καὶ</em></span> <span class='ocrx_word' id='word_1_212' title='bbox 813 1767 864 1812; x_wconf 80' lang='grc' dir='ltr'><em>τὰ</em></span> <span class='ocrx_word' id='word_1_213' title='bbox 893 1768 1016 1812; x_wconf 78' lang='grc' dir='ltr'><em>λοιπά</em></span> <span class='ocrx_word' id='word_1_214' title='bbox 1044 1771 1178 1826; x_wconf 73' lang='grc' dir='ltr'><em>βῆλα,</em></span> <span class='ocrx_word' id='word_1_215' title='bbox 1215 1765 1270 1818; x_wconf 83' lang='grc' dir='ltr'><em>ῶς</em></span> <span class='ocrx_word' id='word_1_216' title='bbox 1303 1766 1392 1822; x_wconf 82' lang='grc' dir='ltr'><em>ἔχει</em></span> <span class='ocrx_word' id='word_1_217' title='bbox 1426 1766 1452 1824; x_wconf 81' lang='grc' dir='ltr'><em>ἢ</em></span> <span class='ocrx_word' id='word_1_218' title='bbox 1482 1767 1704 1823; x_wconf 72' lang='grc' dir='ltr'><em>συνήθεια.</em></span> 
     </span>
    </p>
   </div>
   <div class='ocr_carea' id='block_1_3' title="bbox 361 1854 1715 1941">
    <p class='ocr_par' dir='ltr' id='par_1_5' title="bbox 361 1854 1715 1941">
     <span class='ocr_line' id='line_1_26' title="bbox 361 1854 1715 1940; baseline -0.001 -49"><span class='ocrx_word' id='word_1_219' title='bbox 361 1870 395 1940; x_wconf 60' lang='grc' dir='ltr'><em>ἓ.</em></span> <span class='ocrx_word' id='word_1_220' title='bbox 422 1858 491 1912; x_wconf 64' lang='grc' dir='ltr'><em>τσῦ</em></span> <span class='ocrx_word' id='word_1_221' title='bbox 522 1859 719 1940; x_wconf 46' lang='grc' dir='ltr'><em>σεκρίέιτου,</em></span> <span class='ocrx_word' id='word_1_222' title='bbox 766 1857 834 1893; x_wconf 77' lang='grc' dir='ltr'><em>τοῦ</em></span> <span class='ocrx_word' id='word_1_223' title='bbox 883 1861 1182 1906; x_wconf 77' lang='grc' dir='ltr'><em>κονσιστωρίου,</em></span> <span class='ocrx_word' id='word_1_224' title='bbox 1224 1858 1295 1892; x_wconf 80' lang='grc' dir='ltr'><em>τοῦ</em></span> <span class='ocrx_word' id='word_1_225' title='bbox 1346 1856 1616 1902; x_wconf 78' lang='grc' dir='ltr'><em>κουβουκλείου</em></span> <span class='ocrx_word' id='word_1_226' title='bbox 1653 1854 1715 1890; x_wconf 83' lang='lat' dir='ltr'>ed.</span> 
     </span>
     <span class='ocr_line' id='line_1_27' title="bbox 389 1915 607 1941; baseline -0.009 0"><span class='ocrx_word' id='word_1_227' title='bbox 389 1931 398 1941; x_wconf 90' lang='lat'>.</span> <span class='ocrx_word' id='word_1_228' title='bbox 423 1916 469 1939; x_wconf 81' lang='grc' dir='ltr'><em>τα</em></span> <span class='ocrx_word' id='word_1_229' title='bbox 494 1915 563 1939; x_wconf 89' lang='lat' dir='ltr'><em>om.</em></span> <span class='ocrx_word' id='word_1_230' title='bbox 589 1915 607 1939; x_wconf 92' lang='lat' dir='ltr'><em>e</em></span> 
     </span>
    </p>
   </div>
   <div class='ocr_carea' id='block_1_4' title="bbox 273 1982 1730 2780">
    <p class='ocr_par' dir='ltr' id='par_1_6' title="bbox 273 1982 1730 2780">
     <span class='ocr_line' id='line_1_28' title="bbox 273 1982 1708 2031; baseline -0.003 -13"><span class='ocrx_word' id='word_1_231' title='bbox 273 1984 349 2018; x_wconf 87' lang='lat' dir='ltr'>culi</span> <span class='ocrx_word' id='word_1_232' title='bbox 382 1982 534 2018; x_wconf 86' lang='lat' dir='ltr'><strong>inducit.</strong></span> <span class='ocrx_word' id='word_1_233' title='bbox 588 1984 730 2018; x_wconf 86' lang='lat' dir='ltr'>Deinde</span> <span class='ocrx_word' id='word_1_234' title='bbox 761 1989 954 2031; x_wconf 85' lang='lat' dir='ltr'><strong>postquam</strong></span> <span class='ocrx_word' id='word_1_235' title='bbox 983 1995 1078 2030; x_wconf 84' lang='lat' dir='ltr'>genu</span> <span class='ocrx_word' id='word_1_236' title='bbox 1109 1983 1234 2026; x_wconf 82' lang='lat' dir='ltr'>flexit,</span> <span class='ocrx_word' id='word_1_237' title='bbox 1270 1993 1354 2017; x_wconf 87' lang='lat' dir='ltr'><em>eum</em></span> <span class='ocrx_word' id='word_1_238' title='bbox 1385 1983 1432 2017; x_wconf 76' lang='lat' dir='ltr'>nd</span> <span class='ocrx_word' id='word_1_239' title='bbox 1466 1982 1708 2019; x_wconf 74' lang='lat' dir='ltr'>Dominarum</span> 
     </span>
     <span class='ocr_line' id='line_1_29' title="bbox 273 2026 1711 2079; baseline -0.003 -14"><span class='ocrx_word' id='word_1_240' title='bbox 273 2031 449 2066; x_wconf 81' lang='lat' dir='ltr'>subsellia</span> <span class='ocrx_word' id='word_1_241' title='bbox 474 2031 682 2073; x_wconf 88' lang='lat' dir='ltr'>constituit,</span> <span class='ocrx_word' id='word_1_242' title='bbox 707 2031 972 2079; x_wconf 83' lang='lat' dir='ltr'><strong>procidensque</strong></span> <span class='ocrx_word' id='word_1_243' title='bbox 997 2033 1037 2064; x_wconf 89' lang='lat' dir='ltr'><em>in</em></span> <span class='ocrx_word' id='word_1_244' title='bbox 1066 2036 1216 2072; x_wconf 81' lang='lat' dir='ltr'>terram,</span> <span class='ocrx_word' id='word_1_245' title='bbox 1251 2029 1361 2075; x_wconf 81' lang='lat' dir='ltr'>pedes</span> <span class='ocrx_word' id='word_1_246' title='bbox 1388 2034 1426 2063; x_wconf 91' lang='lat' dir='ltr'><em>et</em></span> <span class='ocrx_word' id='word_1_247' title='bbox 1447 2039 1562 2075; x_wconf 87' lang='lat' dir='ltr'>genua</span> <span class='ocrx_word' id='word_1_248' title='bbox 1587 2026 1711 2071; x_wconf 82' lang='lat' dir='ltr'>magni</span> 
     </span>
     <span class='ocr_line' id='line_1_30' title="bbox 275 2075 1711 2122; baseline -0.003 -10"><span class='ocrx_word' id='word_1_249' title='bbox 275 2085 314 2112; x_wconf 84' lang='lat' dir='ltr'><em>et</em></span> <span class='ocrx_word' id='word_1_250' title='bbox 330 2077 481 2111; x_wconf 86' lang='lat' dir='ltr'>minoris</span> <span class='ocrx_word' id='word_1_251' title='bbox 505 2078 655 2112; x_wconf 89' lang='lat' dir='ltr'>Domini</span> <span class='ocrx_word' id='word_1_252' title='bbox 680 2080 876 2113; x_wconf 83' lang='lat' dir='ltr'>osculatur:</span> <span class='ocrx_word' id='word_1_253' title='bbox 900 2078 1114 2111; x_wconf 87' lang='lat' dir='ltr'>cubicularii</span> <span class='ocrx_word' id='word_1_254' title='bbox 1129 2088 1213 2112; x_wconf 86' lang='lat' dir='ltr'>vero</span> <span class='ocrx_word' id='word_1_255' title='bbox 1228 2087 1270 2110; x_wconf 89' lang='lat' dir='ltr'><em>ea</em></span> <span class='ocrx_word' id='word_1_256' title='bbox 1291 2076 1427 2118; x_wconf 80' lang='lat' dir='ltr'>forma,</span> <span class='ocrx_word' id='word_1_257' title='bbox 1452 2087 1562 2122; x_wconf 89' lang='lat' dir='ltr'>quam</span> <span class='ocrx_word' id='word_1_258' title='bbox 1584 2075 1711 2108; x_wconf 82' lang='lat' dir='ltr'>littera</span> 
     </span>
     <span class='ocr_line' id='line_1_31' title="bbox 274 2121 1716 2172; baseline -0.002 -15"><span class='ocrx_word' id='word_1_259' title='bbox 274 2128 324 2161; x_wconf 87' lang='grc' dir='ltr'><em>Π</em></span> <span class='ocrx_word' id='word_1_260' title='bbox 350 2123 484 2165; x_wconf 84' lang='lat' dir='ltr'>hahet,</span> <span class='ocrx_word' id='word_1_261' title='bbox 516 2123 668 2158; x_wconf 80' lang='lat' dir='ltr'><strong>adstant.</strong></span> <span class='ocrx_word' id='word_1_262' title='bbox 731 2126 904 2172; x_wconf 86' lang='lat' dir='ltr'>Surgens,</span> <span class='ocrx_word' id='word_1_263' title='bbox 928 2124 1097 2158; x_wconf 85' lang='lat' dir='ltr'>manibus</span> <span class='ocrx_word' id='word_1_264' title='bbox 1125 2123 1313 2170; x_wconf 75' lang='lat' dir='ltr'>expansi8‚</span> <span class='ocrx_word' id='word_1_265' title='bbox 1337 2122 1481 2157; x_wconf 79' lang='lat' dir='ltr'>tabulas</span> <span class='ocrx_word' id='word_1_266' title='bbox 1506 2123 1585 2156; x_wconf 85' lang='lat' dir='ltr'>sine</span> <span class='ocrx_word' id='word_1_267' title='bbox 1612 2121 1716 2154; x_wconf 86' lang='lat' dir='ltr'>codi-</span> 
     </span>
     <span class='ocr_line' id='line_1_32' title="bbox 275 2169 1715 2219; baseline -0.003 -13"><span class='ocrx_word' id='word_1_268' title='bbox 275 2171 370 2206; x_wconf 85' lang='lat' dir='ltr'>cillis</span> <span class='ocrx_word' id='word_1_269' title='bbox 404 2182 424 2203; x_wconf 88' lang='lat' dir='ltr'>a</span> <span class='ocrx_word' id='word_1_270' title='bbox 457 2171 623 2205; x_wconf 89' lang='lat' dir='ltr'>Dominis</span> <span class='ocrx_word' id='word_1_271' title='bbox 655 2172 804 2217; x_wconf 88' lang='lat' dir='ltr'>accipit,</span> <span class='ocrx_word' id='word_1_272' title='bbox 848 2183 1045 2219; x_wconf 87' lang='lat' dir='ltr'>eorumque</span> <span class='ocrx_word' id='word_1_273' title='bbox 1075 2182 1203 2204; x_wconf 81' lang='lat' dir='ltr'>manus</span> <span class='ocrx_word' id='word_1_274' title='bbox 1235 2170 1436 2212; x_wconf 81' lang='lat' dir='ltr'>osculatus,</span> <span class='ocrx_word' id='word_1_275' title='bbox 1467 2169 1659 2215; x_wconf 87' lang='lat' dir='ltr'>paululum</span> <span class='ocrx_word' id='word_1_276' title='bbox 1691 2178 1715 2200; x_wconf 86' lang='lat' dir='ltr'>a</span> 
     </span>
     <span class='ocr_line' id='line_1_33' title="bbox 275 2214 1716 2266; baseline -0.002 -14"><span class='ocrx_word' id='word_1_277' title='bbox 275 2218 408 2252; x_wconf 83' lang='lat' dir='ltr'>throno</span> <span class='ocrx_word' id='word_1_278' title='bbox 423 2218 628 2260; x_wconf 84' lang='lat' dir='ltr'>retrocedit,</span> <span class='ocrx_word' id='word_1_279' title='bbox 648 2219 843 2266; x_wconf 82' lang='lat' dir='ltr'>statimque</span> <span class='ocrx_word' id='word_1_280' title='bbox 858 2230 981 2252; x_wconf 83' lang='lat' dir='ltr'>omnes</span> <span class='ocrx_word' id='word_1_281' title='bbox 998 2217 1213 2251; x_wconf 81' lang='lat' dir='ltr'>cubicularii</span> <span class='ocrx_word' id='word_1_282' title='bbox 1234 2216 1328 2249; x_wconf 88' lang='lat' dir='ltr'>bene</span> <span class='ocrx_word' id='word_1_283' title='bbox 1343 2222 1547 2262; x_wconf 85' lang='lat' dir='ltr'>precantur.</span> <span class='ocrx_word' id='word_1_284' title='bbox 1571 2214 1716 2250; x_wconf 81' lang='lat' dir='ltr'>Deinde</span> 
     </span>
     <span class='ocr_line' id='line_1_34' title="bbox 277 2263 1721 2311; baseline -0.002 -13"><span class='ocrx_word' id='word_1_285' title='bbox 277 2265 412 2299; x_wconf 84' lang='lat' dir='ltr'>iterum</span> <span class='ocrx_word' id='word_1_286' title='bbox 438 2264 484 2298; x_wconf 92' lang='lat' dir='ltr'><em>ad</em></span> <span class='ocrx_word' id='word_1_287' title='bbox 508 2265 682 2298; x_wconf 83' lang='lat' dir='ltr'>nominos</span> <span class='ocrx_word' id='word_1_288' title='bbox 709 2266 905 2308; x_wconf 89' lang='lat' dir='ltr'>adductus,</span> <span class='ocrx_word' id='word_1_289' title='bbox 928 2264 1155 2311; x_wconf 85' lang='lat' dir='ltr'>procumbit,</span> <span class='ocrx_word' id='word_1_290' title='bbox 1181 2275 1378 2310; x_wconf 89' lang='lat' dir='ltr'>eorumque</span> <span class='ocrx_word' id='word_1_291' title='bbox 1402 2263 1513 2309; x_wconf 82' lang='lat' dir='ltr'>pedes</span> <span class='ocrx_word' id='word_1_292' title='bbox 1539 2274 1580 2296; x_wconf 91' lang='lat' dir='ltr'><em>ac</em></span> <span class='ocrx_word' id='word_1_293' title='bbox 1603 2273 1721 2307; x_wconf 86' lang='lat' dir='ltr'>genua</span> 
     </span>
     <span class='ocr_line' id='line_1_35' title="bbox 278 2309 1723 2358; baseline -0.002 -13"><span class='ocrx_word' id='word_1_294' title='bbox 278 2312 481 2353; x_wconf 84' lang='lat' dir='ltr'>osculatus,</span> <span class='ocrx_word' id='word_1_295' title='bbox 513 2311 631 2344; x_wconf 85' lang='lat' dir='ltr'>fausta</span> <span class='ocrx_word' id='word_1_296' title='bbox 666 2312 814 2357; x_wconf 87' lang='lat' dir='ltr'>insuper</span> <span class='ocrx_word' id='word_1_297' title='bbox 839 2318 1072 2358; x_wconf 81' lang='lat' dir='ltr'>apprecatur:</span> <span class='ocrx_word' id='word_1_298' title='bbox 1105 2322 1178 2357; x_wconf 89' lang='lat' dir='ltr'>quo</span> <span class='ocrx_word' id='word_1_299' title='bbox 1205 2315 1373 2356; x_wconf 79' lang='lat' dir='ltr'>peracte,</span> <span class='ocrx_word' id='word_1_300' title='bbox 1399 2321 1481 2343; x_wconf 90' lang='lat' dir='ltr'><em>eum</em></span> <span class='ocrx_word' id='word_1_301' title='bbox 1506 2309 1723 2343; x_wconf 87' lang='lat' dir='ltr'>cubicularii</span> 
     </span>
     <span class='ocr_line' id='line_1_36' title="bbox 280 2356 1724 2406; baseline -0.003 -13"><span class='ocrx_word' id='word_1_302' title='bbox 280 2364 319 2393; x_wconf 84' lang='lat' dir='ltr'><em>et</em></span> <span class='ocrx_word' id='word_1_303' title='bbox 356 2358 496 2393; x_wconf 82' lang='lat' dir='ltr'>ostiarii</span> <span class='ocrx_word' id='word_1_304' title='bbox 530 2362 698 2400; x_wconf 84' lang='lat' dir='ltr'>sumunt,</span> <span class='ocrx_word' id='word_1_305' title='bbox 733 2364 770 2392; x_wconf 83' lang='lat' dir='ltr'><em>et</em></span> <span class='ocrx_word' id='word_1_306' title='bbox 793 2359 840 2393; x_wconf 90' lang='lat' dir='ltr'><em>ad</em></span> <span class='ocrx_word' id='word_1_307' title='bbox 871 2361 1089 2406; x_wconf 90' lang='lat' dir='ltr'>tripetonem</span> <span class='ocrx_word' id='word_1_308' title='bbox 1114 2368 1249 2404; x_wconf 87' lang='lat' dir='ltr'>usque,</span> <span class='ocrx_word' id='word_1_309' title='bbox 1285 2356 1351 2389; x_wconf 90' lang='lat' dir='ltr'><em>ubi</em></span> <span class='ocrx_word' id='word_1_310' title='bbox 1374 2358 1519 2402; x_wconf 86' lang='lat' dir='ltr'>patricii</span> <span class='ocrx_word' id='word_1_311' title='bbox 1546 2368 1587 2390; x_wconf 86' lang='lat' dir='ltr'><em>ac</em></span> <span class='ocrx_word' id='word_1_312' title='bbox 1611 2356 1724 2390; x_wconf 83' lang='lat' dir='ltr'>ceteri</span> 
     </span>
     <span class='ocr_line' id='line_1_37' title="bbox 277 2404 1724 2450; baseline -0.004 -9"><span class='ocrx_word' id='word_1_313' title='bbox 277 2411 464 2441; x_wconf 73' lang='lat' dir='ltr'>senatores</span> <span class='ocrx_word' id='word_1_314' title='bbox 488 2409 607 2447; x_wconf 85' lang='lat' dir='ltr'>stant,</span> <span class='ocrx_word' id='word_1_315' title='bbox 632 2416 715 2439; x_wconf 84' lang='lat' dir='ltr'><em>eum</em></span> <span class='ocrx_word' id='word_1_316' title='bbox 741 2407 922 2448; x_wconf 79' lang='lat' dir='ltr'>comitati,</span> <span class='ocrx_word' id='word_1_317' title='bbox 953 2406 1100 2440; x_wconf 87' lang='lat' dir='ltr'>abeunt.</span> <span class='ocrx_word' id='word_1_318' title='bbox 1147 2406 1228 2450; x_wconf 88' lang='lat' dir='ltr'>Ipse</span> <span class='ocrx_word' id='word_1_319' title='bbox 1262 2404 1438 2439; x_wconf 83' lang='lat' dir='ltr'>inclinato</span> <span class='ocrx_word' id='word_1_320' title='bbox 1473 2415 1622 2450; x_wconf 82' lang='lat' dir='ltr'>corpore</span> <span class='ocrx_word' id='word_1_321' title='bbox 1657 2413 1724 2449; x_wconf 89' lang='lat' dir='ltr'><em>pa-</em></span> 
     </span>
     <span class='ocr_line' id='line_1_38' title="bbox 280 2451 1723 2498; baseline -0.003 -11"><span class='ocrx_word' id='word_1_322' title='bbox 280 2453 405 2488; x_wconf 87' lang='lat' dir='ltr'>tricios</span> <span class='ocrx_word' id='word_1_323' title='bbox 431 2458 469 2486; x_wconf 86' lang='lat' dir='ltr'><em>et</em></span> <span class='ocrx_word' id='word_1_324' title='bbox 493 2463 729 2498; x_wconf 84' lang='lat' dir='ltr'>quoscunque</span> <span class='ocrx_word' id='word_1_325' title='bbox 751 2454 832 2489; x_wconf 88' lang='lat' dir='ltr'>vult</span> <span class='ocrx_word' id='word_1_326' title='bbox 855 2455 1012 2495; x_wconf 84' lang='lat' dir='ltr'>salutat,</span> <span class='ocrx_word' id='word_1_327' title='bbox 1046 2451 1188 2486; x_wconf 85' lang='lat' dir='ltr'>tabulas</span> <span class='ocrx_word' id='word_1_328' title='bbox 1214 2462 1295 2484; x_wconf 84' lang='lat' dir='ltr'>suas</span> <span class='ocrx_word' id='word_1_329' title='bbox 1320 2458 1467 2495; x_wconf 83' lang='lat' dir='ltr'>portans</span> <span class='ocrx_word' id='word_1_330' title='bbox 1482 2478 1492 2493; x_wconf 93' lang='lat'>,</span> <span class='ocrx_word' id='word_1_331' title='bbox 1516 2452 1723 2496; x_wconf 85' lang='lat' dir='ltr'>iterumque</span> 
     </span>
     <span class='ocr_line' id='line_1_39' title="bbox 279 2498 1726 2545; baseline -0.002 -12"><span class='ocrx_word' id='word_1_332' title='bbox 279 2500 509 2545; x_wconf 82' lang='lat' dir='ltr'>praepositus</span> <span class='ocrx_word' id='word_1_333' title='bbox 534 2499 630 2534; x_wconf 85' lang='lat' dir='ltr'>idem</span> <span class='ocrx_word' id='word_1_334' title='bbox 665 2510 745 2533; x_wconf 91' lang='lat' dir='ltr'>cum</span> <span class='ocrx_word' id='word_1_335' title='bbox 771 2500 938 2535; x_wconf 90' lang='lat' dir='ltr'>cubiculo</span> <span class='ocrx_word' id='word_1_336' title='bbox 970 2502 1099 2541; x_wconf 83' lang='lat' dir='ltr'>intrat,</span> <span class='ocrx_word' id='word_1_337' title='bbox 1136 2504 1173 2532; x_wconf 87' lang='lat' dir='ltr'><em>et</em></span> <span class='ocrx_word' id='word_1_338' title='bbox 1197 2498 1243 2532; x_wconf 85' lang='lat' dir='ltr'><em>ad</em></span> <span class='ocrx_word' id='word_1_339' title='bbox 1265 2498 1437 2532; x_wconf 89' lang='lat' dir='ltr'>thronum</span> <span class='ocrx_word' id='word_1_340' title='bbox 1461 2498 1726 2539; x_wconf 87' lang='lat' dir='ltr'>Dominorum‚</span> 
     </span>
     <span class='ocr_line' id='line_1_40' title="bbox 277 2545 1727 2595; baseline -0.004 -12"><span class='ocrx_word' id='word_1_341' title='bbox 277 2547 427 2583; x_wconf 76' lang='lat' dir='ltr'>tabulas</span> <span class='ocrx_word' id='word_1_342' title='bbox 452 2551 614 2594; x_wconf 80' lang='lat' dir='ltr'>gestans,</span> <span class='ocrx_word' id='word_1_343' title='bbox 638 2548 785 2582; x_wconf 79' lang='lat' dir='ltr'>accedit.</span> <span class='ocrx_word' id='word_1_344' title='bbox 835 2548 924 2595; x_wconf 92' lang='lat'><em>(11.)</em></span> <span class='ocrx_word' id='word_1_345' title='bbox 957 2547 1240 2583; x_wconf 87' lang='lat' dir='ltr'>Cerimoniarius</span> <span class='ocrx_word' id='word_1_346' title='bbox 1272 2545 1351 2580; x_wconf 88' lang='lat' dir='ltr'>vela</span> <span class='ocrx_word' id='word_1_347' title='bbox 1385 2546 1424 2579; x_wconf 91' lang='lat' dir='ltr'><em>in</em></span> <span class='ocrx_word' id='word_1_348' title='bbox 1454 2546 1657 2590; x_wconf 85' lang='lat' dir='ltr'>tripetone,</span> <span class='ocrx_word' id='word_1_349' title='bbox 1681 2547 1727 2577; x_wconf 79' lang='lat' dir='ltr'>ut</span> 
     </span>
     <span class='ocr_line' id='line_1_41' title="bbox 281 2590 1725 2638; baseline -0.003 -9"><span class='ocrx_word' id='word_1_350' title='bbox 281 2605 359 2629; x_wconf 86' lang='lat' dir='ltr'><em>mos</em></span> <span class='ocrx_word' id='word_1_351' title='bbox 384 2600 457 2636; x_wconf 87' lang='lat' dir='ltr'>est,</span> <span class='ocrx_word' id='word_1_352' title='bbox 481 2594 644 2637; x_wconf 73' lang='lat' dir='ltr'>ordinat,</span> <span class='ocrx_word' id='word_1_353' title='bbox 669 2605 710 2627; x_wconf 87' lang='lat' dir='ltr'><em>ac</em></span> <span class='ocrx_word' id='word_1_354' title='bbox 734 2596 900 2628; x_wconf 88' lang='lat' dir='ltr'>Dominis</span> <span class='ocrx_word' id='word_1_355' title='bbox 916 2621 925 2637; x_wconf 85' lang='lat'><em>,</em></span> <span class='ocrx_word' id='word_1_356' title='bbox 959 2600 999 2628; x_wconf 91' lang='lat' dir='ltr'><em>ut</em></span> <span class='ocrx_word' id='word_1_357' title='bbox 1022 2593 1273 2638; x_wconf 83' lang='lat' dir='ltr'>ingrediantur</span> <span class='ocrx_word' id='word_1_358' title='bbox 1301 2593 1382 2627; x_wconf 87' lang='lat' dir='ltr'>vela</span> <span class='ocrx_word' id='word_1_359' title='bbox 1406 2593 1555 2634; x_wconf 83' lang='lat' dir='ltr'>secreti,</span> <span class='ocrx_word' id='word_1_360' title='bbox 1590 2590 1725 2624; x_wconf 79' lang='lat' dir='ltr'>iuben-</span> 
     </span>
     <span class='ocr_line' id='line_1_42' title="bbox 282 2637 1728 2687; baseline -0.003 -13"><span class='ocrx_word' id='word_1_361' title='bbox 282 2641 406 2683; x_wconf 84' lang='lat' dir='ltr'>tihus,</span> <span class='ocrx_word' id='word_1_362' title='bbox 431 2642 572 2687; x_wconf 82' lang='lat' dir='ltr'>signum</span> <span class='ocrx_word' id='word_1_363' title='bbox 602 2647 768 2687; x_wconf 87' lang='lat' dir='ltr'>promoto</span> <span class='ocrx_word' id='word_1_364' title='bbox 801 2642 1011 2687; x_wconf 85' lang='lat' dir='ltr'>praeposito</span> <span class='ocrx_word' id='word_1_365' title='bbox 1050 2641 1157 2682; x_wconf 87' lang='lat' dir='ltr'>dant,</span> <span class='ocrx_word' id='word_1_366' title='bbox 1183 2641 1248 2685; x_wconf 87' lang='lat' dir='ltr'><em>qui</em></span> <span class='ocrx_word' id='word_1_367' title='bbox 1285 2649 1366 2672; x_wconf 89' lang='lat' dir='ltr'>cum</span> <span class='ocrx_word' id='word_1_368' title='bbox 1400 2639 1542 2673; x_wconf 86' lang='lat' dir='ltr'>duobus</span> <span class='ocrx_word' id='word_1_369' title='bbox 1568 2637 1728 2671; x_wconf 77' lang='lat' dir='ltr'>ostiariis</span> 
     </span>
     <span class='ocr_line' id='line_1_43' title="bbox 284 2685 1730 2735; baseline -0.003 -15"><span class='ocrx_word' id='word_1_370' title='bbox 284 2692 320 2720; x_wconf 90' lang='lat' dir='ltr'><em>et</em></span> <span class='ocrx_word' id='word_1_371' title='bbox 345 2689 461 2733; x_wconf 84' lang='lat' dir='ltr'>virgas</span> <span class='ocrx_word' id='word_1_372' title='bbox 486 2689 716 2734; x_wconf 83' lang='lat' dir='ltr'>gerentibus,</span> <span class='ocrx_word' id='word_1_373' title='bbox 741 2689 957 2735; x_wconf 81' lang='lat' dir='ltr'>tabulasque</span> <span class='ocrx_word' id='word_1_374' title='bbox 983 2693 1144 2734; x_wconf 81' lang='lat' dir='ltr'>portans,</span> <span class='ocrx_word' id='word_1_375' title='bbox 1164 2686 1254 2721; x_wconf 83' lang='lat' dir='ltr'>abit.</span> <span class='ocrx_word' id='word_1_376' title='bbox 1304 2688 1391 2720; x_wconf 78' lang='lat' dir='ltr'><em>Mox</em></span> <span class='ocrx_word' id='word_1_377' title='bbox 1414 2688 1536 2722; x_wconf 90' lang='lat' dir='ltr'>velum</span> <span class='ocrx_word' id='word_1_378' title='bbox 1559 2685 1730 2730; x_wconf 84' lang='lat' dir='ltr'>primum,</span> 
     </span>
     <span class='ocr_line' id='line_1_44' title="bbox 282 2731 1724 2780; baseline -0.003 -11"><span class='ocrx_word' id='word_1_379' title='bbox 282 2736 483 2779; x_wconf 78' lang='lat' dir='ltr'>magistros,</span> <span class='ocrx_word' id='word_1_380' title='bbox 511 2747 551 2771; x_wconf 81' lang='lat' dir='ltr'><em>ac</em></span> <span class='ocrx_word' id='word_1_381' title='bbox 577 2741 692 2773; x_wconf 70' lang='lat' dir='ltr'>cetera</span> <span class='ocrx_word' id='word_1_382' title='bbox 715 2737 816 2779; x_wconf 71' lang='lat' dir='ltr'>vela,</span> <span class='ocrx_word' id='word_1_383' title='bbox 842 2742 882 2772; x_wconf 90' lang='lat' dir='ltr'><em>ut</em></span> <span class='ocrx_word' id='word_1_384' title='bbox 906 2747 980 2772; x_wconf 83' lang='lat' dir='ltr'><em>mos</em></span> <span class='ocrx_word' id='word_1_385' title='bbox 1008 2741 1073 2779; x_wconf 86' lang='lat' dir='ltr'>est,</span> <span class='ocrx_word' id='word_1_386' title='bbox 1098 2734 1252 2770; x_wconf 85' lang='lat' dir='ltr'>adducit.</span> <span class='ocrx_word' id='word_1_387' title='bbox 1304 2733 1449 2780; x_wconf 79' lang='lat' dir='ltr'>Quibus</span> <span class='ocrx_word' id='word_1_388' title='bbox 1474 2731 1642 2770; x_wconf 79' lang='lat' dir='ltr'>omnibus</span> <span class='ocrx_word' id='word_1_389' title='bbox 1665 2731 1724 2766; x_wconf 86' lang='lat' dir='ltr'><em>in-</em></span> 
     </span>
    </p>
   </div>
  </div>
 </body>
</html>
