1884 3112
873 0 907 37 Ο

252 61 363 119 250
541 82 898 125 coNsTAmmi
935 81 1433 127 PORPHYROGENITr
1488 104 1493 106 -

246 185 433 238 ἐκεῖθεν,
462 185 536 226 καὶ
561 182 882 239 δηριγευόμενος
902 179 984 224 ὖπό
1006 199 1051 227 τε
1076 186 1366 238 ἀξιωματικῶν
1375 221 1388 240 ,
1415 186 1704 244 σκευοφόρων,

244 252 514 305 στρατιωτῶν
555 247 797 303 ταγμάτων,
841 251 1024 293 δεκανοῦν
1067 252 1142 292 καί
1172 253 1444 307 δίαιταρίων,
1484 254 1698 309 διέρχεται

245 315 318 359 ὃιὰ
340 319 417 358 τοῦ
446 315 710 371 ἱπποδρόμου
750 318 825 357 καί
851 318 926 371 τῆς
953 315 1247 374 θερμάστρας,
1275 321 1350 360 καί
1389 320 1619 376 α’πέρχεται
1649 322 1695 362 ἐν

246 385 306 440 τῷ
334 382 641 440 κονσιστωρίῳ,
674 383 749 424 καί
778 380 897 435 ἅψας
929 383 1083 439 κηροὺς
1123 385 1341 441 ἐξέρχεται
1351 419 1364 438 ,
1399 388 1473 427 καί
1502 383 1584 427 ὑπό
1614 386 1697 428 τῶν

241 445 384 490 αὖτιόν
421 446 768 503 ὃηριγευόμενος,
805 450 1019 506 ἐξέρχεται
1056 447 1128 492 διά
1156 466 1200 494 τε
1232 454 1316 494 τῶν
1345 452 1591 506 ἐξκουβίτων
1620 453 1719 495 καὶ5

208 517 321 563 cmiv
363 516 542 568 σχολῶν.
598 515 795 570 δέχονται
841 514 970 558 αῦτὸν
1003 515 1042 559 οἱ
1086 518 1164 559 τοῦ
1188 519 1345 574 μέρους
1367 521 1450 562 τῶν
1482 520 1696 572 Βενέτων,

239 583 286 625 ἐν
304 575 340 640 ᾦ
370 578 491 622 ἅπτει
516 579 671 638 κηρούς
705 579 725 623 ὁ
747 580 951 636 βασιλεῦς
990 584 1035 626 ἐν
1067 587 1119 642 τῇ
1139 586 1254 642 τρίτῃ
1275 581 1412 639 τάξει,
1442 581 1510 627 ὅτε
1543 586 1698 640 προέρ-

236 664 364 703 χεται
395 645 554 699 ἔξωθεν
587 650 670 691 τῶν
711 646 905 703 μεγάλων
949 652 1115 704 πυλῶν,
1157 651 1426 706 οἰκτολογοῦσι
1457 652 1504 693 δὲ
1544 648 1692 693 αὐτὸν,

238 713 385 764 καθώς
415 716 608 757 τελοῦσιν
633 716 680 757 ἐν
713 722 807 766 ταῖς
839 719 1068 772 προβολαῖς
1101 718 1184 760 τῶν
1212 717 1468 773 πατρικίων,
1509 718 1695 772 λέγοντες

239 781 314 823 καί
348 779 394 822 τὸ
420 779 473 834 ,,ὄ
492 783 653 835 δεῖνα”,
680 783 756 824 καί
783 778 900 835 »εἷσε
923 783 1136 838 πατρίκιος
1150 785 1186 836 ,”
1206 784 1282 825 καί
1309 783 1552 826 ἐπιδίδωσιν
1573 783 1746 841 αῦτῴἷιο

241 847 264 893 ὁ
302 844 522 904 δήμαρχος
558 845 835 905 λιβελλάριον.
891 849 966 891 καὶ
1008 847 1199 895 ἀνελθών
1225 852 1270 893 ἐν
1289 852 1340 908 τῇ
1368 847 1479 908 πύλῃ
1519 849 1695 906 πλησίον

241 915 315 970 τῆς
334 916 518 969 χαλκῆς,
546 915 715 970 δέχεται
742 915 874 959 αὐτόν
894 914 942 958 τό
968 917 1097 972 μέρος
1118 919 1200 960 τῶν
1221 919 1482 973 Πρασίνων,
1508 917 1583 959 καί
1601 918 1694 960 ἐπι-

242 981 416 1022 δίδωσιν
436 978 459 1022 ὅ
491 977 710 1037 δήμαρχος
739 980 785 1025 τό
813 982 1107 1039 λιβελλάριον,
1145 985 1220 1026 καί
1253 985 1419 1026 ἵσταται
1443 985 1592 1038 μέσον,
1635 983 1694 1033 ὥς

240 1044 425 1088 εἴθισται
461 1047 578 1106 αὐτῷ
606 1045 779 1101 πάντοτε
808 1050 855 1092 ἐν
892 1055 985 1099 ταῖς
1025 1051 1172 1104 δοχαῖς
1196 1052 1403 1105 γίνεσθαι.
1458 1045 1546 1092 εἶτα
1579 1053 1694 1092 τελε-

240 1110 405 1156 σάντων
427 1115 513 1156 τῶν
545 1111 622 1156 δύο
639 1117 807 1171 μερῶν,
837 1118 1052 1172 ἐξέρχεται
1074 1115 1146 1159 διὰ
1167 1119 1240 1171 τῆς
1268 1119 1453 1172 χαλκῆς,
1481 1117 1556 1158 καί
1579 1111 1747 1158 daea-15

239 1177 332 1221 θών
363 1181 494 1237 μέχρι
515 1183 593 1222 τοῦ
615 1179 735 1236 ἁγίου
761 1183 942 1239 φρέατος
951 1217 963 1236 ,
993 1179 1114 1225 ἅπτει
1146 1184 1279 1226 ἐκεῖσε
1308 1180 1485 1239 κηροῦς,
1511 1182 1586 1224 καί
1610 1178 1693 1224 εἶθ’

194 1255 227 1289 D
243 1241 374 1296 οὕτως
401 1247 638 1302 εἰσέρχεται
665 1249 725 1297 εἰς
749 1246 826 1304 τὴν
852 1246 1037 1305 μεγάλην
1070 1250 1290 1305 ἐκκλησίαν
1299 1283 1312 1303 ,
1350 1251 1425 1292 καί
1453 1247 1694 1305 ἔμπροσθεν

47 1318 198 1368 Eds-109.
213 1313 325 1356 autin
345 1310 475 1369 ἁγίων
503 1316 651 1370 θυρῶν
683 1312 840 1370 ἑστώς,
882 1311 1078 1373 εὔχεται,
1103 1317 1180 1358 καί
1201 1312 1591 1372 προσκαλεσάμενος
1614 1315 1695 1357 αῦ-

239 1380 314 1423 τὸν
347 1378 370 1422 ὅ
404 1378 695 1437 πατριάρχης,
722 1383 854 1424 κλίνει
881 1381 957 1437 τὴν
987 1380 1120 1425 αὑτοῦ
1149 1380 1362 1440 κεφαλήν,
1390 1383 1520 1437 λέγων
1539 1379 1691 1436 εὐχήν,

240 1443 325 1489 εἷθ’
353 1442 486 1496 οὕτως
507 1452 702 1491 κοινωνεῖ
728 1449 805 1490 τοῦ
847 1445 1058 1505 α’χράντου
1092 1447 1285 1502 σώματος
1312 1448 1386 1490 καί
1417 1449 1594 1501 αἳματος
1614 1439 1746 1490 rotho

239 1514 411 1569 Κυρίου
456 1513 582 1569 ἡμῶν
613 1516 748 1570 Ἰησοῦ
794 1517 988 1571 Χριστοῦ
1018 1514 1135 1573 παρὰ
1170 1517 1247 1558 τοῦ
1290 1511 1580 1571 πατριάρχου,
1619 1514 1695 1556 καὶ

241 1578 538 1634 ἀσπασάμενος
567 1580 697 1623 αὐτὸν
733 1581 757 1622 ὅ
802 1579 1090 1639 πατριάρχης,
1131 1583 1370 1636 ἀποπέμπει
1400 1580 1536 1624 αὐτόν.
1593 1579 1615 1622 ὅ
1645 1581 1693 1622 δὲ

239 1646 458 1702 ,πατρίκιος
478 1645 554 1703 τὴν
577 1648 622 1700 ἐξ
648 1646 776 1698 ἔθους
791 1650 854 1706 ’τῇ
894 1650 1089 1707 ἐκκλησίᾳ
1124 1650 1344 1704 διδομένην
1375 1648 1605 1703 συνήθειαν
1625 1647 1695 1688 δε..

242 1713 414 1770 §coxo-59,
453 1714 666 1771 ἐξέρχεται
708 1713 778 1758 διὰ
804 1716 938 1770 μέσου
979 1718 1067 1758 ‘tou‘
1101 1718 1208 1759 ναοῦ
1257 1716 1317 1764 εἰς
1355 1712 1430 1757 τὸν
1469 1712 1689 1770 νάρθηκα,

340 1838 369 1862 1.
395 1826 664 1874 ἀξιωματικῶν
689 1827 967 1875 σκευοφόρων,
993 1828 1245 1876 στρατιωτῶν,
1277 1826 1483 1875 ταγμάτων
1506 1826 1564 1866 ed.
1654 1827 1690 1862 8.

334 1875 412 1910 τῶν
446 1885 516 1910 om.
541 1874 597 1909 ed.
738 1874 778 1911 δὲ
801 1886 871 1909 om.
898 1875 955 1910 ed.
1103 1888 1158 1911 20.
1183 1878 1246 1910 καὶ
1274 1874 1346 1910 εἴθ’
1370 1874 1429 1912 ed.

242 1976 307 2010 riis
333 1976 508 2021 stipatus,
531 1989 598 2023 per
621 1981 754 2014 circum
778 1978 1025 2025 balneumque
1051 1980 1088 2012 in
1114 1979 1369 2012 consistorium
1395 1978 1492 2019 abit,
1517 1981 1555 2010 et
1578 1975 1690 2010 cereis

212 2043 215 2046 ⁴
240 2023 422 2064 accensis,
446 2024 576 2058 iisdem
603 2027 881 2067 comitantibus,
905 2037 971 2071 per
996 2026 1166 2060 excubias
1192 2025 1406 2071 scholasque
1431 2023 1597 2061 discedit,
1621 2024 1691 2057 Fa-

241 2071 412 2104 ctionarii
437 2071 568 2105 Veneti
594 2083 697 2115 eum,
730 2074 796 2107 ubi
828 2075 1028 2118 Imperator
1060 2084 1182 2106 cereos
1208 2072 1392 2111 accendit,
1429 2073 1467 2104 in
1497 2071 1606 2104 tertio
1630 2082 1691 2103 or-

241 2117 329 2150 dine
367 2119 577 2163 excipiunt‚
611 2126 648 2153 et
685 2121 770 2154 dum
801 2131 866 2166 per
901 2131 1048 2165 magnas
1081 2125 1204 2168 portas
1238 2118 1424 2164 procedit,
1455 2117 1545 2163 ipsi,
1585 2117 1691 2151 utin

242 2164 540 2210 promotionibus
570 2168 807 2211 patriciorum
833 2165 973 2206 solent,
1007 2167 1225 2206 acclamant,
1258 2166 1438 2199 dicentes:
1471 2165 1516 2199 N.
1551 2164 1595 2200 N.
1634 2169 1691 2198 et:

241 2225 278 2249 es
300 2212 507 2258 patricius,
541 2212 752 2248 demarchus
776 2225 862 2249 vero
895 2214 966 2260 ipsi
990 2213 1158 2249 libellum
1184 2212 1306 2246 tradit.
1354 2212 1411 2247 Ad
1435 2218 1577 2257 portam
1602 2223 1693 2256 pro-

241 2269 288 2304 pe
314 2258 465 2292 chalcen
500 2261 754 2295 ascendentem
786 2262 896 2294 factio
923 2262 1068 2295 Prasina
1094 2260 1249 2305 exeipit,
1282 2260 1495 2293 demarchus
1520 2258 1692 2292 libellum

242 2306 314 2351 ipsi
339 2306 475 2349 tradit,
499 2307 538 2341 in
562 2309 684 2342 medio
701 2336 710 2350 ‚
736 2314 778 2342 ut
801 2319 941 2353 semper
966 2309 1004 2342 in
1037 2307 1094 2341 his
1120 2307 1391 2352 receptionibus
1417 2307 1532 2348 solet,
1558 2306 1695 2339 consti-

241 2358 354 2386 tutus.
403 2354 467 2388 His
493 2364 513 2386 a
533 2354 755 2389 factionibus
779 2357 933 2400 peractis
948 2382 956 2397 ,
982 2367 1046 2400 per
1066 2354 1214 2388 chalcen
1233 2352 1435 2399 egreditur,
1470 2359 1507 2387 et
1530 2353 1576 2386 ad
1611 2363 1697 2385 san-

242 2405 339 2434 ctum
348 2406 501 2446 puteum
517 2401 707 2448 digressus,
721 2414 841 2436 cereos
859 2403 1032 2444 accendit,
1049 2407 1174 2448 postea
1189 2413 1352 2446 magnam
1369 2401 1556 2435 ecclesiam
1575 2401 1698 2444 ingre-

243 2446 364 2489 ditur,
395 2449 460 2483 ubi
485 2448 532 2486 ad
556 2461 672 2483 sacras
698 2451 824 2483 ianuas
857 2451 1077 2491 subsistens,
1109 2454 1293 2495 precatur:
1336 2447 1559 2494 patriarcha,
1593 2450 1697 2492 post-

243 2506 355 2540 quam
379 2506 463 2533 eum
487 2496 696 2539 advocavit,
721 2498 896 2531 inclinato
917 2499 1034 2543 capite
1059 2502 1236 2541 precatur,
1262 2507 1282 2529 a
1305 2508 1378 2542 quo
1403 2501 1529 2541 postea
1555 2504 1695 2527 sacrum

242 2553 375 2587 corpus
408 2548 446 2576 et
476 2545 686 2590 sanguinem
713 2545 863 2578 Domini
898 2545 1012 2578 nostri
1054 2546 1135 2579 Iesu
1171 2543 1307 2579 Christi
1340 2544 1495 2588 accipit,
1535 2541 1695 2586 datoque

245 2590 391 2632 osculo,
425 2589 633 2628 dimittitur.
682 2592 877 2633 Patricius,
916 2592 1059 2626 solenni
1083 2602 1232 2624 munere
1260 2591 1434 2624 ecclesiae
1459 2589 1606 2629 oblato,
1630 2597 1696 2633 per

243 2636 407 2675 inedium
430 2639 607 2684 templum
631 2638 679 2672 ad
703 2640 910 2674 narthecem
935 2639 1038 2680 abit,
1063 2638 1148 2679 ubi,
1171 2644 1309 2671 mutata
1334 2643 1456 2679 veste,
1492 2645 1695 2670 scaraman-

246 2683 344 2727 gium
377 2696 482 2721 suum
513 2697 710 2734 sagumque
746 2698 970 2738 purpureum
1003 2685 1143 2728 induit,
1176 2691 1214 2721 et
1252 2695 1447 2723 conscenso
1473 2694 1589 2736 equo,
1621 2691 1695 2719 uua
