1832 3112
265 106 468 150 ‚xxxvm
546 102 618 144 ιο.
655 102 818 143 HENR.
855 98 1052 141 menn
1090 97 1481 140 οοΜΜΕΝΤΑΤιο
1534 68 1567 134 .’

268 206 458 246 diuturna
488 212 624 245 tamen
666 218 742 259 pax
773 216 866 242 cum
899 201 1080 255 Bulgaris
1113 202 1188 241 fuit
1205 218 1230 252 ,·
1246 201 1349 241 licet
1373 200 1426 240 ad
1458 200 1706 239 Graecorum

268 276 382 301 sacra
410 260 602 300 miraculo
619 290 631 311 ‚
671 267 718 299 ut
754 259 880 297 fertur
893 287 905 308 ‚
944 259 1133 310 pertracti
1164 264 1308 296 essent.
1366 257 1470 295 Cum
1509 255 1616 294 enim
1653 255 1708 295 ab

269 331 318 360 eo
344 324 524 369 tempore
551 314 905 369 permutandarum
931 314 1126 351 mercium
1153 326 1272 352 causa
1300 312 1526 365 frequentes
1550 311 1706 364 Byzan-

268 374 371 410 tium
402 372 557 410 adirent
571 401 582 421 ‚
612 371 710 409 ortis
739 371 843 407 inter
873 376 1112 407 mercatores
1143 367 1480 418 contentionibus,
1509 365 1563 404 ad
1593 379 1706 405 arma

269 428 417 466 ite-rum
449 439 688 465 concursum
715 424 764 475 ¹),
799 431 838 463 et
866 424 1026 463 Simeon
1040 453 1052 474 ‚
1083 423 1350 476 Bulgarorum
1373 436 1468 472 rex,
1497 422 1540 459 in
1569 421 1707 460 Mace-

271 482 392 521 donia
432 496 524 521 cum
565 481 726 519 Graecis
767 493 911 518 manus
949 480 1148 518 commisit
1161 508 1173 529 ,
1201 492 1375 531 quorum
1406 491 1500 530 pars
1535 477 1709 518 maxima

271 551 411 587 caesa,
443 536 587 588 reliqui
615 536 656 574 in
684 535 820 587 fugam
853 535 1020 573 coniecti
1050 540 1142 573 sunt
1157 563 1169 583 ‚
1200 533 1346 583 duces,
1376 532 1559 572 abscissis
1595 533 1715 572 nan'-.

268 591 345 631 hus
359 622 371 643 ‚
399 591 609 630 inhonesta
635 589 804 630 vulnera
831 589 997 629 domum
1027 588 1214 628 retulere.
1272 588 1377 627 Hinc
1402 588 1503 638 Leo,
1531 600 1604 626 suo
1636 587 1707 626 mi-

266 645 328 685 liti
353 661 435 685 non
468 647 561 685 satis
588 646 773 696 confisus,
803 645 839 684 T
843 659 958 684 urcos
976 674 988 695 ‚
1017 646 1095 696 (sie
1123 651 1211 683 tum
1230 643 1391 696 Ungari
1422 641 1708 693 vocabantur‚)

266 702 310 739 in
339 715 405 740 eos
436 703 652 740 concitavit
668 729 680 751 ‚
715 701 802 753 qui,
833 700 938 739 Istro
969 706 1155 753 superato
1170 729 1182 750 ‚
1213 698 1440 752 Bulgariam
1467 697 1620 737 crebris
1650 698 1709 736 in-

265 756 516 796 cursionibus
545 763 740 795 vexarunt
767 756 824 805 2).“
872 756 1008 794 Leone
1033 756 1239 804 exstineto,
1269 768 1363 794 eum
1391 753 1554 792 Simeon
1578 754 1708 806 impe-

266 813 375 850 rium
417 825 441 851 a
489 811 739 850 Constantini
778 810 978 850 tutoribus
1021 809 1284 863 negligentius
1315 809 1427 862 geri,
1466 815 1508 848 et
1545 815 1709 858 externa

268 868 353 904 sine
389 879 486 905 cura
517 866 674 916 haberi,
712 865 884 916 videret,
909 879 1046 904 rursus
1076 866 1267 919 Byzantio
1297 878 1390 903 cum
1419 864 1567 904 robore
1595 877 1708 902 exer-

268 922 370 960 citus
397 922 599 960 imminuit
613 951 626 973 ,
657 922 875 974 castrisque
903 920 955 959 ad
987 920 1131 960 urbem
1162 920 1323 974 positis,
1351 919 1432 958 late
1459 920 1597 959 omnia
1623 925 1709 957 ter-

267 989 362 1014 rore
393 976 623 1029 complevit.
679 976 901 1029 Praecipue
933 989 1068 1030 regem
1099 975 1209 1015 illata
1239 975 1290 1014 ab
1331 973 1562 1015 Alexandro
1600 974 1707 1027 Imp.

271 1032 420 1070 iniuria
434 1061 446 1082 ,
475 1038 711 1084 spretaeque
734 1038 969 1084 arroganter
985 1060 997 1082 ‚
1027 1044 1126 1084 quas
1155 1031 1356 1071 obtulerat
1372 1059 1385 1081 ‚
1426 1030 1536 1083 pacis
1566 1029 1710 1068 condi-

266 1087 397 1124 tiones
429 1085 479 1124 ad
517 1086 736 1126 vindictam
771 1086 1038 1126 sollicitabant
1061 1087 1110 1137 3).
1175 1085 1212 1126 A
1254 1100 1336 1140 quo
1367 1091 1504 1124 tamen
1542 1083 1710 1124 consilio

268 1143 475 1180 moenium
507 1138 620 1180 urbis
646 1141 813 1180 altitudo
831 1171 845 1192 ‚
875 1148 914 1181 et
944 1140 1244 1195 propugnacula
1261 1170 1273 1191 ‚
1314 1143 1446 1194 ipsum
1481 1140 1710 1179 absterrue-

267 1202 364 1237 runt
380 1225 391 1246 ‚
420 1203 490 1246 ut,
523 1196 731 1235 obsidione
760 1196 890 1235 soluta
908 1225 920 1246 ‚
948 1210 1087 1250 pacem
1125 1198 1286 1236 Graecis
1303 1225 1315 1247 ,
1354 1209 1476 1250 quam
1515 1195 1600 1234 sere
1639 1194 1711 1233 de-

268 1259 526 1302 speraverant
539 1281 551 1302 ,
580 1259 722 1304 sponte
761 1251 995 1291 concederet
1018 1281 1030 1302 ‚
1069 1259 1138 1290 aut
1167 1253 1300 1304 potius
1335 1250 1526 1291 venderet
1551 1251 1601 1299 ⁴).
1662 1249 1712 1288 In

266 1307 411 1350 itinere
444 1306 659 1346 Thraciam
671 1338 685 1358 ,
712 1320 829 1362 saepe
857 1309 980 1347 armis
1011 1307 1252 1361 perculsam,
1281 1307 1468 1358 vastavit,
1498 1312 1538 1345 et
1570 1304 1713 1345 Adria-

361 1442 626 1488 τυγχανούσης
642 1441 839 1488 Ῥωμαίων
862 1451 901 1476 τε
932 1443 996 1475 καὶ
1030 1441 1175 1483 αὐτῶν,
1200 1439 1292 1487 ἄχρι
1320 1441 1384 1482 τῆς
1407 1440 1607 1485 Δεβελτοῦ,
1634 1438 1714 1483 ἥτις

360 1489 459 1523 οὕτω
486 1490 653 1522 καλεῖται
675 1488 842 1533 Ζάγωρα
868 1487 958 1535 παρ’
982 1488 1120 1526 αὐτοῖς.
1170 1491 1244 1522 Rex
1274 1487 1528 1532 Bulgarorum,
1568 1498 1715 1523 consors

359 1548 538 1570 sacrorum
564 1536 852 1570 Christianorum
876 1536 1012 1577 faetus,
1048 1535 1070 1570 ό
1089 1528 1346 1581 πνευματικὸς
1369 1535 1527 1579 ἔγγονος
1548 1534 1616 1568 τοῦ
1638 1537 1716 1568 Βα-

358 1584 492 1620 σιλέως
514 1582 645 1629 ἄρχων
674 1583 906 1628 Βουλγαρίας
938 1581 1056 1617 dictus
1093 1587 1156 1617 est.
1207 1581 1434 1619 Constantia.
1469 1581 1509 1615 in
1534 1580 1714 1615 Cerimon.

359 1629 474 1663 Aulae
499 1629 589 1664 CSP.
616 1629 689 1662 MS.
715 1641 749 1674 p.
774 1631 852 1663 228.
886 1642 920 1667 a.

296 1674 329 1720 ι)
352 1676 498 1712 Contin.
514 1674 678 1719 Theoph.
693 1676 734 1709 in
746 1676 868 1709 Leone
881 1687 998 1720 pam.
1030 1676 1103 1709 Leo
1116 1675 1311 1709 Grammat.
1325 1674 1442 1719 p,477.
1453 1673 1611 1709 Annales
1625 1673 1716 1708 Ful-

358 1723 460 1756 dens.
473 1722 583 1756 adan.
596 1723 674 1766 895.
691 1722 764 1766 (ap.
776 1721 886 1754 Andr.
899 1722 1116 1766 Quercetan.
1129 1722 1171 1759 T.
1183 1722 1226 1754 ΙΙ.
1241 1721 1312 1755 Ser.
1330 1722 1453 1755 Franc.
1462 1732 1497 1765 p.
1513 1721 1607 1767 582.)
1635 1721 1714 1756 Pa-

358 1781 433 1804 cem
456 1780 544 1814 ergo
558 1770 694 1803 Graeci
707 1767 831 1802 eodem
847 1781 947 1802 anno
967 1779 1047 1802 cum
1059 1769 1197 1802 Avaris
1207 1767 1290 1815 (qui
1301 1767 1479 1803 dicuntur
1492 1768 1595 1813 Vgri')
1607 1767 1716 1814 fece-

359 1823 470 1854 runt,
483 1814 585 1860 quod
605 1826 730 1848 eorum
753 1815 927 1849 concives
953 1817 1111 1860 Bulgari
1127 1816 1170 1848 in
1184 1826 1344 1860 pravum
1359 1823 1568 1853 vertentes,
1589 1813 1719 1848 hostili

360 1860 593 1906 expeditione
615 1869 747 1894 contra
769 1873 829 1894 eos
851 1862 1062 1905 insurgunt,
1076 1869 1110 1894 et
1128 1873 1268 1895 omnem
1284 1863 1469 1906 regionem
1482 1861 1643 1900 illorum,
1655 1871 1719 1893 us-

361 1919 431 1953 que
441 1906 493 1940 ad
511 1915 656 1951 portam
678 1907 1131 1951 Constantinopolitanam
1151 1906 1383 1941 devastando
1397 1909 1654 1953 insequuntur.
1673 1906 1720 1940 Et

360 1953 485 1998 paucis
511 1953 736 1985 interiectis:
764 1954 853 1995 Quis
880 1953 1072 1997 gentilium
1096 1958 1307 1987 Avarorum
1331 1962 1474 1998 strages
1490 1953 1606 1987 tantis
1628 1965 1718 1988 con,-

360 1999 609 2045 gressionibus
633 1998 880 2032 enumerando
895 2000 1009 2043 possit
1028 2000 1237 2045 exponere?
1262 2001 1438 2046 quoniam
1458 1999 1717 2043 Balgarorum,

364 2045 416 2079 acl
440 2057 530 2091 quos
562 2046 727 2078 victoria
760 2047 962 2085 concessit,
988 2058 1136 2079 numero
1166 2046 1251 2080 XX.
1278 2046 1400 2079 millia
1428 2047 1590 2091 equitum
1608 2058 1718 2081 caesa

364 2093 624 2127 inveniuntur.
763 2092 800 2137 α)
826 2092 970 2124 Contin.
999 2091 1163 2135 Theoph.
1189 2103 1224 2135 p.
1249 2093 1327 2135 234.
1351 2091 1426 2125 Leo
1455 2091 1651 2128 Grammat.
1681 2104 1718 2138 p.

366 2139 445 2181 488.
473 2137 619 2171 Simeon
644 2135 795 2181 Logoth.
820 2149 855 2181 p.
870 2138 948 2183 472.
1044 2137 1080 2182 3)
1107 2137 1227 2171 Citati.
1252 2137 1464 2182 Luitprand.
1489 2138 1529 2176 L,
1553 2139 1614 2172 III.
1641 2150 1669 2171 c.
1685 2150 1720 2183 7,

368 2183 548 2218 Theodos.
581 2182 693 2215 Kiow.
725 2183 764 2216 in
791 2183 922 2217 Chron.
954 2195 987 2226 p.
1018 2195 1069 2229 ¹9·
1100 2184 1147 2218 ad
1183 2196 1238 2217 an.
1271 2185 1350 2230 9¹4-
1388 2185 1595 2218 Elmacinns
1626 2185 1718 2219 Hist.

368 2231 487 2264 sarae.
507 2241 541 2272 p.
574 2232 646 2272 198.
687 2229 785 2263 Obiit
800 2228 1032 2271 Alexander,
1058 2232 1121 2265 cui
1152 2233 1326 2264 successit
1343 2231 1628 2271 Constantinus,
1649 2232 1718 2265 Le·-

369 2277 454 2310 onis
474 2275 599 2320 filius,
625 2277 675 2311 13.
699 2288 878 2311 annorum
905 2288 1006 2322 puer.
1055 2278 1160 2310 Misit
1182 2277 1424 2319 Balgarorum
1453 2278 1530 2311 Rex
1548 2276 1600 2311 ad
1621 2278 1719 2311 Con-

367 2323 570 2357 staminum
589 2322 870 2367 Imperatorem,
890 2332 931 2356 ut
947 2334 1108 2356 sororem
1123 2335 1225 2357 suam
1250 2322 1488 2368 desponderet
1513 2324 1592 2359 eius
1612 2323 1697 2370 filio
1710 2337 1724 2357 .-

365 2368 470 2415 quod
492 2379 570 2403 cum
599 2369 858 2409 recusavisset,
879 2370 1028 2415 praelia
1052 2371 1167 2403 multa
1188 2371 1376 2403 commissa
1399 2378 1485 2404 sunt
1509 2381 1532 2402 a
1547 2369 1721 2404 Romanis

367 2423 406 2450 et
431 2415 611 2459 Balgaris.
641 2414 772 2448 Videns
797 2415 864 2450 hoc
887 2417 1091 2455 Nicotaus,
1123 2415 1348 2460 autor-suit,
1371 2423 1414 2450 ut
1444 2417 1627 2451 Romanus
1649 2416 1722 2449 Im-

366 2470 522 2507 perator
546 2461 674 2503 fieret,
699 2461 767 2507 qui
791 2463 1034 2507 Balgarorum
1058 2464 1139 2504 regi
1155 2462 1333 2509 filiarum
1355 2463 1509 2496 alteram
1542 2460 1643 2497 dedit
1675 2473 1721 2495 ιι-

367 2519 508 2542 xorem.
555 2507 657 2552 Quae
687 2507 732 2541 de
757 2518 863 2541 causa
888 2508 976 2541 belli
1011 2508 1144 2547 tradit,
1179 2519 1199 2540 a
1233 2519 1317 2542 vero
1353 2508 1471 2542 aliena
1498 2514 1599 2543 suut:
1625 2512 1722 2542 errat

370 2560 558 2597 praeterea
574 2579 582 2594 ,
613 2553 699 2587 dum
733 2553 822 2587 hacc
862 2565 956 2588 anuo
983 2554 1069 2598 Heg.
1095 2556 1187 2600 3⁰9·⁹
1213 2566 1318 2588 acrae
1340 2555 1495 2599 vulgaris
1521 2557 1599 2600 932.
1623 2554 1721 2588 acci-

373 2599 488 2639 disse,
503 2599 649 2680 geribit.
745 2601 781 2649 4)
807 2599 949 2649 Contin.
976 2600 1139 2648 Theoph.
1164 2602 1294 2652 [2475.
1320 2600 1498 2637 Theodos.
1525 2602 1636 2638 Kiow.
1675 2599 1722 2637 ad

373 2655 429 2683 an.
454 2657 511 2690 9¹*
526 2671 534 2679 .
