1884 3112
279 107 388 163 290
566 110 924 154 CONSTANTlNI
970 112 1455 158 PORPHYROGENITI

274 236 344 262 ται
371 217 492 264 ἔνθεν
520 221 683 265 κᾶκεῖσε
725 219 808 264 ἀπὸ
851 226 924 280 τῆς
963 224 1190 282 ἐξαγούσης
1232 228 1366 283 πύλης
1403 230 1479 271 τοῦ
1502 242 1730 286 χρυσοτρι-

275 284 440 340 κλίνου,
482 288 529 330 ἒν
556 289 615 345 τῷ
643 290 927 347 προειρημένῳ
956 289 1115 349 ἧλιακῷ
1147 294 1276 348 μέχρι
1318 294 1396 335 τοῦ
1433 296 1729 347 καμελαυκίου,

275 353 321 394 ἒν
348 345 384 411 ᾧ
410 352 485 394 καί
508 351 555 394 τὸ
587 355 752 405 σε’ντζον
780 355 970 398 ἵσταται.
1028 353 1051 397 ὅ
1091 358 1138 398 δὲ
1170 357 1376 411 ’βασιλεῦς
1414 358 1617 402 εἰσελθών
1655 358 1732 413 ἔα-

275 420 459 473 προσθεν
486 420 562 460 τοῦ
590 420 806 475 εἰρημένου
834 419 989 476 βήλου,
1019 421 1315 477 περιβάλλεται
1342 423 1416 481 την
1440 426 1622 480 χλανίδα
1651 422 1731 467 αὖ-

277 484 352 524 τοῢ
391 481 461 524 διὰ
500 486 583 526 τῶν
610 485 895 543 βεστητόρων,
936 486 1008 529 καί
1041 489 1123 531 τῶν
1162 488 1423 547 βεστητόρων
1462 488 1756 545 ἔξελθόντων,5

81 550 430 605 Μς,ιυ.1)στέφει
458 548 482 590 ὅ
510 550 784 606 πραιπόσιτος
811 550 885 594 τὸν
912 554 1110 607 βασιλέα,
1156 553 1228 596 καὶ
1254 554 1571 613 δηριγευόμενος
1599 555 1622 599 ὅ
1649 559 1730 611 βα·-

231 613 418 666 Βσιλεὺς
446 612 526 656 ὑπὸ
557 618 640 659 τῶν
669 617 889 674 ἀρχόντων
915 621 990 661 τοῦ
1019 619 1336 676 κουβουκλείου,
1384 618 1616 680 ἀπέρχεται
1651 624 1730 676 με’-

275 698 353 738 χρι
379 683 452 737 τῆς
480 683 676 740 καμάρας
703 686 777 739 τῆς
808 679 935 740 οὔσης
963 684 1068 741 πρὸς
1095 682 1301 738 ἀνατολὰς
1328 688 1407 730 τοῦ
1432 690 1729 746 χρυσοτρικλί-

278 764 367 802 νου,
396 745 590 791 ἑστώτων
621 747 741 792 ἔνθεν
768 750 933 794 κοῖκεῖσε
963 747 1183 809 ἀρχόντων
1210 756 1283 796 τοῦ
1310 754 1624 809 κουβουκλείου·
1683 753 1731 798 αἶ

280 814 328 855 δὲ
370 813 516 856 λοιπαὶ
552 814 683 857 πύλαι
719 818 798 858 τοῦ
830 818 1173 874 χρυσοτρικλίνου
1220 817 1265 861 αἱ
1297 819 1518 876 ἐξάγουσαι
1554 820 1657 877 πρὸς
1682 819 1782 870 τὸιο

279 879 450 935 ἧλιακόν
478 881 560 923 εἶσι
587 885 890 936 κεκλεισμέναι.
945 883 1018 926 καί
1042 884 1235 927 ἵστανται
1275 886 1352 927 δύο
1379 887 1729 943 κουβικουλάριοι,

276 942 339 997 εἷς
364 947 411 988 ἐκ
440 948 600 1001 δεξιῶν,
632 947 654 990 ὃ
686 950 732 991 δὲ
762 951 899 1006 ἕτερος
927 952 971 1001 ἐξ
997 950 1233 1007 ἀριστερᾶς,
1262 953 1505 1007 κατέχοντες
1522 951 1602 996 ἀνὰ
1626 951 1731 1007 μίαν

277 1011 435 1069 πύλην,
484 1012 681 1066 λαβόντες
724 1016 772 1058 δὲ
813 1018 949 1070 νεῦμα
990 1015 1029 1058 οἱ
1057 1018 1183 1059 αὐτοὶ
1207 1016 1543 1075 κουβικουλάριοι
1570 1019 1732 1069 ἔξανοί-

278 1094 423 1133 γουσιν
448 1075 582 1129 αὖτοὶς
610 1075 760 1136 ἄφνω.
815 1081 889 1123 καί
916 1082 1231 1139 ὃηριγευόμενος
1260 1081 1282 1125 ὃ
1310 1083 1509 1139 βασιλεύς
1534 1083 1617 1127 ὕπὸ
1647 1087 1731 1127 τῶν

279 1141 613 1200 προρῥηθέντων
642 1143 861 1203 ἀρχόντων
888 1150 963 1190 τοῦ
992 1148 1304 1203 κουβουκλείου,
1356 1153 1570 1207 ἐξέρχεται
1597 1152 1643 1194 ἐν
1672 1152 1785 1209 τῲἰ5

279 1211 451 1269 ἧλιακῷ,
481 1211 554 1253 καί
581 1213 747 1255 ἵσταται
775 1214 821 1254 ἐν
848 1215 907 1272 τῷ
935 1217 1141 1272 πορφυρῷ
1170 1215 1297 1272 λίθῳ,
1328 1218 1401 1258 καί
1426 1216 1663 1273 παραυτίκα
1692 1218 1736 1259 οἳ

281 1293 328 1319 τε
356 1279 566 1334 πατρίκιοι
594 1278 666 1320 καί
701 1279 927 1335 στρατηγοὶ
953 1280 1025 1322 καί
1050 1281 1075 1336 ἡ
1106 1282 1326 1336 σύγκλητος
1365 1284 1482 1324 πᾶσα
1521 1276 1732 1336 πίπτουσι,

245 1344 354 1394 exat*
380 1339 555 1387 ’ὄπισθεν
583 1342 718 1387 αὖτῶν
746 1346 937 1388 ἵστανται
963 1346 1358 1404 πρωτοσπαθάριοι,
1387 1351 1732 1405 σπαθαροκανδι-

290 1408 413 1452 δάτοι
441 1410 514 1452 καί
539 1412 799 1467 σπαθὰριοι,
851 1411 890 1454 οἱ
917 1414 996 1466 μὲν
1023 1416 1397 1470 πρωτοσπαθάριοι
1426 1417 1649 1471 φοροῦντες
1678 1413 1733 1457 τὰ

285 1476 486 1531 μανιάκια
524 1477 674 1530 αὖτῶν,
703 1476 973 1531 βαστάζοντες
997 1480 1069 1520 καί
1093 1477 1143 1522 τά
1172 1481 1466 1534 σπαθοβάκλια
1497 1478 1661 1534 αὖτῶν,
1692 1480 1785 1526 0220

289 1544 336 1586 δὲ
374 1542 814 1599 σπαθαροκανὸιδάτοι
853 1543 905 1587 τά
933 1544 1138 1598 μανιάκια
1179 1545 1342 1599 αὐτῶν,
1384 1547 1644 1600 βαστάζουσι
1685 1548 1734 1590 δὲ

289 1607 362 1650 καί
387 1608 631 1665 σκουτάρια,
661 1609 861 1659 ὡσαύτως
891 1613 962 1653 καί
989 1611 1028 1653 οἱ
1055 1611 1287 1668 σπαθάριοι
1315 1612 1545 1668 σκουτοὶρια
1573 1614 1645 1654 καί
1671 1613 1736 1654 δι·-

288 1674 483 1731 στράλια.
539 1677 707 1718 ἵσταται
749 1678 796 1719 δὲ
825 1674 847 1718 ὅ
876 1679 950 1733 τῆς
978 1677 1271 1728 καταστάσεως
1307 1680 1365 1728 εἰς
1391 1676 1468 1734 τὴν
1501 1680 1634 1734 μέσην
1660 1681 1736 1734 τῆς

290 1743 441 1796 δοχῆς,
472 1743 544 1784 καί
572 1740 649 1798 δὴ,
680 1741 738 1792 ὦς
765 1742 1032 1800 προείρηται,
1071 1743 1445 1800 προσκυνησάντων
1471 1744 1638 1787 πάντων
1665 1745 1737 1787 καὶ

291 1804 583 1862 ἀναστάντων,
613 1806 726 1851 νεύει
753 1807 775 1850 ὅ
805 1809 1080 1866 πραιπόσιτος
1108 1806 1190 1852 ἀπὸ
1219 1809 1445 1860 κελεύσεως
1478 1811 1534 1868 τῷ
1560 1812 1634 1866 τῆς
1662 1818 1790 1858 sea-25

285 1872 546 1929 ταστάσεως,
584 1876 768 1926 κάκεῖνος
793 1878 905 1932 λέγει
956 1876 1240 1931 ,,κελεύσατε.”
1301 1877 1411 1934 (Ζ.)
1454 1875 1549 1919 Καὶ
1591 1874 1736 1930 οἱμὲν

295 2045 375 2082 est,
417 2040 571 2075 adstant.
621 2042 819 2087 Imperator
846 2040 893 2075 ad
924 2040 1059 2075 dictum
1089 2040 1210 2074 velum
1240 2040 1444 2085 ingressus,
1486 2037 1609 2072 tunica
1634 2047 1696 2071 sua
1714 2048 1736 2070 a

294 2088 527 2122 vestitorihus
550 2088 734 2129 induitur,
760 2088 890 2134 quibus
916 2089 1085 2132 egressis,
1116 2088 1341 2133 praepositus
1367 2087 1402 2119 ei
1425 2095 1591 2120 coronam
1619 2084 1738 2129 impo-

294 2134 366 2169 nit.
415 2134 578 2174 Deinde,
613 2136 803 2180 praefectis
828 2135 994 2168 cubiculo
1019 2133 1297 2174 comitantibus,
1338 2133 1384 2166 ad
1411 2143 1609 2172 cameram,
1641 2142 1736 2178 quae

294 2191 415 2214 versus
440 2183 616 2215 orientem
642 2183 743 2215 aurei
764 2182 915 2215 triclinii
942 2186 1017 2222 est,
1049 2180 1147 2221 abit,
1179 2181 1370 2225 praesectis
1395 2179 1554 2213 cubiculi
1580 2183 1660 2212 utro
1690 2188 1737 2212 ue

294 2226 335 2260 in
358 2228 472 2262 latere
498 2228 724 2262 constitutis:
763 2229 925 2274 reliquae
948 2227 1048 2261 aurei
1073 2227 1224 2260 triclinii
1249 2231 1373 2272 portae
1395 2225 1441 2259 ad
1463 2226 1635 2260 solarium
1691 2237 1739 2258 u-

296 2279 419 2308 centes
450 2275 588 2309 clausae
615 2280 708 2308 sunt.
755 2275 783 2308 E
811 2275 951 2308 duobus
985 2273 1214 2307 cubiculariis
1244 2285 1335 2307 unus
1359 2272 1404 2306 ad
1429 2272 1613 2313 dextram,
1646 2272 1738 2306 alter

299 2321 347 2356 ad
385 2323 567 2356 sinistram
614 2326 729 2362 stant,
765 2333 873 2356 unam
903 2333 947 2355 ue
980 2326 1118 2366 portam
1155 2321 1287 2365 singuli
1310 2324 1458 2362 tenent,
1491 2331 1600 2367 quas,
1635 2320 1736 2364 signo

298 2368 384 2403 dato
401 2395 409 2410 ,
435 2370 556 2403 statim
582 2369 759 2414 aperiunt.
806 2368 860 2403 Ab
912 2368 941 2402 is
965 2367 1194 2402 cubiculariis
1218 2369 1369 2412 stipatus
1394 2368 1612 2414 Imperator,
1638 2366 1738 2399 sola—

298 2415 391 2449 rium
413 2416 531 2461 petit,
556 2421 593 2449 et
616 2415 670 2449 ibi
687 2415 726 2448 in
747 2414 999 2460 porphyretico
1021 2413 1144 2459 lapide
1165 2419 1256 2448 stat:
1283 2426 1391 2458 ocyus
1415 2414 1561 2460 patricii
1589 2418 1626 2446 et
1649 2418 1739 2446 stra-

299 2464 374 2509 tegi
402 2474 480 2496 cum
502 2463 599 2497 omni
624 2467 747 2496 senatu
768 2463 807 2495 in
825 2467 954 2495 terram
981 2461 1189 2507 procidunt:
1217 2466 1299 2505 post
1316 2463 1412 2507 ipsos
1438 2458 1739 2506 protospatharii,

299 2509 652 2555 spatharocandidati
676 2514 713 2543 et
735 2508 909 2554 spatharii
938 2514 1054 2549 stant,
1107 2519 1235 2542 uorum
1261 2509 1324 2542 isti
1357 2514 1503 2554 torques
1533 2513 1570 2541 et
1591 2505 1740 2550 spathe--v

297 2557 448 2591 baculos
460 2569 555 2598 suos,
569 2556 609 2590 hi
621 2561 767 2602 torques
780 2561 818 2589 et
830 2557 996 2597 scutaria,
1015 2561 1093 2600 spat
1123 2555 1190 2588 arii
1198 2556 1332 2599 pariter
1344 2555 1499 2589 scutaria
1514 2559 1552 2587 et
1562 2552 1741 2596 dextralia

299 2610 449 2649 gestant.
461 2604 630 2650 Magister
642 2603 916 2637 cerimoniarum
934 2604 974 2637 in
993 2603 1113 2636 medio
1130 2614 1267 2643 eorum,
1294 2604 1356 2648 qui
1371 2604 1623 2647 Imperatorem
1640 2599 1740 2633 exci-

296 2651 420 2696 piunt,
432 2657 514 2692 stat,
532 2657 569 2684 et
579 2655 767 2696 postquam
778 2662 898 2685 omnes
910 2650 1152 2684 adoraruntac
1167 2661 1286 2682 rursus
1297 2659 1562 2688 consurrexere,
1585 2656 1742 2700 praepo?

298 2698 420 2733 situsa
431 2697 600 2733 mandato
613 2698 862 2733 cerimoniario
875 2698 1013 2743 signum
1023 2696 1099 2740 dat,
1114 2695 1175 2731 hic
1186 2696 1293 2731 dicit:
1321 2696 1455 2734 iubete.
1477 2694 1585 2741 (vn.)
1599 2692 1743 2738 Patncii
