<?xml version="1.0" encoding="UTF-8"?>
<!DOCTYPE html PUBLIC "-//W3C//DTD XHTML 1.0 Transitional//EN"
    "http://www.w3.org/TR/xhtml1/DTD/xhtml1-transitional.dtd">
<html xmlns="http://www.w3.org/1999/xhtml" xml:lang="en" lang="en">
 <head>
  <title>
</title>
<meta http-equiv="Content-Type" content="text/html;charset=utf-8" />
  <meta name='ocr-system' content='tesseract 3.04.00' />
  <meta name='ocr-capabilities' content='ocr_page ocr_carea ocr_par ocr_line ocrx_word'/>
</head>
<body>
  <div class='ocr_page' id='page_1' title='image "./corpusscriptorum07niebuoft_0506.png"; bbox 0 0 1878 3112; ppageno 0'>
   <div class='ocr_carea' id='block_1_1' title="bbox 334 89 1496 158">
    <p class='ocr_par' dir='ltr' id='par_1_1' title="bbox 334 89 1496 158">
     <span class='ocr_line' id='line_1_1' title="bbox 334 89 1496 158; baseline 0.007 -13"><span class='ocrx_word' id='word_1_1' title='bbox 334 89 450 158; x_wconf 71' lang='grc'><strong>440</strong></span> <span class='ocrx_word' id='word_1_2' title='bbox 618 107 973 153; x_wconf 69' lang='grc' dir='ltr'><strong>οοΝεΤΑΝΤιΝῙ</strong></span> <span class='ocrx_word' id='word_1_3' title='bbox 1011 108 1496 153; x_wconf 73' lang='lat' dir='ltr'><strong>PoRPHYRoGEmn</strong></span> 
     </span>
    </p>
   </div>
   <div class='ocr_carea' id='block_1_2' title="bbox 299 206 1833 923">
    <p class='ocr_par' dir='ltr' id='par_1_2' title="bbox 299 206 1833 923">
     <span class='ocr_line' id='line_1_2' title="bbox 334 206 1777 269; baseline 0.003 -17"><span class='ocrx_word' id='word_1_4' title='bbox 334 208 535 253; x_wconf 73' lang='grc' dir='ltr'><strong><em>εῖσελθών</em></strong></span> <span class='ocrx_word' id='word_1_5' title='bbox 562 207 680 253; x_wconf 73' lang='grc' dir='ltr'><strong><em>ἔνδον</em></strong></span> <span class='ocrx_word' id='word_1_6' title='bbox 706 212 782 264; x_wconf 85' lang='grc' dir='ltr'><strong>τῆς</strong></span> <span class='ocrx_word' id='word_1_7' title='bbox 810 209 970 266; x_wconf 76' lang='grc' dir='ltr'><strong><em>ὦραιάς</em></strong></span> <span class='ocrx_word' id='word_1_8' title='bbox 997 209 1127 266; x_wconf 89' lang='grc' dir='ltr'><strong><em>πύλης</em></strong></span> <span class='ocrx_word' id='word_1_9' title='bbox 1155 212 1213 261; x_wconf 70' lang='grc' dir='ltr'><strong>εἷς</strong></span> <span class='ocrx_word' id='word_1_10' title='bbox 1239 210 1285 252; x_wconf 77' lang='grc' dir='ltr'><strong>τὸ</strong></span> <span class='ocrx_word' id='word_1_11' title='bbox 1308 208 1577 268; x_wconf 77' lang='grc' dir='ltr'><strong><em>μητατώριον</em></strong></span> <span class='ocrx_word' id='word_1_12' title='bbox 1603 206 1777 269; x_wconf 73' lang='grc' dir='ltr'><strong><em>ἤλλαξεν</em></strong></span> 
     </span>
     <span class='ocr_line' id='line_1_3' title="bbox 338 272 1778 332; baseline 0.002 -15"><span class='ocrx_word' id='word_1_13' title='bbox 338 272 384 317; x_wconf 77' lang='grc' dir='ltr'><strong>τὸ</strong></span> <span class='ocrx_word' id='word_1_14' title='bbox 411 274 656 328; x_wconf 85' lang='grc' dir='ltr'><strong><em>τζιτζάκιον,</em></strong></span> <span class='ocrx_word' id='word_1_15' title='bbox 686 274 758 316; x_wconf 83' lang='grc' dir='ltr'><em>καί</em></span> <span class='ocrx_word' id='word_1_16' title='bbox 785 275 979 330; x_wconf 75' lang='grc' dir='ltr'><strong><em>εἰσῆλθεν</em></strong></span> <span class='ocrx_word' id='word_1_17' title='bbox 1006 276 1051 317; x_wconf 79' lang='grc' dir='ltr'><strong>ἒν</strong></span> <span class='ocrx_word' id='word_1_18' title='bbox 1078 277 1136 332; x_wconf 80' lang='grc' dir='ltr'><strong>τῷ</strong></span> <span class='ocrx_word' id='word_1_19' title='bbox 1162 276 1340 331; x_wconf 78' lang='grc' dir='ltr'><em>νάρθηκι</em></span> <span class='ocrx_word' id='word_1_20' title='bbox 1367 275 1440 318; x_wconf 76' lang='grc' dir='ltr'><strong>καὶ</strong></span> <span class='ocrx_word' id='word_1_21' title='bbox 1463 277 1523 326; x_wconf 86' lang='grc' dir='ltr'><strong>εἷς</strong></span> <span class='ocrx_word' id='word_1_22' title='bbox 1549 275 1627 327; x_wconf 82' lang='grc' dir='ltr'><strong>τὰς</strong></span> <span class='ocrx_word' id='word_1_23' title='bbox 1654 281 1778 332; x_wconf 76' lang='grc' dir='ltr'><strong><em>βασι-</em></strong></span> 
     </span>
     <span class='ocr_line' id='line_1_4' title="bbox 337 338 1776 398; baseline 0.001 -16"><span class='ocrx_word' id='word_1_24' title='bbox 337 338 460 388; x_wconf 81' lang='grc' dir='ltr'><strong><em>λικάς</em></strong></span> <span class='ocrx_word' id='word_1_25' title='bbox 484 339 670 394; x_wconf 78' lang='grc' dir='ltr'><em>μεγάλας</em></span> <span class='ocrx_word' id='word_1_26' title='bbox 709 341 843 389; x_wconf 85' lang='grc' dir='ltr'><strong><em>πύλας</em></strong></span> <span class='ocrx_word' id='word_1_27' title='bbox 879 338 1021 395; x_wconf 79' lang='grc' dir='ltr'><strong><em>λαβών</em></strong></span> <span class='ocrx_word' id='word_1_28' title='bbox 1056 340 1212 397; x_wconf 82' lang='grc' dir='ltr'><strong><em>φατλία</em></strong></span> <span class='ocrx_word' id='word_1_29' title='bbox 1241 341 1355 397; x_wconf 78' lang='grc' dir='ltr'><strong><em>παρὰ</em></strong></span> <span class='ocrx_word' id='word_1_30' title='bbox 1384 343 1461 383; x_wconf 83' lang='grc' dir='ltr'><strong>τοῦ</strong></span> <span class='ocrx_word' id='word_1_31' title='bbox 1498 344 1776 398; x_wconf 82' lang='grc' dir='ltr'><strong><em>πραιποσίτου</em></strong></span> 
     </span>
     <span class='ocr_line' id='line_1_5' title="bbox 339 404 1777 462; baseline 0.002 -15"><span class='ocrx_word' id='word_1_32' title='bbox 339 404 529 460; x_wconf 72' lang='grc' dir='ltr'><strong><em>ἐποίησεν</em></strong></span> <span class='ocrx_word' id='word_1_33' title='bbox 575 404 873 462; x_wconf 81' lang='grc' dir='ltr'><strong><em>προσκύνησιν,</em></strong></span> <span class='ocrx_word' id='word_1_34' title='bbox 923 404 998 448; x_wconf 81' lang='grc' dir='ltr'>καί</span> <span class='ocrx_word' id='word_1_35' title='bbox 1032 406 1364 456; x_wconf 76' lang='grc' dir='ltr'><strong><em>ἄποσκεπασθείς</em></strong></span> <span class='ocrx_word' id='word_1_36' title='bbox 1403 406 1638 449; x_wconf 84' lang='grc' dir='ltr'><strong><em>εἶσόδευσεν</em></strong></span> <span class='ocrx_word' id='word_1_37' title='bbox 1673 406 1777 461; x_wconf 76' lang='grc' dir='ltr'><strong><em>μετὰ</em></strong></span> 
     </span>
     <span class='ocr_line' id='line_1_6' title="bbox 336 469 1804 527; baseline 0.003 -16"><span class='ocrx_word' id='word_1_38' title='bbox 336 472 414 512; x_wconf 77' lang='grc' dir='ltr'><strong>τοῦ</strong></span> <span class='ocrx_word' id='word_1_39' title='bbox 442 469 706 527; x_wconf 81' lang='grc' dir='ltr'><em>πατριάρχου</em></span> <span class='ocrx_word' id='word_1_40' title='bbox 738 469 807 512; x_wconf 80' lang='grc' dir='ltr'><strong>διὰ</strong></span> <span class='ocrx_word' id='word_1_41' title='bbox 835 472 967 524; x_wconf 80' lang='grc' dir='ltr'><strong><em>μέσου</em></strong></span> <span class='ocrx_word' id='word_1_42' title='bbox 1006 472 1080 514; x_wconf 81' lang='grc' dir='ltr'><strong>τοῦ</strong></span> <span class='ocrx_word' id='word_1_43' title='bbox 1107 473 1211 513; x_wconf 77' lang='grc' dir='ltr'><strong><em>ναοῦ</em></strong></span> <span class='ocrx_word' id='word_1_44' title='bbox 1238 473 1309 514; x_wconf 80' lang='grc' dir='ltr'><em>καί</em></span> <span class='ocrx_word' id='word_1_45' title='bbox 1334 470 1406 514; x_wconf 82' lang='grc' dir='ltr'><strong>διά</strong></span> <span class='ocrx_word' id='word_1_46' title='bbox 1435 474 1510 527; x_wconf 85' lang='grc' dir='ltr'><strong>τῆς</strong></span> <span class='ocrx_word' id='word_1_47' title='bbox 1538 473 1676 523; x_wconf 77' lang='grc' dir='ltr'><strong><em>δεξιᾶς</em></strong></span> <span class='ocrx_word' id='word_1_48' title='bbox 1699 472 1804 515; x_wconf 75' lang='grc' dir='ltr'><strong>τοῦὄ</strong></span> 
     </span>
     <span class='ocr_line' id='line_1_7' title="bbox 341 530 1786 594; baseline 0.003 -17"><span class='ocrx_word' id='word_1_49' title='bbox 341 530 534 589; x_wconf 72' lang='grc' dir='ltr'><strong><em>ἅμβωνος</em></strong></span> <span class='ocrx_word' id='word_1_50' title='bbox 561 538 633 578; x_wconf 81' lang='grc' dir='ltr'><em>καί</em></span> <span class='ocrx_word' id='word_1_51' title='bbox 657 538 729 592; x_wconf 79' lang='grc' dir='ltr'><strong>τῆς</strong></span> <span class='ocrx_word' id='word_1_52' title='bbox 757 537 943 586; x_wconf 80' lang='grc' dir='ltr'><strong><em>σωλαίας</em></strong></span> <span class='ocrx_word' id='word_1_53' title='bbox 971 534 1108 580; x_wconf 78' lang='grc' dir='ltr'><strong><em>ἐλθών</em></strong></span> <span class='ocrx_word' id='word_1_54' title='bbox 1149 538 1210 587; x_wconf 86' lang='grc' dir='ltr'><strong>εἷς</strong></span> <span class='ocrx_word' id='word_1_55' title='bbox 1235 535 1288 579; x_wconf 84' lang='grc' dir='ltr'><strong>τὰ</strong></span> <span class='ocrx_word' id='word_1_56' title='bbox 1328 534 1426 592; x_wconf 76' lang='grc' dir='ltr'><strong><em>ἅγια</em></strong></span> <span class='ocrx_word' id='word_1_57' title='bbox 1453 535 1615 594; x_wconf 79' lang='grc' dir='ltr'><strong><em>θύρια,</em></strong></span> <span class='ocrx_word' id='word_1_58' title='bbox 1663 533 1786 581; x_wconf 78' lang='grc' dir='ltr'><strong>κᾶκεῖ</strong></span> 
     </span>
     <span class='ocr_line' id='line_1_8' title="bbox 337 601 1778 659; baseline 0.001 -16"><span class='ocrx_word' id='word_1_59' title='bbox 337 601 478 655; x_wconf 82' lang='grc' dir='ltr'><strong><em>λαβών</em></strong></span> <span class='ocrx_word' id='word_1_60' title='bbox 505 604 664 658; x_wconf 81' lang='grc' dir='ltr'><strong><em>φατλία</em></strong></span> <span class='ocrx_word' id='word_1_61' title='bbox 692 601 806 658; x_wconf 78' lang='grc' dir='ltr'><strong><em>παρά</em></strong></span> <span class='ocrx_word' id='word_1_62' title='bbox 836 604 913 644; x_wconf 79' lang='grc' dir='ltr'><strong>τοῦ</strong></span> <span class='ocrx_word' id='word_1_63' title='bbox 939 602 1238 659; x_wconf 77' lang='grc' dir='ltr'><strong><em>πραιποσίτου,</em></strong></span> <span class='ocrx_word' id='word_1_64' title='bbox 1267 602 1457 658; x_wconf 76' lang='grc' dir='ltr'><strong><em>ἐποίησεν</em></strong></span> <span class='ocrx_word' id='word_1_65' title='bbox 1484 602 1778 659; x_wconf 77' lang='grc' dir='ltr'><strong><em>προσκύνησιν,</em></strong></span> 
     </span>
     <span class='ocr_line' id='line_1_9' title="bbox 338 664 1779 724; baseline 0 -16"><span class='ocrx_word' id='word_1_66' title='bbox 338 664 414 708; x_wconf 81' lang='grc' dir='ltr'><em>καί</em></span> <span class='ocrx_word' id='word_1_67' title='bbox 438 667 642 723; x_wconf 76' lang='grc' dir='ltr'><strong><em>στραφείς</em></strong></span> <span class='ocrx_word' id='word_1_68' title='bbox 669 665 759 721; x_wconf 75' lang='grc' dir='ltr'><strong>ἅμα</strong></span> <span class='ocrx_word' id='word_1_69' title='bbox 788 669 867 709; x_wconf 80' lang='grc' dir='ltr'><strong>τοῦ</strong></span> <span class='ocrx_word' id='word_1_70' title='bbox 894 667 1163 724; x_wconf 81' lang='grc' dir='ltr'><strong><em>πατριάρχου</em></strong></span> <span class='ocrx_word' id='word_1_71' title='bbox 1193 668 1372 724; x_wconf 74' lang='grc' dir='ltr'><strong><em>ἀνῆλθεν</em></strong></span> <span class='ocrx_word' id='word_1_72' title='bbox 1398 664 1478 710; x_wconf 63' lang='lat' dir='ltr'><strong>timi</strong></span> <span class='ocrx_word' id='word_1_73' title='bbox 1507 669 1590 710; x_wconf 74' lang='grc' dir='ltr'><strong>τῶν</strong></span> <span class='ocrx_word' id='word_1_74' title='bbox 1623 666 1779 724; x_wconf 77' lang='grc' dir='ltr'><strong><em>ἔμπρο-</em></strong></span> 
     </span>
     <span class='ocr_line' id='line_1_10' title="bbox 341 728 1777 788; baseline 0.001 -15"><span class='ocrx_word' id='word_1_75' title='bbox 341 734 446 773; x_wconf 74' lang='grc' dir='ltr'><strong><em>σθεν</em></strong></span> <span class='ocrx_word' id='word_1_76' title='bbox 474 733 549 774; x_wconf 80' lang='grc' dir='ltr'><strong>τοῦ</strong></span> <span class='ocrx_word' id='word_1_77' title='bbox 577 731 765 787; x_wconf 85' lang='grc' dir='ltr'><strong><em>βήματος</em></strong></span> <span class='ocrx_word' id='word_1_78' title='bbox 792 734 852 783; x_wconf 84' lang='grc' dir='ltr'><strong>εἷς</strong></span> <span class='ocrx_word' id='word_1_79' title='bbox 877 732 945 777; x_wconf 87' lang='grc' dir='ltr'><strong>τὸν</strong></span> <span class='ocrx_word' id='word_1_80' title='bbox 985 728 1184 788; x_wconf 69' lang='grc' dir='ltr'><strong><em>ἄμβωνα,</em></strong></span> <span class='ocrx_word' id='word_1_81' title='bbox 1231 732 1304 775; x_wconf 80' lang='grc' dir='ltr'><em>καί</em></span> <span class='ocrx_word' id='word_1_82' title='bbox 1339 732 1516 788; x_wconf 85' lang='grc' dir='ltr'><strong><em>ποιήσας</em></strong></span> <span class='ocrx_word' id='word_1_83' title='bbox 1541 733 1618 788; x_wconf 82' lang='grc' dir='ltr'><strong>τὴν</strong></span> <span class='ocrx_word' id='word_1_84' title='bbox 1644 731 1777 787; x_wconf 77' lang='grc' dir='ltr'><strong><em>εὐχὴν</em></strong></span> 
     </span>
     <span class='ocr_line' id='line_1_11' title="bbox 340 793 1833 854; baseline 0.001 -16"><span class='ocrx_word' id='word_1_85' title='bbox 340 793 363 838; x_wconf 84' lang='grc' dir='ltr'><strong>ὅ</strong></span> <span class='ocrx_word' id='word_1_86' title='bbox 389 796 654 853; x_wconf 87' lang='grc' dir='ltr'><strong><em>πατριάρχης</em></strong></span> <span class='ocrx_word' id='word_1_87' title='bbox 683 797 755 840; x_wconf 77' lang='grc' dir='ltr'><strong>ἐπὶ</strong></span> <span class='ocrx_word' id='word_1_88' title='bbox 794 800 868 854; x_wconf 82' lang='grc' dir='ltr'><strong>τῆς</strong></span> <span class='ocrx_word' id='word_1_89' title='bbox 903 799 1120 853; x_wconf 80' lang='grc' dir='ltr'><strong><em>χλαμύδος</em></strong></span> <span class='ocrx_word' id='word_1_90' title='bbox 1156 800 1230 846; x_wconf 83' lang='grc' dir='ltr'>καί</span> <span class='ocrx_word' id='word_1_91' title='bbox 1254 797 1422 847; x_wconf 77' lang='grc' dir='ltr'><strong><em>ἐπιδούς</em></strong></span> <span class='ocrx_word' id='word_1_92' title='bbox 1460 804 1544 847; x_wconf 85' lang='grc' dir='ltr'><strong><em>τοῖς</em></strong></span> <span class='ocrx_word' id='word_1_93' title='bbox 1569 800 1645 841; x_wconf 73' lang='grc' dir='ltr'><strong>τοῦ</strong></span> <span class='ocrx_word' id='word_1_94' title='bbox 1680 811 1833 841; x_wconf 79' lang='grc' dir='ltr'><strong><em>κου-ιο</em></strong></span> 
     </span>
     <span class='ocr_line' id='line_1_12' title="bbox 299 861 1541 923; baseline 0.005 -23"><span class='ocrx_word' id='word_1_95' title='bbox 299 861 568 917; x_wconf 76' lang='grc' dir='ltr'><strong><em>Ββουκλείου,</em></strong></span> <span class='ocrx_word' id='word_1_96' title='bbox 597 863 798 908; x_wconf 77' lang='grc' dir='ltr'><strong><em>ἐνέδυσαν</em></strong></span> <span class='ocrx_word' id='word_1_97' title='bbox 826 863 960 921; x_wconf 76' lang='grc' dir='ltr'><strong><em>αὐτὴν</em></strong></span> <span class='ocrx_word' id='word_1_98' title='bbox 986 866 1046 923; x_wconf 76' lang='grc' dir='ltr'><strong>τῷ</strong></span> <span class='ocrx_word' id='word_1_99' title='bbox 1072 868 1267 919; x_wconf 81' lang='grc' dir='ltr'><strong><em>βασιλεῖ’·</em></strong></span> <span class='ocrx_word' id='word_1_100' title='bbox 1297 862 1541 918; x_wconf 62' lang='grc' dir='ltr'><strong><em>ὅμοι’ωςΗ*</em></strong></span> 
     </span>
    </p>
   </div>
   <div class='ocr_carea' id='block_1_3' title="bbox 540 975 1590 1113">
    <p class='ocr_par' dir='ltr' id='par_1_3' title="bbox 540 975 1590 1113">
     <span class='ocr_line' id='line_1_13' title="bbox 935 975 1186 1026; baseline -0.004 -9"><span class='ocrx_word' id='word_1_101' title='bbox 935 976 1073 1023; x_wconf 81' lang='grc' dir='ltr'><strong><em>ΚΕΦ.</em></strong></span> <span class='ocrx_word' id='word_1_102' title='bbox 1103 975 1163 1026; x_wconf 60' lang='lat' dir='ltr'><strong>GC</strong></span> <span class='ocrx_word' id='word_1_103' title='bbox 1172 1003 1186 1016; x_wconf 85' lang='lat'><strong><em>.</em></strong></span> 
     </span>
     <span class='ocr_line' id='line_1_14' title="bbox 540 1062 1590 1113; baseline -0.001 -14"><span class='ocrx_word' id='word_1_104' title='bbox 540 1063 624 1099; x_wconf 76' lang='grc' dir='ltr'><strong>Ἐπὶ</strong></span> <span class='ocrx_word' id='word_1_105' title='bbox 646 1065 860 1113; x_wconf 78' lang='grc' dir='ltr'><strong><em>προαγωγῇ</em></strong></span> <span class='ocrx_word' id='word_1_106' title='bbox 882 1062 1073 1111; x_wconf 79' lang='grc' dir='ltr'><strong><em>προέδρου</em></strong></span> <span class='ocrx_word' id='word_1_107' title='bbox 1097 1063 1162 1109; x_wconf 74' lang='grc' dir='ltr'><strong>τῆς</strong></span> <span class='ocrx_word' id='word_1_108' title='bbox 1185 1063 1336 1108; x_wconf 69' lang='grc' dir='ltr'><strong>ἁπάσης</strong></span> <span class='ocrx_word' id='word_1_109' title='bbox 1363 1062 1590 1111; x_wconf 74' lang='grc' dir='ltr'><strong><em>συγκλήτου.</em></strong></span> 
     </span>
    </p>
   </div>
   <div class='ocr_carea' id='block_1_4' title="bbox 151 1150 1832 1725">
    <p class='ocr_par' dir='ltr' id='par_1_4' title="bbox 151 1150 1830 1534">
     <span class='ocr_line' id='line_1_15' title="bbox 151 1150 1776 1214; baseline -0.002 -15"><span class='ocrx_word' id='word_1_110' title='bbox 151 1164 334 1214; x_wconf 51' lang='lat' dir='ltr'><strong>Maipa</strong></span> <span class='ocrx_word' id='word_1_111' title='bbox 443 1153 505 1198; x_wconf 88' lang='lat' dir='ltr'><strong>‘H</strong></span> <span class='ocrx_word' id='word_1_112' title='bbox 524 1154 599 1196; x_wconf 80' lang='grc' dir='ltr'><strong>τοῦ</strong></span> <span class='ocrx_word' id='word_1_113' title='bbox 626 1154 830 1209; x_wconf 76' lang='grc' dir='ltr'><strong><em>προέδρου</em></strong></span> <span class='ocrx_word' id='word_1_114' title='bbox 852 1155 927 1207; x_wconf 82' lang='grc' dir='ltr'><strong>τῆς</strong></span> <span class='ocrx_word' id='word_1_115' title='bbox 954 1152 1186 1207; x_wconf 81' lang='grc' dir='ltr'><strong><em>συγκλήτου</em></strong></span> <span class='ocrx_word' id='word_1_116' title='bbox 1215 1153 1313 1204; x_wconf 82' lang='grc' dir='ltr'><strong><em>οἷξιόι</em></strong></span> <span class='ocrx_word' id='word_1_117' title='bbox 1340 1150 1433 1194; x_wconf 83' lang='grc' dir='ltr'><strong><em>τόδε</em></strong></span> <span class='ocrx_word' id='word_1_118' title='bbox 1453 1156 1649 1209; x_wconf 79' lang='grc' dir='ltr'><strong><em>βραβεῖον</em></strong></span> <span class='ocrx_word' id='word_1_119' title='bbox 1668 1151 1776 1207; x_wconf 75' lang='grc' dir='ltr'><strong><em>ἔχει·</em></strong></span> 
     </span>
     <span class='ocr_line' id='line_1_16' title="bbox 340 1217 1830 1277; baseline -0.003 -14"><span class='ocrx_word' id='word_1_120' title='bbox 340 1218 554 1277; x_wconf 84' lang='grc' dir='ltr'><strong><em>διρόδινον</em></strong></span> <span class='ocrx_word' id='word_1_121' title='bbox 581 1221 738 1273; x_wconf 77' lang='grc' dir='ltr'><strong><em>χιτῶνα</em></strong></span> <span class='ocrx_word' id='word_1_122' title='bbox 766 1217 839 1260; x_wconf 79' lang='grc' dir='ltr'><em>καί</em></span> <span class='ocrx_word' id='word_1_123' title='bbox 857 1217 1118 1274; x_wconf 80' lang='grc' dir='ltr'><strong><em>χρυσόθετον</em></strong></span> <span class='ocrx_word' id='word_1_124' title='bbox 1145 1217 1218 1259; x_wconf 82' lang='grc' dir='ltr'>καί</span> <span class='ocrx_word' id='word_1_125' title='bbox 1245 1219 1377 1272; x_wconf 81' lang='grc' dir='ltr'><strong><em>ζώνην</em></strong></span> <span class='ocrx_word' id='word_1_126' title='bbox 1407 1217 1595 1260; x_wconf 75' lang='grc' dir='ltr'><strong><em>διάλιθον</em></strong></span> <span class='ocrx_word' id='word_1_127' title='bbox 1623 1218 1830 1274; x_wconf 82' lang='grc' dir='ltr'><strong><em>ἅλουρ-ι5</em></strong></span> 
     </span>
     <span class='ocr_line' id='line_1_17' title="bbox 337 1275 1782 1343; baseline -0.001 -16"><span class='ocrx_word' id='word_1_128' title='bbox 337 1288 404 1343; x_wconf 83' lang='grc' dir='ltr'><strong>γῆ,</strong></span> <span class='ocrx_word' id='word_1_129' title='bbox 434 1283 632 1339; x_wconf 79' lang='grc' dir='ltr'><strong><em>χλαμύδα</em></strong></span> <span class='ocrx_word' id='word_1_130' title='bbox 660 1283 874 1327; x_wconf 80' lang='grc' dir='ltr'><strong><em>διάλευκον</em></strong></span> <span class='ocrx_word' id='word_1_131' title='bbox 900 1275 1244 1339; x_wconf 66' lang='grc' dir='ltr'><strong><em>περιορνευμένην</em></strong></span> <span class='ocrx_word' id='word_1_132' title='bbox 1271 1284 1317 1324; x_wconf 76' lang='grc' dir='ltr'><strong>ἐκ</strong></span> <span class='ocrx_word' id='word_1_133' title='bbox 1345 1285 1683 1339; x_wconf 77' lang='grc' dir='ltr'><strong><em>διαχρυσοθέτων</em></strong></span> <span class='ocrx_word' id='word_1_134' title='bbox 1708 1283 1782 1326; x_wconf 80' lang='grc' dir='ltr'><strong>καὶ</strong></span> 
     </span>
     <span class='ocr_line' id='line_1_18' title="bbox 339 1347 1778 1405; baseline -0.002 -11"><span class='ocrx_word' id='word_1_135' title='bbox 339 1349 523 1405; x_wconf 75' lang='grc' dir='ltr'><strong><em>ταβλίων</em></strong></span> <span class='ocrx_word' id='word_1_136' title='bbox 552 1347 629 1391; x_wconf 85' lang='grc' dir='ltr'><strong>δύο</strong></span> <span class='ocrx_word' id='word_1_137' title='bbox 671 1347 974 1404; x_wconf 81' lang='grc' dir='ltr'><strong><em>χρυσοπάστων</em></strong></span> <span class='ocrx_word' id='word_1_138' title='bbox 1007 1350 1080 1390; x_wconf 75' lang='grc' dir='ltr'><strong>καὶ</strong></span> <span class='ocrx_word' id='word_1_139' title='bbox 1118 1347 1409 1404; x_wconf 85' lang='grc' dir='ltr'><strong><em>κισσοφύλλων</em></strong></span> <span class='ocrx_word' id='word_1_140' title='bbox 1433 1351 1606 1405; x_wconf 77' lang='grc' dir='ltr'><strong><em>μικρῶν.</em></strong></span> <span class='ocrx_word' id='word_1_141' title='bbox 1661 1348 1778 1404; x_wconf 75' lang='grc' dir='ltr'><strong><em>παρὰ</em></strong></span> 
     </span>
     <span class='ocr_line' id='line_1_19' title="bbox 339 1414 1778 1471; baseline -0.002 -12"><span class='ocrx_word' id='word_1_142' title='bbox 339 1418 418 1460; x_wconf 77' lang='grc' dir='ltr'><strong>τοῦ</strong></span> <span class='ocrx_word' id='word_1_143' title='bbox 443 1415 648 1469; x_wconf 78' lang='grc' dir='ltr'><strong><em>βασιλέως</em></strong></span> <span class='ocrx_word' id='word_1_144' title='bbox 689 1415 874 1456; x_wconf 80' lang='grc' dir='ltr'><strong><em>δίδονται</em></strong></span> <span class='ocrx_word' id='word_1_145' title='bbox 912 1416 957 1456; x_wconf 78' lang='grc' dir='ltr'><strong>ἐν</strong></span> <span class='ocrx_word' id='word_1_146' title='bbox 992 1414 1051 1471; x_wconf 77' lang='grc' dir='ltr'><strong>τῷ</strong></span> <span class='ocrx_word' id='word_1_147' title='bbox 1084 1415 1412 1471; x_wconf 77' lang='grc' dir='ltr'><strong><em>χρυσοτρικλίνῳ</em></strong></span> <span class='ocrx_word' id='word_1_148' title='bbox 1448 1415 1509 1471; x_wconf 72' lang='grc' dir='ltr'><strong>τῷ</strong></span> <span class='ocrx_word' id='word_1_149' title='bbox 1546 1415 1778 1471; x_wconf 79' lang='grc' dir='ltr'><strong><em>τιμωμένῳ,</em></strong></span> 
     </span>
     <span class='ocr_line' id='line_1_20' title="bbox 341 1477 1779 1534; baseline -0.003 -10"><span class='ocrx_word' id='word_1_150' title='bbox 341 1477 373 1524; x_wconf 71' lang='grc' dir='ltr'>ἅ</span> <span class='ocrx_word' id='word_1_151' title='bbox 410 1482 483 1523; x_wconf 85' lang='grc' dir='ltr'><em>καί</em></span> <span class='ocrx_word' id='word_1_152' title='bbox 520 1479 662 1534; x_wconf 79' lang='grc' dir='ltr'><strong><em>λαβών</em></strong></span> <span class='ocrx_word' id='word_1_153' title='bbox 701 1483 843 1522; x_wconf 80' lang='grc' dir='ltr'><strong><em>πίπτει</em></strong></span> <span class='ocrx_word' id='word_1_154' title='bbox 871 1478 943 1520; x_wconf 77' lang='grc' dir='ltr'><strong>καὶ</strong></span> <span class='ocrx_word' id='word_1_155' title='bbox 969 1479 1282 1531; x_wconf 84' lang='grc' dir='ltr'><strong><em>κατασπάζεται</em></strong></span> <span class='ocrx_word' id='word_1_156' title='bbox 1308 1478 1408 1528; x_wconf 79' lang='grc' dir='ltr'><strong><em>τούς</em></strong></span> <span class='ocrx_word' id='word_1_157' title='bbox 1433 1479 1675 1534; x_wconf 78' lang='grc' dir='ltr'><strong><em>βασιλικούς</em></strong></span> <span class='ocrx_word' id='word_1_158' title='bbox 1701 1478 1779 1521; x_wconf 88' lang='grc' dir='ltr'><strong>πό-</strong></span> 
     </span>
    </p>

    <p class='ocr_par' dir='ltr' id='par_1_5' title="bbox 301 1540 1832 1725">
     <span class='ocr_line' id='line_1_21' title="bbox 301 1540 1832 1603; baseline 0 -15"><span class='ocrx_word' id='word_1_159' title='bbox 301 1547 422 1596; x_wconf 75' lang='grc' dir='ltr'><strong><em>ῦδας</em></strong></span> <span class='ocrx_word' id='word_1_160' title='bbox 459 1544 531 1587; x_wconf 81' lang='grc' dir='ltr'><em>καί</em></span> <span class='ocrx_word' id='word_1_161' title='bbox 564 1543 614 1588; x_wconf 80' lang='grc' dir='ltr'><strong>τὰ</strong></span> <span class='ocrx_word' id='word_1_162' title='bbox 652 1544 830 1599; x_wconf 87' lang='grc' dir='ltr'><strong><em>γόνατα,</em></strong></span> <span class='ocrx_word' id='word_1_163' title='bbox 869 1542 943 1586; x_wconf 79' lang='grc' dir='ltr'><strong>καὶ</strong></span> <span class='ocrx_word' id='word_1_164' title='bbox 970 1541 1240 1597; x_wconf 73' lang='grc' dir='ltr'><strong><em>ἀνιστάμενος</em></strong></span> <span class='ocrx_word' id='word_1_165' title='bbox 1283 1540 1511 1600; x_wconf 72' lang='grc' dir='ltr'><strong><em>ἀπέρχεται</em></strong></span> <span class='ocrx_word' id='word_1_166' title='bbox 1537 1546 1582 1587; x_wconf 77' lang='grc' dir='ltr'><strong>ἐν</strong></span> <span class='ocrx_word' id='word_1_167' title='bbox 1607 1546 1665 1603; x_wconf 75' lang='grc' dir='ltr'><strong>τῷ</strong></span> <span class='ocrx_word' id='word_1_168' title='bbox 1691 1545 1832 1602; x_wconf 55' lang='lat' dir='ltr'><strong>vargina</strong></span> 
     </span>
     <span class='ocr_line' id='line_1_22' title="bbox 343 1608 1779 1668; baseline -0.001 -15"><span class='ocrx_word' id='word_1_169' title='bbox 343 1609 420 1654; x_wconf 75' lang='grc' dir='ltr'><strong>τοῦ</strong></span> <span class='ocrx_word' id='word_1_170' title='bbox 447 1610 568 1665; x_wconf 76' lang='grc' dir='ltr'><strong><em>ἁγίου</em></strong></span> <span class='ocrx_word' id='word_1_171' title='bbox 600 1609 821 1667; x_wconf 78' lang='grc' dir='ltr'><strong><em>Θεοδώρου</em></strong></span> <span class='ocrx_word' id='word_1_172' title='bbox 849 1611 893 1652; x_wconf 79' lang='grc' dir='ltr'><strong>ἐν</strong></span> <span class='ocrx_word' id='word_1_173' title='bbox 921 1610 1035 1667; x_wconf 75' lang='grc' dir='ltr'><strong><em>αύτῷ</em></strong></span> <span class='ocrx_word' id='word_1_174' title='bbox 1060 1611 1120 1668; x_wconf 69' lang='grc' dir='ltr'><strong>τῷ</strong></span> <span class='ocrx_word' id='word_1_175' title='bbox 1143 1613 1496 1668; x_wconf 80' lang='grc' dir='ltr'><strong><em>χρυσοτρικλίνῳ,</em></strong></span> <span class='ocrx_word' id='word_1_176' title='bbox 1535 1608 1609 1652; x_wconf 80' lang='grc' dir='ltr'><strong>καὶ</strong></span> <span class='ocrx_word' id='word_1_177' title='bbox 1639 1608 1779 1652; x_wconf 76' lang='grc' dir='ltr'><strong><em>ἐνδύε-</em></strong></span> 
     </span>
     <span class='ocr_line' id='line_1_23' title="bbox 441 1687 1187 1725; baseline -0.001 0"><span class='ocrx_word' id='word_1_178' title='bbox 441 1701 493 1725; x_wconf 79' lang='grc' dir='ltr'><strong>ιι.</strong></span> <span class='ocrx_word' id='word_1_179' title='bbox 517 1690 632 1723; x_wconf 81' lang='lat' dir='ltr'><strong>Deest</strong></span> <span class='ocrx_word' id='word_1_180' title='bbox 652 1688 688 1721; x_wconf 85' lang='lat' dir='ltr'><strong>h.</strong></span> <span class='ocrx_word' id='word_1_181' title='bbox 714 1688 740 1722; x_wconf 91' lang='lat' dir='ltr'><strong>l.</strong></span> <span class='ocrx_word' id='word_1_182' title='bbox 766 1687 883 1722; x_wconf 86' lang='lat' dir='ltr'><strong>codici</strong></span> <span class='ocrx_word' id='word_1_183' title='bbox 905 1698 1019 1722; x_wconf 88' lang='lat' dir='ltr'><strong>unum</strong></span> <span class='ocrx_word' id='word_1_184' title='bbox 1045 1687 1187 1724; x_wconf 80' lang='lat' dir='ltr'><strong>folium.</strong></span> 
     </span>
    </p>
   </div>
   <div class='ocr_carea' id='block_1_5' title="bbox 342 1755 1781 2218">
    <p class='ocr_par' dir='ltr' id='par_1_6' title="bbox 342 1755 1781 2218">
     <span class='ocr_line' id='line_1_24' title="bbox 344 1755 1777 1804; baseline -0.003 -12"><span class='ocrx_word' id='word_1_185' title='bbox 344 1762 534 1804; x_wconf 85' lang='lat' dir='ltr'><strong>sumtoque</strong></span> <span class='ocrx_word' id='word_1_186' title='bbox 559 1757 614 1791; x_wconf 88' lang='lat' dir='ltr'><strong>ibi</strong></span> <span class='ocrx_word' id='word_1_187' title='bbox 637 1757 823 1798; x_wconf 84' lang='lat' dir='ltr'><strong>tzitzacio,</strong></span> <span class='ocrx_word' id='word_1_188' title='bbox 857 1755 1126 1802; x_wconf 83' lang='lat' dir='ltr'><strong>ingrediebatur</strong></span> <span class='ocrx_word' id='word_1_189' title='bbox 1149 1756 1373 1800; x_wconf 81' lang='lat' dir='ltr'><strong>narthecem3</strong></span> <span class='ocrx_word' id='word_1_190' title='bbox 1405 1761 1442 1790; x_wconf 86' lang='lat' dir='ltr'><strong>et</strong></span> <span class='ocrx_word' id='word_1_191' title='bbox 1465 1757 1505 1793; x_wconf 81' lang='lat' dir='ltr'><strong>in</strong></span> <span class='ocrx_word' id='word_1_192' title='bbox 1527 1766 1654 1800; x_wconf 86' lang='lat' dir='ltr'><strong>magna</strong></span> <span class='ocrx_word' id='word_1_193' title='bbox 1679 1755 1777 1800; x_wconf 77' lang='lat' dir='ltr'><strong>regia</strong></span> 
     </span>
     <span class='ocr_line' id='line_1_25' title="bbox 342 1801 1779 1851; baseline -0.003 -12"><span class='ocrx_word' id='word_1_194' title='bbox 342 1811 448 1851; x_wconf 84' lang='lat' dir='ltr'><strong>porta</strong></span> <span class='ocrx_word' id='word_1_195' title='bbox 488 1806 612 1837; x_wconf 87' lang='lat' dir='ltr'><strong>sumtis</strong></span> <span class='ocrx_word' id='word_1_196' title='bbox 637 1803 753 1837; x_wconf 89' lang='lat' dir='ltr'><strong>taedis</strong></span> <span class='ocrx_word' id='word_1_197' title='bbox 782 1808 845 1836; x_wconf 86' lang='lat' dir='ltr'><strong>aut</strong></span> <span class='ocrx_word' id='word_1_198' title='bbox 871 1804 983 1836; x_wconf 89' lang='lat' dir='ltr'><strong>cereis</strong></span> <span class='ocrx_word' id='word_1_199' title='bbox 1022 1814 1043 1836; x_wconf 88' lang='lat' dir='ltr'><strong>a</strong></span> <span class='ocrx_word' id='word_1_200' title='bbox 1066 1804 1272 1848; x_wconf 85' lang='lat' dir='ltr'><strong>praeposito</strong></span> <span class='ocrx_word' id='word_1_201' title='bbox 1302 1803 1498 1848; x_wconf 83' lang='lat' dir='ltr'><strong>porrectis,</strong></span> <span class='ocrx_word' id='word_1_202' title='bbox 1531 1801 1779 1836; x_wconf 88' lang='lat' dir='ltr'><strong>adorationem</strong></span> 
     </span>
     <span class='ocr_line' id='line_1_26' title="bbox 343 1848 1778 1898; baseline -0.003 -13"><span class='ocrx_word' id='word_1_203' title='bbox 343 1851 568 1898; x_wconf 84' lang='lat' dir='ltr'><strong>perficiebat,</strong></span> <span class='ocrx_word' id='word_1_204' title='bbox 595 1849 832 1895; x_wconf 87' lang='lat' dir='ltr'><strong>depositaque</strong></span> <span class='ocrx_word' id='word_1_205' title='bbox 859 1850 988 1890; x_wconf 84' lang='lat' dir='ltr'><strong>infula,</strong></span> <span class='ocrx_word' id='word_1_206' title='bbox 1013 1849 1190 1883; x_wconf 82' lang='lat' dir='ltr'>introibat</span> <span class='ocrx_word' id='word_1_207' title='bbox 1213 1850 1252 1883; x_wconf 89' lang='lat' dir='ltr'><strong>in</strong></span> <span class='ocrx_word' id='word_1_208' title='bbox 1275 1861 1383 1884; x_wconf 87' lang='lat' dir='ltr'><strong>naum</strong></span> <span class='ocrx_word' id='word_1_209' title='bbox 1408 1848 1491 1895; x_wconf 89' lang='lat' dir='ltr'><strong>[seu</strong></span> <span class='ocrx_word' id='word_1_210' title='bbox 1516 1849 1635 1882; x_wconf 84' lang='lat' dir='ltr'>navim</span> <span class='ocrx_word' id='word_1_211' title='bbox 1661 1848 1778 1881; x_wconf 89' lang='lat' dir='ltr'><strong>eccle-</strong></span> 
     </span>
     <span class='ocr_line' id='line_1_27' title="bbox 345 1893 1780 1944; baseline -0.004 -13"><span class='ocrx_word' id='word_1_212' title='bbox 345 1898 466 1944; x_wconf 84' lang='lat' dir='ltr'><strong>siae]‚</strong></span> <span class='ocrx_word' id='word_1_213' title='bbox 505 1897 701 1930; x_wconf 84' lang='lat' dir='ltr'><strong>comitante</strong></span> <span class='ocrx_word' id='word_1_214' title='bbox 726 1895 948 1940; x_wconf 84' lang='lat' dir='ltr'><strong>patriarcha,</strong></span> <span class='ocrx_word' id='word_1_215' title='bbox 972 1906 1195 1942; x_wconf 80' lang='lat' dir='ltr'><strong>pergensque</strong></span> <span class='ocrx_word' id='word_1_216' title='bbox 1219 1907 1285 1940; x_wconf 88' lang='lat' dir='ltr'><strong>per</strong></span> <span class='ocrx_word' id='word_1_217' title='bbox 1309 1907 1390 1929; x_wconf 91' lang='lat' dir='ltr'><strong>eum</strong></span> <span class='ocrx_word' id='word_1_218' title='bbox 1416 1896 1572 1930; x_wconf 89' lang='lat' dir='ltr'><strong>medium</strong></span> <span class='ocrx_word' id='word_1_219' title='bbox 1597 1893 1780 1926; x_wconf 82' lang='lat' dir='ltr'><strong>dextram-</strong></span> 
     </span>
     <span class='ocr_line' id='line_1_28' title="bbox 345 1940 1779 1990; baseline -0.001 -14"><span class='ocrx_word' id='word_1_220' title='bbox 345 1955 416 1990; x_wconf 89' lang='lat' dir='ltr'><strong>que</strong></span> <span class='ocrx_word' id='word_1_221' title='bbox 441 1943 605 1976; x_wconf 86' lang='lat' dir='ltr'><strong>ambonis</strong></span> <span class='ocrx_word' id='word_1_222' title='bbox 630 1947 667 1975; x_wconf 86' lang='lat' dir='ltr'><strong>et</strong></span> <span class='ocrx_word' id='word_1_223' title='bbox 690 1943 808 1975; x_wconf 78' lang='lat' dir='ltr'><strong>soleae</strong></span> <span class='ocrx_word' id='word_1_224' title='bbox 833 1948 982 1987; x_wconf 87' lang='lat' dir='ltr'><strong>partem,</strong></span> <span class='ocrx_word' id='word_1_225' title='bbox 1008 1948 1048 1975; x_wconf 87' lang='lat' dir='ltr'><strong>ut</strong></span> <span class='ocrx_word' id='word_1_226' title='bbox 1071 1943 1172 1976; x_wconf 86' lang='lat' dir='ltr'><strong>venit</strong></span> <span class='ocrx_word' id='word_1_227' title='bbox 1194 1941 1238 1974; x_wconf 88' lang='lat' dir='ltr'><strong>ad</strong></span> <span class='ocrx_word' id='word_1_228' title='bbox 1261 1953 1373 1975; x_wconf 89' lang='lat' dir='ltr'><strong>sacras</strong></span> <span class='ocrx_word' id='word_1_229' title='bbox 1398 1942 1491 1975; x_wconf 86' lang='lat' dir='ltr'><strong>fores</strong></span> <span class='ocrx_word' id='word_1_230' title='bbox 1519 1940 1779 1986; x_wconf 81' lang='lat' dir='ltr'><strong>[cancellorum</strong></span> 
     </span>
     <span class='ocr_line' id='line_1_29' title="bbox 345 1986 1780 2036; baseline -0.004 -13"><span class='ocrx_word' id='word_1_231' title='bbox 345 1995 385 2023; x_wconf 85' lang='lat' dir='ltr'><strong>et</strong></span> <span class='ocrx_word' id='word_1_232' title='bbox 410 1989 585 2036; x_wconf 78' lang='lat' dir='ltr'><strong>bematis]</strong></span> <span class='ocrx_word' id='word_1_233' title='bbox 628 1988 787 2022; x_wconf 83' lang='lat' dir='ltr'><strong>faciebat</strong></span> <span class='ocrx_word' id='word_1_234' title='bbox 809 2000 890 2021; x_wconf 91' lang='lat' dir='ltr'><strong>cum</strong></span> <span class='ocrx_word' id='word_1_235' title='bbox 922 1989 1035 2022; x_wconf 90' lang='lat' dir='ltr'><strong>cereis</strong></span> <span class='ocrx_word' id='word_1_236' title='bbox 1059 2001 1079 2022; x_wconf 85' lang='lat' dir='ltr'><strong>a</strong></span> <span class='ocrx_word' id='word_1_237' title='bbox 1102 1989 1307 2034; x_wconf 85' lang='lat' dir='ltr'><strong>praeposito</strong></span> <span class='ocrx_word' id='word_1_238' title='bbox 1337 1989 1480 2021; x_wconf 83' lang='lat' dir='ltr'><strong>traditis</strong></span> <span class='ocrx_word' id='word_1_239' title='bbox 1511 1986 1780 2028; x_wconf 77' lang='lat' dir='ltr'><strong>adorationem3</strong></span> 
     </span>
     <span class='ocr_line' id='line_1_30' title="bbox 347 2033 1781 2074; baseline -0.004 -5"><span class='ocrx_word' id='word_1_240' title='bbox 347 2034 435 2069; x_wconf 87' lang='lat' dir='ltr'><strong>inde</strong></span> <span class='ocrx_word' id='word_1_241' title='bbox 470 2040 564 2069; x_wconf 85' lang='lat' dir='ltr'><strong>retro</strong></span> <span class='ocrx_word' id='word_1_242' title='bbox 590 2045 781 2068; x_wconf 85' lang='lat' dir='ltr'><strong>conversus</strong></span> <span class='ocrx_word' id='word_1_243' title='bbox 812 2033 857 2067; x_wconf 89' lang='lat' dir='ltr'><strong>ab</strong></span> <span class='ocrx_word' id='word_1_244' title='bbox 890 2034 991 2068; x_wconf 87' lang='lat' dir='ltr'><strong>aditu</strong></span> <span class='ocrx_word' id='word_1_245' title='bbox 1024 2034 1177 2068; x_wconf 84' lang='lat' dir='ltr'><strong>bematis</strong></span> <span class='ocrx_word' id='word_1_246' title='bbox 1213 2034 1457 2067; x_wconf 80' lang='lat' dir='ltr'><strong>adscendebat</strong></span> <span class='ocrx_word' id='word_1_247' title='bbox 1486 2044 1558 2065; x_wconf 85' lang='lat' dir='ltr'><strong>una</strong></span> <span class='ocrx_word' id='word_1_248' title='bbox 1590 2042 1671 2064; x_wconf 91' lang='lat' dir='ltr'><strong>cum</strong></span> <span class='ocrx_word' id='word_1_249' title='bbox 1708 2042 1781 2074; x_wconf 83' lang='lat' dir='ltr'><strong>pa·-</strong></span> 
     </span>
     <span class='ocr_line' id='line_1_31' title="bbox 345 2079 1780 2125; baseline -0.002 -11"><span class='ocrx_word' id='word_1_250' title='bbox 345 2080 501 2114; x_wconf 87' lang='lat' dir='ltr'><strong>triarcha</strong></span> <span class='ocrx_word' id='word_1_251' title='bbox 538 2081 577 2113; x_wconf 90' lang='lat' dir='ltr'><strong>in</strong></span> <span class='ocrx_word' id='word_1_252' title='bbox 613 2080 819 2122; x_wconf 79' lang='lat' dir='ltr'><strong>ambonem3</strong></span> <span class='ocrx_word' id='word_1_253' title='bbox 855 2080 921 2112; x_wconf 91' lang='lat' dir='ltr'><strong>ubi</strong></span> <span class='ocrx_word' id='word_1_254' title='bbox 953 2091 1063 2124; x_wconf 90' lang='lat' dir='ltr'><strong>quum</strong></span> <span class='ocrx_word' id='word_1_255' title='bbox 1098 2079 1299 2125; x_wconf 79' lang='lat' dir='ltr'><strong>patriarcha</strong></span> <span class='ocrx_word' id='word_1_256' title='bbox 1343 2079 1634 2114; x_wconf 83' lang='lat' dir='ltr'><strong>benedictionem</strong></span> <span class='ocrx_word' id='word_1_257' title='bbox 1670 2087 1780 2121; x_wconf 79' lang='lat' dir='ltr'><strong>super</strong></span> 
     </span>
     <span class='ocr_line' id='line_1_32' title="bbox 347 2123 1780 2171; baseline -0.002 -11"><span class='ocrx_word' id='word_1_258' title='bbox 347 2125 537 2169; x_wconf 81' lang='lat' dir='ltr'><strong>chlamyde</strong></span> <span class='ocrx_word' id='word_1_259' title='bbox 571 2137 634 2159; x_wconf 82' lang='lat' dir='ltr'><strong>seu</strong></span> <span class='ocrx_word' id='word_1_260' title='bbox 665 2126 920 2171; x_wconf 80' lang='lat' dir='ltr'><strong>paludamento</strong></span> <span class='ocrx_word' id='word_1_261' title='bbox 954 2126 1134 2169; x_wconf 85' lang='lat' dir='ltr'><strong>imperiali</strong></span> <span class='ocrx_word' id='word_1_262' title='bbox 1157 2125 1330 2166; x_wconf 77' lang='lat' dir='ltr'><strong>dixisset,</strong></span> <span class='ocrx_word' id='word_1_263' title='bbox 1368 2125 1536 2158; x_wconf 84' lang='lat' dir='ltr'><strong>tradebat</strong></span> <span class='ocrx_word' id='word_1_264' title='bbox 1567 2135 1643 2158; x_wconf 90' lang='lat' dir='ltr'><strong>eam</strong></span> <span class='ocrx_word' id='word_1_265' title='bbox 1675 2123 1780 2157; x_wconf 86' lang='lat' dir='ltr'><strong>cubi-</strong></span> 
     </span>
     <span class='ocr_line' id='line_1_33' title="bbox 349 2169 1667 2218; baseline -0.002 -12"><span class='ocrx_word' id='word_1_266' title='bbox 349 2173 517 2218; x_wconf 74' lang='lat' dir='ltr'><strong>culariis3</strong></span> <span class='ocrx_word' id='word_1_267' title='bbox 551 2173 616 2218; x_wconf 88' lang='lat' dir='ltr'><strong>qui</strong></span> <span class='ocrx_word' id='word_1_268' title='bbox 639 2183 746 2217; x_wconf 85' lang='lat' dir='ltr'><strong>porro</strong></span> <span class='ocrx_word' id='word_1_269' title='bbox 770 2182 847 2205; x_wconf 87' lang='lat' dir='ltr'><strong>eam</strong></span> <span class='ocrx_word' id='word_1_270' title='bbox 869 2173 1080 2218; x_wconf 84' lang='lat' dir='ltr'><strong>Imperatori</strong></span> <span class='ocrx_word' id='word_1_271' title='bbox 1102 2171 1312 2207; x_wconf 87' lang='lat' dir='ltr'><strong>induebant.</strong></span> <span class='ocrx_word' id='word_1_272' title='bbox 1359 2171 1535 2205; x_wconf 82' lang='lat' dir='ltr'><strong>Similiter</strong></span> <span class='ocrx_word' id='word_1_273' title='bbox 1557 2170 1574 2188; x_wconf 73' lang='lat'><strong>‘</strong></span> <span class='ocrx_word' id='word_1_274' title='bbox 1600 2170 1618 2188; x_wconf 73' lang='lat'><em>⁶</em></span> <span class='ocrx_word' id='word_1_275' title='bbox 1648 2169 1667 2187; x_wconf 75' lang='lat'>⁸</span> 
     </span>
    </p>
   </div>
   <div class='ocr_carea' id='block_1_6' title="bbox 971 2249 1152 2296">
    <p class='ocr_par' dir='ltr' id='par_1_7' title="bbox 971 2249 1152 2296">
     <span class='ocr_line' id='line_1_34' title="bbox 971 2249 1152 2296; baseline -0.006 -12"><span class='ocrx_word' id='word_1_276' title='bbox 971 2249 1067 2284; x_wconf 84' lang='lat' dir='ltr'>CAP.</span> <span class='ocrx_word' id='word_1_277' title='bbox 1095 2261 1152 2296; x_wconf 87' lang='lat'><strong>97.</strong></span> 
     </span>
    </p>
   </div>
   <div class='ocr_carea' id='block_1_7' title="bbox 464 2317 1632 2367">
    <p class='ocr_par' dir='ltr' id='par_1_8' title="bbox 464 2317 1632 2367">
     <span class='ocr_line' id='line_1_35' title="bbox 464 2317 1632 2367; baseline 0 -15"><span class='ocrx_word' id='word_1_278' title='bbox 464 2318 519 2354; x_wconf 83' lang='lat' dir='ltr'><strong>De</strong></span> <span class='ocrx_word' id='word_1_279' title='bbox 542 2318 771 2365; x_wconf 80' lang='lat' dir='ltr'><strong>promotione</strong></span> <span class='ocrx_word' id='word_1_280' title='bbox 790 2317 968 2367; x_wconf 78' lang='lat' dir='ltr'><strong>prohedri</strong></span> <span class='ocrx_word' id='word_1_281' title='bbox 989 2331 1052 2354; x_wconf 84' lang='lat' dir='ltr'><strong>seu</strong></span> <span class='ocrx_word' id='word_1_282' title='bbox 1073 2318 1258 2365; x_wconf 74' lang='lat' dir='ltr'><strong>praesidis</strong></span> <span class='ocrx_word' id='word_1_283' title='bbox 1283 2318 1452 2354; x_wconf 81' lang='lat' dir='ltr'><strong>universi</strong></span> <span class='ocrx_word' id='word_1_284' title='bbox 1472 2325 1632 2354; x_wconf 78' lang='lat' dir='ltr'><strong>senatus.</strong></span> 
     </span>
    </p>
   </div>
   <div class='ocr_carea' id='block_1_8' title="bbox 347 2385 1780 2711">
    <p class='ocr_par' dir='ltr' id='par_1_9' title="bbox 347 2385 1780 2711">
     <span class='ocr_line' id='line_1_36' title="bbox 442 2385 1779 2432; baseline 0.001 -14"><span class='ocrx_word' id='word_1_285' title='bbox 442 2385 617 2420; x_wconf 89' lang='lat' dir='ltr'><strong>Prohedri</strong></span> <span class='ocrx_word' id='word_1_286' title='bbox 644 2396 707 2419; x_wconf 88' lang='lat' dir='ltr'><strong>seu</strong></span> <span class='ocrx_word' id='word_1_287' title='bbox 736 2385 913 2431; x_wconf 87' lang='lat' dir='ltr'><strong>praesidis</strong></span> <span class='ocrx_word' id='word_1_288' title='bbox 939 2385 1092 2432; x_wconf 86' lang='lat' dir='ltr'><strong>dignitas</strong></span> <span class='ocrx_word' id='word_1_289' title='bbox 1115 2386 1186 2420; x_wconf 87' lang='lat' dir='ltr'><strong>hoc</strong></span> <span class='ocrx_word' id='word_1_290' title='bbox 1214 2385 1327 2420; x_wconf 88' lang='lat' dir='ltr'><strong>habet</strong></span> <span class='ocrx_word' id='word_1_291' title='bbox 1349 2385 1523 2420; x_wconf 85' lang='lat' dir='ltr'><strong>brabeum</strong></span> <span class='ocrx_word' id='word_1_292' title='bbox 1548 2397 1611 2420; x_wconf 89' lang='lat' dir='ltr'><strong>seu</strong></span> <span class='ocrx_word' id='word_1_293' title='bbox 1634 2385 1779 2420; x_wconf 82' lang='lat' dir='ltr'><strong>virtutis</strong></span> 
     </span>
     <span class='ocr_line' id='line_1_37' title="bbox 347 2432 1780 2481; baseline -0.001 -15"><span class='ocrx_word' id='word_1_294' title='bbox 347 2434 550 2481; x_wconf 79' lang='lat' dir='ltr'><strong>praemium</strong></span> <span class='ocrx_word' id='word_1_295' title='bbox 581 2438 618 2466; x_wconf 87' lang='lat' dir='ltr'><strong>et</strong></span> <span class='ocrx_word' id='word_1_296' title='bbox 651 2432 797 2466; x_wconf 88' lang='lat' dir='ltr'><strong>honoris</strong></span> <span class='ocrx_word' id='word_1_297' title='bbox 834 2434 992 2478; x_wconf 84' lang='lat' dir='ltr'><strong>insigne:</strong></span> <span class='ocrx_word' id='word_1_298' title='bbox 1038 2433 1196 2466; x_wconf 88' lang='lat' dir='ltr'><strong>tunicam</strong></span> <span class='ocrx_word' id='word_1_299' title='bbox 1227 2444 1364 2466; x_wconf 86' lang='lat' dir='ltr'><strong>roseam</strong></span> <span class='ocrx_word' id='word_1_300' title='bbox 1396 2434 1514 2466; x_wconf 85' lang='lat' dir='ltr'><strong>aureis</strong></span> <span class='ocrx_word' id='word_1_301' title='bbox 1551 2433 1683 2466; x_wconf 85' lang='lat' dir='ltr'><strong>taeniis</strong></span> <span class='ocrx_word' id='word_1_302' title='bbox 1720 2442 1780 2465; x_wconf 83' lang='lat' dir='ltr'><strong>se—</strong></span> 
     </span>
     <span class='ocr_line' id='line_1_38' title="bbox 348 2477 1778 2524; baseline -0.001 -12"><span class='ocrx_word' id='word_1_303' title='bbox 348 2485 462 2524; x_wconf 77' lang='lat' dir='ltr'><strong>ptam,</strong></span> <span class='ocrx_word' id='word_1_304' title='bbox 497 2484 534 2512; x_wconf 88' lang='lat' dir='ltr'><strong>et</strong></span> <span class='ocrx_word' id='word_1_305' title='bbox 556 2490 682 2512; x_wconf 88' lang='lat' dir='ltr'><strong>zonam</strong></span> <span class='ocrx_word' id='word_1_306' title='bbox 707 2485 915 2522; x_wconf 84' lang='lat' dir='ltr'><strong>gemmatam</strong></span> <span class='ocrx_word' id='word_1_307' title='bbox 941 2491 1174 2524; x_wconf 83' lang='lat' dir='ltr'><strong>purpuream,</strong></span> <span class='ocrx_word' id='word_1_308' title='bbox 1208 2483 1246 2513; x_wconf 85' lang='lat' dir='ltr'><strong>et</strong></span> <span class='ocrx_word' id='word_1_309' title='bbox 1277 2479 1499 2522; x_wconf 81' lang='lat' dir='ltr'><strong>chlamydem</strong></span> <span class='ocrx_word' id='word_1_310' title='bbox 1528 2478 1645 2512; x_wconf 85' lang='lat' dir='ltr'><strong>albam</strong></span> <span class='ocrx_word' id='word_1_311' title='bbox 1682 2477 1778 2511; x_wconf 80' lang='lat' dir='ltr'><strong>circa</strong></span> 
     </span>
     <span class='ocr_line' id='line_1_39' title="bbox 349 2523 1776 2560; baseline -0.002 -1"><span class='ocrx_word' id='word_1_312' title='bbox 349 2537 430 2559; x_wconf 83' lang='lat' dir='ltr'><strong>oras</strong></span> <span class='ocrx_word' id='word_1_313' title='bbox 462 2526 586 2560; x_wconf 86' lang='lat' dir='ltr'><strong>taenia</strong></span> <span class='ocrx_word' id='word_1_314' title='bbox 623 2536 730 2559; x_wconf 84' lang='lat' dir='ltr'><strong>aurea</strong></span> <span class='ocrx_word' id='word_1_315' title='bbox 767 2530 805 2558; x_wconf 89' lang='lat' dir='ltr'><strong>et</strong></span> <span class='ocrx_word' id='word_1_316' title='bbox 837 2525 962 2558; x_wconf 87' lang='lat' dir='ltr'><strong>tabliis</strong></span> <span class='ocrx_word' id='word_1_317' title='bbox 1000 2526 1142 2559; x_wconf 84' lang='lat' dir='ltr'><strong>duobus</strong></span> <span class='ocrx_word' id='word_1_318' title='bbox 1182 2536 1270 2558; x_wconf 86' lang='lat' dir='ltr'><strong>auro</strong></span> <span class='ocrx_word' id='word_1_319' title='bbox 1302 2525 1431 2559; x_wconf 85' lang='lat' dir='ltr'><strong>obsitis</strong></span> <span class='ocrx_word' id='word_1_320' title='bbox 1468 2531 1630 2559; x_wconf 87' lang='lat' dir='ltr'><strong>ornatam</strong></span> <span class='ocrx_word' id='word_1_321' title='bbox 1670 2528 1707 2557; x_wconf 89' lang='lat' dir='ltr'><strong>et</strong></span> <span class='ocrx_word' id='word_1_322' title='bbox 1730 2523 1776 2556; x_wconf 87' lang='lat' dir='ltr'><strong>fi-</strong></span> 
     </span>
     <span class='ocr_line' id='line_1_40' title="bbox 349 2570 1777 2616; baseline -0.002 -12"><span class='ocrx_word' id='word_1_323' title='bbox 349 2572 446 2614; x_wconf 83' lang='lat' dir='ltr'><strong>guris</strong></span> <span class='ocrx_word' id='word_1_324' title='bbox 479 2572 628 2605; x_wconf 82' lang='lat' dir='ltr'><strong>minutis</strong></span> <span class='ocrx_word' id='word_1_325' title='bbox 658 2570 814 2606; x_wconf 84' lang='lat' dir='ltr'><strong>hederae</strong></span> <span class='ocrx_word' id='word_1_326' title='bbox 849 2571 938 2605; x_wconf 81' lang='lat' dir='ltr'><strong>folia</strong></span> <span class='ocrx_word' id='word_1_327' title='bbox 970 2571 1198 2606; x_wconf 82' lang='lat' dir='ltr'><strong>imitantibus</strong></span> <span class='ocrx_word' id='word_1_328' title='bbox 1228 2582 1431 2616; x_wconf 85' lang='lat' dir='ltr'><strong>respersam.</strong></span> <span class='ocrx_word' id='word_1_329' title='bbox 1481 2572 1536 2605; x_wconf 83' lang='lat' dir='ltr'><strong>Ab</strong></span> <span class='ocrx_word' id='word_1_330' title='bbox 1559 2572 1777 2615; x_wconf 63' lang='lat' dir='ltr'><strong>ImPfflatore</strong></span> 
     </span>
     <span class='ocr_line' id='line_1_41' title="bbox 348 2614 1775 2664; baseline -0.003 -13"><span class='ocrx_word' id='word_1_331' title='bbox 348 2616 438 2651; x_wconf 86' lang='lat' dir='ltr'><strong>haec</strong></span> <span class='ocrx_word' id='word_1_332' title='bbox 460 2617 591 2652; x_wconf 85' lang='lat' dir='ltr'><strong>dantur</strong></span> <span class='ocrx_word' id='word_1_333' title='bbox 614 2618 654 2651; x_wconf 89' lang='lat' dir='ltr'><strong>in</strong></span> <span class='ocrx_word' id='word_1_334' title='bbox 677 2627 785 2651; x_wconf 81' lang='lat' dir='ltr'><strong>aureo</strong></span> <span class='ocrx_word' id='word_1_335' title='bbox 809 2617 970 2652; x_wconf 84' lang='lat' dir='ltr'><strong>triclinio</strong></span> <span class='ocrx_word' id='word_1_336' title='bbox 994 2629 1117 2652; x_wconf 83' lang='lat' dir='ltr'><strong>recens</strong></span> <span class='ocrx_word' id='word_1_337' title='bbox 1141 2617 1342 2661; x_wconf 85' lang='lat' dir='ltr'><strong>honorat0;</strong></span> <span class='ocrx_word' id='word_1_338' title='bbox 1375 2619 1438 2664; x_wconf 88' lang='lat' dir='ltr'><strong>qui</strong></span> <span class='ocrx_word' id='word_1_339' title='bbox 1462 2629 1504 2651; x_wconf 86' lang='lat' dir='ltr'><strong>ea</strong></span> <span class='ocrx_word' id='word_1_340' title='bbox 1525 2621 1650 2651; x_wconf 81' lang='lat' dir='ltr'><strong>nactus</strong></span> <span class='ocrx_word' id='word_1_341' title='bbox 1674 2614 1775 2649; x_wconf 89' lang='lat' dir='ltr'><strong>humi</strong></span> 
     </span>
     <span class='ocr_line' id='line_1_42' title="bbox 349 2662 1777 2711; baseline -0.002 -14"><span class='ocrx_word' id='word_1_342' title='bbox 349 2663 531 2709; x_wconf 78' lang='lat' dir='ltr'><strong>procidit,</strong></span> <span class='ocrx_word' id='word_1_343' title='bbox 556 2669 594 2699; x_wconf 73' lang='lat' dir='ltr'><strong>et</strong></span> <span class='ocrx_word' id='word_1_344' title='bbox 618 2664 766 2699; x_wconf 88' lang='lat' dir='ltr'><strong>Domini</strong></span> <span class='ocrx_word' id='word_1_345' title='bbox 792 2663 903 2711; x_wconf 84' lang='lat' dir='ltr'><strong>pedes</strong></span> <span class='ocrx_word' id='word_1_346' title='bbox 926 2675 1115 2711; x_wconf 81' lang='lat' dir='ltr'><strong>genuaque</strong></span> <span class='ocrx_word' id='word_1_347' title='bbox 1139 2664 1386 2710; x_wconf 54' lang='lat' dir='ltr'><strong>deosculatum</strong></span> <span class='ocrx_word' id='word_1_348' title='bbox 1417 2664 1503 2699; x_wconf 88' lang='lat' dir='ltr'><strong>inde</strong></span> <span class='ocrx_word' id='word_1_349' title='bbox 1527 2662 1678 2708; x_wconf 79' lang='lat' dir='ltr'><strong>resurgit</strong></span> <span class='ocrx_word' id='word_1_350' title='bbox 1692 2686 1705 2704; x_wconf 86' lang='lat'><em>,</em></span> <span class='ocrx_word' id='word_1_351' title='bbox 1738 2664 1777 2695; x_wconf 83' lang='lat' dir='ltr'><strong>et</strong></span> 
     </span>
    </p>
   </div>
  </div>
 </body>
</html>
