1878 3112
279 99 389 174 744
544 120 905 165 CONSTANTlNl
949 124 1434 186 Pommocmm

273 220 397 276 ἡνίκα
422 219 468 264 τὸ
498 218 606 265 ἴδιον
633 222 840 280 α’πηχῆσει
868 227 1062 283 φθέγμα,
1103 229 1404 282 ’ἐξανίστασθαι
1437 225 1627 282 ἅπαντας
1652 232 1713 283 εἰς

274 286 489 343 εὐφημίαν
527 290 610 330 τῶν
653 290 864 333 δεσποτῶν
900 291 974 334 καί
1016 292 1092 345 τοὶς
1132 293 1296 340 ἑαυτῶν
1333 295 1714 340 ἄπεκδιδύσκεσθαο

273 351 522 406 χλαμύδας·
577 348 685 396 ἆλλοὶ
718 354 804 411 μὴν
831 357 904 398 καί
930 356 1077 411 ὁσάκις
1105 356 1158 403 ἂν
1183 359 1230 404 τὰ
1261 360 1467 415 μουσικὸν
1498 361 1712 420 α’πηχήσῃ,

274 417 347 460 καί
372 414 512 469 ὁσάκις
540 414 592 461 ἂν
617 420 849 474 θυμελικόν
875 440 916 466 τι
958 423 1060 480 πρὸς
1094 427 1244 482 τέρψιν
1271 429 1493 486 ἐκτελεσθῇ
1518 430 1710 485 πρᾶγμα,

273 485 348 525 καί
383 483 505 540 ἡνίκα
543 501 586 527 τι
618 487 836 542 βρώσιμον
874 491 919 532 ἐκ
947 493 1022 546 τῆς
1050 494 1268 548 βασιλικῆς
1304 495 1512 551 τραπέζης
1540 492 1610 536 διὰ
1637 495 1744 537 τοῧ5

272 553 453 606 τερπνοῦ
480 554 734 608 καστρησίου
776 553 882 611 πρὸς
906 556 1004 606 τούς
1041 556 1292 612 δαιτυμόνας
1318 558 1715 615 ἐξαποσταλήσεται.

273 615 318 658 ἐν
347 616 392 658 δὲ
419 619 468 675 τῇ
499 616 660 661 τούτων
687 619 813 679 ἐξόδῳ
842 622 912 663 δεῖ·
932 624 1156 679 προσέχειν
1194 630 1280 674 τοῖς
1319 624 1577 682 ῥωμαΐζουσι
1611 628 1715 680 βου-

275 683 435 734 καλίοις
471 683 543 726 καί
580 683 660 727 σύν
695 687 746 743 τῇ
789 683 930 730 αὖταῖν
967 689 1204 746 ἐκφωνήσει
1244 691 1465 746 προσέχειν
1491 688 1539 732 τὰ
1568 693 1715 745 σχῆμα

238 750 354 790 Βτοῦ
380 752 542 792 κλεινοῦ
569 752 838 808 καστρησίου,
859 753 932 796 καί
958 750 1087 805 αὖθις
1115 757 1334 814 ἐξανιστᾷν
1361 755 1516 807 πάντας
1532 755 1630 806 τοὺς
1645 772 1715 798 κε-

269 816 494 871 κλημένους
521 817 853 876 χλανιδοφόρους
875 818 944 863 διὰ
973 823 1046 877 τῆς
1073 819 1269 864 ὄπισθίου
1289 824 1452 872 θέσεως·
1473 824 1554 866 τῶν
1584 822 1768 870 α’κου-ιο

270 882 426 938 βίτων,
469 882 544 925 καί
580 881 807 940 ἐπανάγειν
846 882 1004 936 αὖτούς
1030 887 1077 929 ἐκ
1113 890 1195 930 τῶν
1231 886 1347 930 κάτω
1381 886 1485 944 πρὸς
1519 887 1597 944 τὴν
1623 883 1713 932 ἅνω

270 950 540 1005 προσωπικὴν
567 947 708 1005 ἔξοδον
736 953 811 1007 τῆς
843 948 972 1008 αὐτῆς
998 953 1194 1011 περιόδου
1210 983 1224 997 .
1277 953 1350 996 καί
1371 950 1450 996 εἶθ’
1478 950 1615 1006 οὕτως
1633 970 1712 1008 με·

75 1012 321 1066 19133461)τά
351 1012 429 1069 τὴν
455 1014 611 1058 τούτων
635 1018 795 1060 τελείαν
821 1018 1044 1062 ὖπείδυσιν
1101 1022 1176 1062 καί
1217 1019 1370 1070 αὕτοὺς
1397 1023 1470 1077 τῆς
1495 1023 1716 1076 βασιλικῆς

267 1082 474 1136 τραπέζης
503 1079 762 1135 δαιτυμόνας
790 1083 964 1139 ἐξάγειν,
1005 1084 1193 1142 δηλονότι
1235 1088 1594 1143 προπορευομένου
1634 1087 1715 1129 αὖ·-

270 1151 358 1196 τοῖς
386 1149 464 1187 τοῦ
491 1150 655 1189 κλεινοῦ
678 1150 927 1206 καστρησίου
967 1153 1039 1207 τῆς
1082 1153 1303 1208 βασιλικῆς
1327 1153 1470 1206 τιμίας
1495 1153 1768 1209 τραπέζης.ι5

269 1211 343 1254 ἐπὶ
369 1213 414 1254 δὲ
433 1213 504 1268 τῆς
532 1213 727 1270 δευτέρας
751 1213 910 1271 ἡμέρας
925 1218 996 1272 τῆς
1024 1220 1310 1272 πολυσχεδοῦς
1331 1219 1480 1274 ταύτης
1507 1217 1579 1260 καὶ
1604 1221 1712 1272 λαμπ-

269 1279 381 1333 προῖς
407 1279 632 1328 πανδεσιάς
660 1281 730 1322 δεῖ
751 1278 862 1336 ἡμᾶς
889 1278 1147 1339 εὐτρεπίζειν
1173 1284 1232 1332 εἰς
1264 1280 1517 1339 πρόσκλησιν
1542 1285 1615 1338 τῆς
1640 1287 1713 1336 βα·

271 1345 433 1399 σιλικῆς
459 1347 734 1401 περιβλέπτου
759 1349 963 1404 τραπέζης
1003 1347 1160 1402 ὅμοίως
1199 1348 1476 1406 μαγίστρους,
1519 1345 1713 1392 ἀνθυπά-

235 1419 371 1459 (Ξτους
401 1413 643 1468 πατρικίους
677 1409 971 1470 ὄφφικιαλίους
995 1414 1070 1457 καὶ
1105 1413 1337 1464 οἶκειακούς
1361 1415 1714 1472 πρωτοσπαθαρί-

273 1494 360 1531 ους,
388 1478 461 1520 τὸν
490 1477 674 1534 ἀριθμὸν
701 1482 768 1534 ιβ’,
799 1482 1196 1536 συναριθμουμένου
1224 1482 1370 1531 αὐτοῖς
1390 1482 1608 1537 ἐξαιρέτως
1633 1481 1766 1523 roffio

276 1545 523 1600 δομεστώεου
561 1546 646 1588 τῶν
684 1548 847 1601 σχολῶν
887 1546 988 1590 κατὰ
1032 1538 1186 1590 τύπον·
1240 1545 1421 1603 εἰσάγειν
1470 1547 1518 1589 δὲ
1559 1543 1714 1596 αὐτοῦς

371 1647 426 1683 13.
450 1645 662 1682 ὑπέκδυσιν
685 1649 745 1686 vel
772 1647 960 1686 α’πόλυσιν
981 1650 1040 1685 vel
1063 1647 1252 1692 ἅπῆλυσιν
1274 1648 1347 1695 legi
1371 1648 1450 1684 vult
1470 1649 1513 1688 R.
1569 1647 1644 1694 *14
1655 1647 1713 1689 ἐξ·

367 1693 489 1740 ἄγειν,
510 1693 682 1737 δηλονότι
708 1698 766 1739 R„
790 1697 939 1744 ἐξάγειν
963 1696 1004 1733 δὲ
1028 1695 1201 1741 δηλονότι
1224 1697 1305 1734 cod.
1325 1700 1364 1732 et
1385 1696 1444 1735 ed.

276 1789 423 1830 oportet
446 1785 603 1819 animum
628 1785 815 1821 attendere
838 1786 884 1821 ad
911 1788 1067 1822 musicos
1103 1791 1251 1830 cantus,
1277 1791 1316 1822 et
1347 1785 1494 1834 quando
1521 1785 1712 1831 peculiaris

275 1832 316 1866 id
341 1832 543 1877 significans
568 1839 677 1879 atque
701 1845 850 1868 monens
873 1839 979 1869 tonus
1007 1836 1230 1876 insonuerit,
1254 1839 1399 1880 oportet
1421 1844 1545 1868 omnes
1568 1843 1713 1879 surgere

277 1878 325 1912 nd
355 1879 519 1913 Dominis
557 1879 848 1915 benedicendum
873 1893 1027 1929 suasque
1052 1880 1256 1925 chlamydes
1288 1890 1446 1923 exuere3
1483 1891 1638 1927 quorum
1664 1879 1714 1913 il-

275 1925 341 1959 lud
367 1927 477 1960 ctiam
511 1927 628 1972 repeti
653 1925 786 1970 debet,
825 1929 968 1974 quoties
998 1928 1126 1963 musici
1157 1928 1387 1962 insonuerint
1421 1931 1459 1961 et
1485 1926 1630 1973 quoties
1652 1926 1713 1959 lu·-

277 1973 417 2006 dicrum
444 1973 595 2020 aliquod
630 1974 840 2008 exercitium
869 1981 1079 2021 peragatur,
1112 1975 1201 2009 item
1230 1972 1374 2020 quando
1405 1972 1538 2017 dapum
1569 1971 1714 2019 aliquid.

277 2030 299 2052 e
330 2030 428 2053 sacra
454 2031 582 2053 mensa⁴
604 2030 667 2065 per
699 2021 896 2055 iucundum
922 2028 1138 2056 castrensem
1160 2021 1206 2056 ad
1220 2022 1384 2055 convivas
1425 2020 1621 2054 emittatur.
1668 2019 1712 2054 In

278 2065 409 2099 horum
438 2073 558 2100 autem
575 2065 820 2114 {musicorum
846 2074 883 2103 et
914 2067 1203 2115 thymelicorum]
1239 2068 1340 2101 exitu
1373 2071 1517 2111 oportet
1549 2064 1631 2113 [nos
1653 2076 1712 2098 ar-

275 2111 446 2158 ·toclinas]
474 2113 520 2145 ad
546 2114 686 2147 vocales
708 2114 884 2156 musicos,
909 2117 1065 2149 Romane
1097 2115 1155 2148 vel
1176 2114 1306 2148 Latine
1329 2114 1540 2158 loquentes,
1569 2117 1620 2154 et,
1634 2111 1711 2146 illis

278 2158 582 2200 exclamantibus,
614 2161 721 2193 simul
743 2161 788 2194 ad
813 2166 951 2206 gestum
977 2161 1165 2194 clarissimi
1189 2160 1376 2194 castrensis
1404 2158 1613 2200 attendere,
1646 2169 1713 2193 eo-

278 2215 352 2251 que
379 2205 498 2247 edito,
529 2207 693 2240 convivas
720 2207 829 2240 simul
851 2218 974 2242 omnes
998 2218 1186 2252 exsurgere
1210 2206 1337 2240 iubere
1364 2211 1472 2251 atque
1493 2205 1647 2246 educere
1669 2206 1712 2241 in

279 2253 353 2285 suis
379 2253 510 2286 tunicis
545 2264 610 2298 per
647 2254 823 2297 posticam
861 2253 1081 2298 positionem
1127 2253 1186 2286 vel
1218 2258 1354 2298 partem
1387 2251 1644 2297 accubituum,
1673 2257 1713 2287 et

275 2298 450 2333 reducere
474 2310 534 2332 eos
560 2310 604 2333 ex
627 2299 859 2332 inferioribus
869 2300 914 2332 ad
927 2300 1149 2345 superiorem
1160 2299 1391 2345 conspicuum
1415 2302 1479 2333 seu
1503 2300 1602 2343 regio
1624 2309 1713 2333 con-

275 2347 419 2389 spectui
442 2347 644 2390 expositum
673 2347 810 2380 exitum
826 2346 987 2380 eiusdem
1006 2347 1148 2392 periodi
1170 2347 1228 2380 vel
1243 2346 1356 2391 partis
1378 2345 1541 2387 triclinii,
1561 2346 1712 2379 ceteris·

277 2403 349 2437 que
359 2392 525 2438 digressis
537 2392 588 2426 sic
603 2393 747 2426 tandem
763 2399 800 2427 et
814 2404 933 2427 sacrae
942 2404 1086 2428 mensae
1103 2393 1267 2427 convivas
1283 2394 1461 2434 emittere,
1472 2391 1721 2438 praecedente.

277 2438 477 2473 clarissimo
509 2445 686 2474 castrense
707 2441 923 2474 venerabilis
945 2451 1089 2474 mensae
1113 2439 1320 2485 imperialis.
1368 2439 1490 2473 Altero
1505 2444 1626 2473 autem
1650 2438 1711 2472 die

275 2486 480 2520 multifidae
497 2511 507 2527 ,
536 2486 577 2520 id
605 2490 659 2520 est
681 2491 737 2520 tot
759 2498 825 2532 per
856 2487 932 2521 dies
958 2487 1108 2521 iteratae
1133 2492 1171 2521 et
1200 2487 1303 2532 quasi
1327 2485 1562 2531 dispertitae,
1586 2485 1711 2530 splen-
1876 2520 1878 2524 ,

275 2531 459 2579 didaeque
484 2532 697 2567 universalis
724 2534 982 2569 convivationis
1014 2538 1178 2580 oportet,
1212 2539 1255 2567 ut
1286 2533 1456 2567 invitatos
1497 2536 1536 2566 et
1564 2538 1708 2577 paratos
1840 2560 1841 2564 ,
1871 2535 1878 2579 ξ

272 2579 322 2612 ad
346 2579 633 2614 communionem
667 2579 909 2627 undequaque
942 2581 1149 2625 spectabilis
1183 2589 1303 2614 sacrae
1329 2589 1475 2614 mensae
1510 2578 1708 2613 habeamus

274 2635 340 2658 suo
365 2631 528 2670 tempore
555 2625 779 2661 advocandos
801 2628 989 2674 magistros
1015 2628 1160 2669 iterum,
1181 2632 1223 2661 ut
1251 2627 1435 2671 superiore
1448 2625 1527 2667 die,
1553 2636 1710 2670 procon-

274 2672 370 2705 sules
394 2674 565 2717 patricios
593 2673 759 2708 officiales
775 2699 785 2715 ,
817 2674 1013 2710 familiares
1037 2673 1356 2720 protospatharios,
1382 2683 1533 2706 numero
1558 2672 1598 2706 in
1622 2672 1710 2705 uni-

273 2728 414 2755 versum
442 2719 656 2766 ‹luodedm3
689 2730 843 2767 quorum
866 2732 959 2757 unus
991 2732 1033 2758 eo
1063 2720 1121 2758 die
1155 2731 1200 2757 ex
1230 2719 1384 2757 formula
1419 2723 1456 2759 et
1485 2718 1708 2766 praescripto
