1832 3112
328 162 399 202 m:
436 155 694 203 naamon.
739 154 919 197 AULAE
958 153 1181 196 amur.
1214 155 1249 195 1.
1278 157 1346 199 ιιι.
1487 132 1562 206 93

125 264 183 321 τῷ
207 262 320 321 οὐδῷ
337 261 422 303 τῶν
440 259 636 316 ἀργυρῶν
667 259 810 300 πυλῶν
834 258 910 298 τοῦ
931 255 1294 312 χρυσοτρικλίνου.
1350 253 1442 310 (Β.)
1472 254 1569 295 Καὶ

125 326 267 383 λαβών
298 323 427 377 αὖθις
456 326 588 379 νεῦμα
611 323 636 366 ὅ
661 322 930 379 πραιπόσιτος
962 320 1076 378 παρὰ
1100 323 1176 363 τοῦ
1198 319 1424 375 βασιλέως,
1452 318 1565 361 νεύει

123 396 181 452 τῷ
201 392 420 450 ὄστιαρίῳ,
447 388 632 440 κᾶκεῖνος
663 388 805 432 νύσσει
837 388 882 430 τὸ
912 390 1040 444 βῆλον
1062 386 1165 441 μετὰ
1190 388 1264 442 τῆς
1289 383 1452 442 χειρὸς,
1489 385 1565 427 καὶ

126 459 319 516 αἴρουσιν
346 455 447 500 αὐτὸ
477 453 661 512 ὕπερθεν
685 453 966 509 σιλεντιάριοι.
1023 452 1096 494 καὶ
1124 453 1358 508 εἰσέρχεται
1393 449 1463 492 διὰ
1485 451 1564 492 τοῦ

99 525 357 582 δᾶριστεροῦ
379 524 538 578 μέρους
560 524 638 564 τοῦ
663 519 1008 576 χρυσοτρικλίνου
1037 521 1164 574 βῆλον
1188 516 1241 571 ά,
1269 520 1605 573 μητροπολῖταιῐ)

119 583 208 632 ’καὶ
231 589 447 631 ἐπίσκοποι
462 623 475 641 ,
526 586 598 629 καί
623 585 793 635 στάντος
822 587 899 626 τοῦ
928 583 1142 638 ὄστιαρίου
1165 581 1248 624 ὖπὸ
1277 580 1324 624 τὸ
1352 582 1565 637 εἰρημένον

131 657 283 711 βῆλον,
309 653 530 696 πίπτουσιν
555 651 595 693 οἱ
617 648 740 693 azima*
750 685 763 704 ‚
802 652 875 692 καί
897 647 1150 699 ἀναστάντες
1171 649 1409 704 διέρχονται
1438 647 1566 702 μέχρι

123 722 197 776 τῆς
230 721 361 775 μέσης
386 721 463 760 τοῦ
495 720 716 775 τρικλίνου.
782 715 806 757 ὅ
836 718 883 758 δὲ
916 715 1129 769 ὅστιάριος
1155 713 1457 770 προπορεύεται
1486 712 1566 754 αὖ-

125 787 234 839 τῶν,
272 785 345 827 καί
367 783 501 833 ἑστώς
526 783 725 825 ἀπέναντι
754 783 832 824 τοῦ
855 779 1105 823 πολυελαίου
1127 782 1204 821 τοῦ
1226 779 1487 835 κρεμαμένου
1518 779 1566 821 ἒν

76 847 182 910 rongi
210 853 324 909 μέσῳ
356 851 428 906 τῆς
450 851 614 906 χρυσῆς
641 849 867 904 τραπέζης,
896 845 1126 888 πιπτόντων
1151 843 1196 888 τὸ
1222 845 1415 901 δεύτερον
1433 846 1565 886 ἐκεῖσε

126 916 200 959 καί
218 915 493 968 ἆναστάντων,
522 914 774 970 ἀπέρχονται
794 913 866 954 καὶ
888 913 1080 954 ἵστανται
1104 912 1176 953 ἐπὶ
1189 912 1262 966 τῆς
1277 911 1442 966 χρυσῆς
1459 925 1565 966 τρα-

125 984 252 1038 πέζης
273 1015 287 1036 ,
324 982 398 1023 καί
427 980 603 1030 στάντος
630 980 708 1021 τοῦ
729 977 897 1034 πρώτου
926 977 1068 1019 αὐτῶν
1096 975 1332 1033 ἔμπροσθεν
1353 978 1427 1030 τῆς
1456 985 1565 1031 χρυ-

125 1049 202 1103 σῆς
231 1047 464 1102 τραπέζης,
497 1045 694 1087 πίπτουσι
716 1044 890 1097 πάντες,
918 1041 1112 1097 λαβόντες
1134 1044 1182 1084 δὲ
1214 1038 1308 1095 δ’,τε
1342 1043 1413 1096 τῆς
1435 1057 1565 1082 κατα-

125 1110 311 1162 στάσεως
341 1110 413 1153 καὶ
441 1110 465 1151 ὅ
492 1107 809 1167 ῥεφερενδάριος
832 1107 901 1151 τὸν
928 1111 1094 1165 πρῶτον
1126 1104 1287 1161 αὗτῶν,
1327 1102 1565 1163 ἀποφέρου-

75 1177 193 1220 ῐόσιν
215 1174 343 1218 αὐτὸν
368 1174 472 1232 πρὸς
491 1174 559 1217 τὸν
585 1177 789 1229 βασιλέα,
823 1177 896 1217 καί
916 1172 1204 1230 προσκυνήσας
1225 1171 1277 1215 τὰ
1306 1172 1464 1227 γόνατα
1490 1171 1687 1214 xoez'Ed.L.
1702 1177 1749 1213 56

124 1242 203 1292 τὰς
225 1247 375 1298 χεῖρας
397 1243 470 1284 τοῦ
491 1243 710 1295 βασιλέως,
739 1239 974 1292 ἀσπάζεται
1006 1236 1158 1293 αὐτὸν,
1187 1238 1259 1282 καί
1286 1237 1464 1281 διελθών
1492 1237 1562 1280 διὰ

123 1309 203 1350 τοῦ
241 1309 381 1359 δεξιοῦ
409 1309 568 1363 μέρους
605 1308 774 1348 ἵσταται
798 1304 878 1347 ἀπὸ
912 1312 996 1348 τῶν
1030 1303 1249 1361 ἀρχόντων
1281 1306 1355 1347 τοῦ
1385 1307 1566 1358 κουβου-

124 1377 277 1416 κλείου.
326 1369 611 1426 οἷσπασάμενοι
635 1374 682 1413 δὲ
712 1373 786 1414 καί
805 1370 844 1414 οἱ
870 1370 1126 1422 εἰσελθόντες
1142 1369 1249 1424 μετὰ
1271 1371 1403 1412 ταῦτα
1424 1366 1559 1412 ἅπαν-

122 1455 192 1488 τες
212 1440 264 1496 τῇ
284 1437 396 1488 τάξει
417 1437 576 1495 ταύτῃ,
622 1438 871 1492 ἐπέρχονται
918 1439 992 1478 καί
1017 1439 1206 1478 ἵστανται
1237 1432 1312 1477 ἄπ’
1340 1432 1475 1477 adro&
1497 1437 1734 1490 s'n’Ms.54.a

69 1505 295 1554 noeffla'ag
314 1501 492 1553 ἅπαντες
521 1505 567 1545 ἐν
588 1505 644 1560 τῷ
673 1505 792 1559 δεξιῷ
815 1503 948 1558 μέρει,
971 1501 1029 1552 ὦς
1045 1501 1302 1558 προείρηται.
1341 1503 1414 1542 καί
1435 1497 1562 1551 αὖθις

123 1568 304 1620 ἐξελθών
336 1568 358 1610 ὅ
385 1568 595 1624 ὄστιάριος
627 1565 708 1610 άπὸ
742 1567 990 1620 κελεύσεως,
1033 1565 1188 1621 εἰσάγει
1215 1565 1285 1608 διὰ
1317 1567 1392 1607 τοῦ
1423 1567 1562 1617 δεξιοῦ

122 1637 280 1688 μέρους
310 1635 437 1689 βῆλον
462 1631 514 1687 β’,
554 1632 627 1676 τὸν
660 1635 812 1688 κλῆρον
839 1634 916 1687 τῆς
944 1632 1126 1687 μεγάλης
1162 1630 1391 1686 ἐκκλησίας·
1428 1647 1562 1686 προσ-

124 1699 374 1754 κυνήσαντες
413 1700 460 1740 δὲ
498 1700 570 1740 καί
607 1698 735 1739 αὐτοὶ
767 1697 923 1751 ὁμοίως
950 1700 1003 1754 τῇ
1034 1698 1310 1753 προειρημένῃ
1343 1697 1458 1748 τάξει
1486 1698 1562 1738 κατ’

124 1760 415 1817 ἀσπασάμενοι
435 1765 510 1806 τὸν
543 1765 747 1818 βασιλέα,
798 1760 1052 1820 ἀπέρχονται
1100 1761 1175 1805 κατ’
1207 1763 1394 1806 ἵστανται
1423 1761 1470 1804 ἐν
1498 1761 1558 1820 τῷ

215 1892 244 1914 ι.
266 1879 308 1916 ἐν
330 1881 372 1926 τῇ
397 1879 474 1926 ἅδῷ
492 1881 548 1916 ed.

121 1966 221 2000 aurei
250 1966 403 2000 triclinii
432 1970 514 1999 stat.
581 1964 659 2012 (11.)
682 1965 813 1998 Rursus
836 1963 1089 2010 praepositus,
1128 1964 1229 2011 signo
1258 1965 1303 2000 ab
1328 1965 1551 2011 Irnperatore

117 2018 286 2057 accepto,
327 2013 512 2046 ostiarium
535 2011 728 2052 admonet,
762 2013 825 2057 qui
848 2012 967 2045 velum
989 2023 1096 2044 manu
1128 2013 1272 2057 pulsat,
1310 2013 1408 2059 quod
1434 2013 1552 2046 silen—

116 2059 219 2093 tiarii
242 2071 381 2093 sursum
408 2059 589 2092 attollunt.
638 2059 682 2091 Et
706 2059 818 2092 intrat
850 2069 915 2103 per
936 2059 1120 2092 sinistrum
1150 2060 1250 2092 aurei
1274 2059 1426 2094 triclinii
1455 2060 1549 2092 latus

117 2106 236 2139 velum
260 2107 436 2151 primum,
467 2105 718 2150 metropolitae
742 2111 779 2138 et
799 2106 980 2150 episcopi,
1008 2106 1084 2151 qui,
1109 2111 1226 2139 stante
1252 2106 1319 2139 sub
1341 2105 1438 2139 dicto
1465 2106 1547 2138 velo

119 2153 266 2185 ostiario
283 2177 294 2192 ,
319 2153 359 2184 in
378 2157 506 2185 terram
527 2151 769 2197 procumbunt
799 2158 836 2185 et
850 2177 860 2192 ‚
883 2157 1071 2197 postquam
1092 2163 1298 2194 surrexere,
1323 2152 1370 2186 ad
1387 2152 1547 2185 medium

116 2198 269 2231 triclinii
292 2199 504 2242 procedunt.
553 2201 644 2231 Ante
665 2199 760 2242 ipsos
781 2199 946 2232 ostiarius
995 2199 1194 2243 regreditur
1230 2204 1267 2232 et
1302 2204 1386 2233 ante
1425 2199 1546 2232 lucer-

117 2255 201 2276 nam
226 2246 265 2277 in
290 2244 410 2278 medio
430 2255 560 2278 aureae
588 2255 731 2278 mensae
754 2244 938 2288 subsistit3
1001 2245 1036 2285 i,
1061 2250 1252 2291 postquam
1270 2244 1324 2279 ibi
1348 2246 1478 2279 iterum
1503 2244 1544 2278 in

117 2295 252 2323 terram
273 2291 507 2335 prociderunt
531 2297 568 2324 et
590 2302 797 2332 surrexere,
829 2291 966 2324 abeunt
994 2296 1030 2324 et
1054 2302 1181 2324 aureae
1209 2303 1355 2326 mensae
1386 2291 1543 2331 adstant,

120 2346 315 2382 eorumque
340 2338 504 2382 principe
534 2337 580 2370 ad
601 2349 741 2371 auream
763 2349 921 2371 mensam
945 2339 1162 2377 constituto,
1203 2349 1326 2371 omnes
1345 2339 1384 2371 in
1410 2344 1543 2371 terram

118 2382 380 2425 procumbunt,
404 2384 673 2418 cerimoniarius
699 2389 817 2417 autem
840 2389 876 2417 et
894 2384 1160 2417 referendarius
1186 2384 1387 2430 principem
1416 2393 1542 2417 eorum

119 2426 167 2460 ad
190 2428 441 2472 Imperatorem
466 2430 670 2470 adducunt,
706 2441 834 2477 quem,
876 2441 992 2476 genua
1022 2431 1099 2464 eius
1125 2441 1323 2477 manusque
1346 2431 1545 2475 amplexus,

119 2473 276 2514 salutat,
302 2479 339 2508 et
366 2475 411 2508 ad
436 2475 600 2509 dextrum
618 2477 711 2510 latus
732 2476 935 2521 digressus,
959 2482 1042 2521 post
1065 2475 1232 2510 cubiculo
1252 2477 1453 2521 praefectos
1477 2474 1544 2508 ad-

119 2524 199 2552 stat.
248 2520 356 2565 Quod
389 2527 579 2567 postquam
614 2522 747 2556 deinde
773 2534 917 2563 omnes,
950 2522 1077 2557 eodem
1101 2523 1172 2557 ritu
1205 2523 1378 2568 ingressi,
1413 2522 1545 2560 secere,

119 2570 205 2610 post
222 2576 304 2599 eum
329 2566 368 2600 in
393 2567 515 2601 dextra
537 2574 639 2613 parte
665 2575 707 2602 ut
733 2581 837 2614 supra
867 2568 1002 2601 dictum
1029 2574 1084 2602 est
1107 2568 1234 2604 ordine
1253 2574 1357 2602 stant.
1413 2569 1546 2600 Rursus

120 2622 280 2657 egressus
316 2614 482 2646 ostiarius
512 2625 533 2647 a
555 2615 743 2656 mandato,
779 2627 844 2660 per
881 2615 1043 2649 dextram
1072 2616 1223 2648 triclinii
1258 2620 1395 2659 partem
1426 2613 1547 2646 velum

119 2656 338 2697 secundum,
375 2659 520 2693 clericos
546 2671 690 2706 magnae
714 2662 904 2702 ecclesiae,
930 2661 1100 2694 adducit:
1124 2662 1187 2708 qui
1212 2672 1292 2694 cum
1316 2661 1387 2705 ipsi
1411 2659 1548 2703 pariter

106 2703 245 2737 -eodem
268 2705 340 2738 ritu
366 2705 624 2750 Imperatorem
647 2707 843 2741 adorarunt
867 2713 904 2740 et
930 2708 1147 2748 salutarunt,
1192 2706 1328 2740 abeunt
1373 2711 1410 2739 et
1432 2707 1472 2738 in
1494 2707 1548 2740 si-

116 2750 231 2784 nistro
255 2751 333 2785 eius
358 2751 511 2786 triclinii
533 2752 646 2788 latere
665 2759 750 2800 post
772 2753 931 2788 cubiculi
950 2753 1153 2798 praefectos
1178 2752 1332 2786 adstant.
1358 2751 1419 2786 Sic
1435 2753 1548 2787 ostia-
