1748 3126
435 570 1183 641 PRAEFATIO.

106 815 197 884 De
225 837 467 882 Constantino
490 846 798 893 Porphyrogenito
824 846 1046 892 Imperatore
1061 872 1071 887 ,
1097 846 1142 880 de
1166 845 1270 880 libris
1294 846 1429 892 quibus
1454 848 1546 883 ordo

105 916 213 951 aulae
236 916 454 962 Byzantinae
478 915 701 958 declaratur,
723 915 788 962 qui
811 915 858 949 ad
879 916 985 949 illum
1010 921 1194 949 auctorem
1224 915 1449 958 reseruntur,
1483 927 1546 950 eo-

106 995 259 1031 rumque
281 984 405 1020 codice
428 985 631 1031 Lipsiensi,
653 984 763 1030 plene
787 983 1067 1030 luculenterque
1091 995 1112 1017 a
1143 983 1295 1018 Leichio
1323 984 1546 1031 Reiskioque

108 1052 317 1098 expositum
347 1058 424 1088 est:
458 1064 525 1088 nos
554 1053 715 1088 breviter
741 1051 1024 1098 explicabimus,
1058 1051 1151 1087 haec
1184 1052 1299 1088 editio
1324 1053 1546 1100 quibusnam

105 1120 256 1156 dotibus
279 1122 337 1169 illi
358 1126 520 1169 praestet
542 1133 637 1168 quae
661 1126 699 1156 et
721 1123 890 1168 princeps
916 1121 1009 1164 fuit,
1037 1126 1075 1155 et
1095 1120 1271 1155 hactenus
1295 1122 1414 1156 unica.
1439 1123 1544 1156 Hanc

110 1202 134 1226 a
155 1191 306 1226 Leichio
334 1197 523 1238 coeptam,
557 1192 826 1237 immaturaque
862 1191 941 1225 eius
974 1194 1092 1224 morte
1125 1190 1318 1236 abruptam
1353 1202 1375 1224 a
1398 1190 1548 1226 Reiskio

104 1259 153 1294 ad
175 1261 284 1295 finem
308 1261 399 1296 tomi
422 1260 573 1296 secundi
594 1260 818 1306 perductam,
841 1260 991 1294 tertium
1012 1259 1201 1293 voluntate
1224 1258 1450 1305 bibliopolae
1481 1260 1547 1306 qui

103 1331 159 1365 rei
189 1328 378 1364 familiaris
411 1331 588 1364 iacturam
612 1330 737 1375 augeri
760 1329 912 1363 nolebat
941 1327 1112 1362 omissum
1137 1338 1235 1371 esse,
1266 1328 1456 1363 notissima
1487 1338 1546 1363 res

105 1403 171 1435 est.
193 1397 376 1441 Lcichius,
386 1409 496 1444 pravo
516 1398 667 1433 consilio
680 1410 778 1440 usus,
795 1399 847 1432 ita
858 1398 1014 1432 confisus
1032 1402 1088 1431 est
1109 1397 1316 1444 apographo
1341 1408 1408 1442 per
1429 1397 1550 1431 Drau-

107 1465 210 1501 dinm
240 1467 425 1509 confecto,
458 1473 502 1502 ut
537 1467 601 1505 vix
628 1468 825 1514 inspiceret
857 1466 1020 1502 codicem
1057 1467 1160 1500 cuius
1191 1466 1395 1513 praesentis
1441 1466 1546 1512 copia

104 1541 204 1578 erat,
229 1535 428 1570 editionem
452 1540 550 1570 certe
574 1536 679 1570 unice
704 1536 751 1570 ad
774 1536 868 1570 illud
892 1536 988 1582 typis
1013 1536 1247 1572 exscriberet.
1268 1534 1340 1568 Sed
1365 1533 1547 1576 Reiskim,

105 1609 274 1650 suscepta
307 1605 426 1650 operis
459 1616 570 1647 cura,
599 1605 697 1639 nihil
719 1605 905 1652 antiquius
931 1616 1009 1639 esse
1040 1604 1146 1638 duxit
1168 1604 1366 1639 collatione
1391 1602 1548 1644 codicis,

104 1671 204 1709 unde
223 1685 331 1721 quam
352 1673 517 1719 plurimis
541 1673 631 1707 locis
649 1672 876 1707 foedissimos
897 1685 1035 1708 errores
1053 1674 1231 1718 correxit3
1255 1674 1370 1708 incisa
1388 1674 1545 1717 integra,

106 1746 258 1787 propter
280 1741 543 1788 ὄμοιοτέλευτα
572 1741 810 1786 praesertim,
847 1741 999 1781 omissa,
1031 1741 1214 1774 restituit:
1240 1751 1332 1786 quae
1356 1741 1477 1774 omnia
1505 1742 1548 1774 in

108 1811 367 1846 commentario
391 1814 556 1844 accurate
578 1809 774 1850 indicavit,
806 1808 847 1842 in
878 1809 1001 1853 priore
1035 1813 1139 1854 parte
1174 1819 1270 1854 quae
1295 1810 1369 1842 iam
1392 1820 1413 1843 e
1440 1809 1544 1854 prelo

110 1880 252 1914 exierat
280 1877 472 1914 emendare
506 1889 582 1912 non
617 1876 762 1911 licebat.
818 1877 891 1922 Ego
927 1888 950 1910 a
981 1876 1152 1911 Classeno
1178 1887 1260 1911 meo
1284 1877 1474 1923 impetravi
1503 1881 1545 1911 ut

107 1947 240 1983 vitiosa
270 1947 501 1987 emendaret,
537 1956 663 1979 manca
693 1945 902 1990 suppleret,
936 1956 1029 1991 quae
1063 1956 1109 1978 ex
1144 1955 1254 1990 prave
1290 1927 1425 1992 grae—cis
1448 1957 1506 1980 ma
1520 1956 1541 1979 e

105 2025 211 2050 versa
234 2020 378 2059 essent,
404 2014 615 2060 corrigeret;
643 2014 764 2048 omnia
791 2025 837 2047 ex
858 2018 979 2049 mente
989 2014 1150 2048 Reiskii:
1174 2015 1275 2048 cuius
1299 2015 1353 2048 rei
1379 2020 1417 2049 et
1438 2014 1545 2050 labor

105 2083 181 2130 fuit
208 2095 284 2119 non
315 2086 483 2131 exiguus,
517 2088 555 2117 et
583 2082 722 2117 fructus
751 2093 839 2116 sane
874 2083 1024 2128 amplus.
1084 2084 1129 2117 In
1172 2083 1410 2130 sequentibus
1450 2096 1543 2130 quae

106 2152 274 2192 Reiskius
298 2153 377 2198 ipse
398 2153 601 2195 accuravit,
624 2151 722 2187 nihil
742 2155 882 2186 mutare
906 2151 1067 2197 placuit,
1090 2163 1308 2198 quamquam
1330 2152 1541 2199 ille,quum

106 2226 276 2268 portenta
298 2221 501 2264 scribendi,
524 2222 648 2269 qualia
673 2221 714 2255 in
737 2219 862 2254 codice
897 2224 1033 2262 extant,
1055 2219 1339 2266 manifestosque
1379 2231 1541 2262 errores,

55 2307 59 2310 «
107 2291 350 2338 relinqueret,
385 2290 458 2325 sibi
493 2291 588 2335 ipsi,
611 2299 787 2335 meaeque
810 2287 1066 2323 consuetudini
1090 2290 1289 2323 contrarius
1311 2288 1433 2326 fuerit,
1469 2288 1542 2322 Sed

106 2359 279 2394 nolebam
300 2359 505 2393 festinatius
530 2369 652 2405 agere,
676 2359 776 2404 quod
798 2359 916 2393 facere
952 2357 1178 2399 debuissem,
1215 2357 1291 2392 otio
1325 2356 1541 2399 destitutus3

104 2427 228 2472 itaque
250 2428 516 2462 incommodum
530 2454 541 2470 ,
561 2427 662 2475 quod
679 2428 796 2462 levius
812 2427 904 2463 mihi
923 2427 1129 2468 videretur,
1148 2427 1252 2471 elegi.
1308 2424 1431 2470 Quum
1456 2435 1539 2459 vero

108 2494 338 2530 concedimus
348 2506 423 2529 non
441 2507 517 2531 esse
531 2496 629 2532 omni
643 2507 792 2531 numero
810 2497 1012 2533 absolutam
1021 2496 1267 2531 recensionem
1277 2492 1425 2535 Reiskii,
1440 2503 1540 2527 com-

108 2562 280 2596 mentarii
314 2563 484 2598 laudibus
507 2564 603 2599 nihil
639 2575 724 2599 sane
750 2564 974 2607 detrahitur,
1001 2576 1074 2612 quo
1101 2565 1166 2599 ille
1190 2575 1245 2597 res
1269 2561 1540 2596 obscurissimas

112 2633 286 2675 extraque
310 2641 533 2666 communem
556 2633 800 2678 cognitionem
810 2634 946 2679 positas
963 2634 1016 2668 ita
1042 2633 1235 2680 explicavit
1258 2636 1299 2665 ut
1317 2631 1537 2675 Lessingius‚

110 2698 219 2734 etiam
243 2698 283 2732 in
304 2697 361 2734 his
388 2698 520 2736 litteris
544 2701 827 2748 sapientissimus
852 2701 982 2744 iudex,
1016 2700 1287 2743 „admirandum
1325 2711 1401 2734 esse
1425 2710 1537 2746 opus,
