1878 3112
349 125 463 200 478
626 145 895 190 APPENDm
936 145 1011 186 An
1051 146 1254 187 MERUM
1293 147 1507 189 mmmm

353 247 582 305 σύντροφοι
610 248 684 290 καὶ
709 247 749 291 οἱ
779 247 1007 302 ὄπτιμάτοι
1033 247 1085 291 τὰ
1114 251 1328 305 παρίππια
1355 251 1438 293 τῶν
1462 250 1702 306 ὑπουργῶν,
1730 248 1803 294 ’καί

152 315 344 363 Ed·L·276
354 312 588 369 ἀπάγουσιν
609 316 668 363 εἷς
695 312 769 370 τήν
796 313 927 370 βοσκή
935 331 956 356 ν
985 312 1091 369 πρὸς
1109 314 1184 357 τὸν
1209 315 1516 373 χαρτουλάριον
1543 317 1628 359 τῶν
1643 319 1802 358 Mala-

349 380 496 436 γίνων.
549 378 594 422 τὸ
626 379 728 422 αὐτὸ
759 382 805 422 δὲ
834 379 907 422 καί
937 383 1073 423 πᾶσαι
1102 381 1146 423 αἱ
1177 384 1433 438 φορτωσιάι·
1453 383 1527 424 καὶ
1564 380 1715 432 πάντες
1757 381 1799 424 οἶ

352 447 695 498 κομπινευθὲντες
723 445 919 499 βασιλικὰ
954 442 1098 501 ἄλογα,
1126 441 1255 502 ἤγουν
1279 446 1384 490 κατὰ
1415 445 1650 506 σαγμάριον
1678 447 1798 490 ‹in-ct·-

348 509 494 566 μάτος,
522 508 664 561 καθώς
692 511 888 568 ἀνωτέρω
917 510 1091 569 εἴρηται.
1794 511 1821 554 5

781 624 895 660 Εἰσὶν
920 624 961 658 αἱ
987 626 1204 672 φορτωσίαι
1234 623 1362 664 οὕτως.

459 700 546 745 Διά
573 702 646 757 τῆς
670 702 890 757 βασιλικῆς
916 699 1151 757 ὑπουργίας
1174 703 1389 760 σαγμᾰρια
1409 701 1464 757 π’,
1491 704 1702 759 παρίππια
1723 703 1798 756 Eff-

173 765 425 811 Με.ιι.1»ὃιιὶ
452 769 524 822 τῆς
551 769 766 823 βασιλικῆς
792 765 940 824 κόρτης
966 766 1182 825 σαγμάρια
1211 768 1258 822 ν’,
1286 767 1495 826 παρίππια
1522 767 1602 822 μγ’·
1629 765 1698 810 διὰ
1721 767 1798 809 τοῦ

347 834 553 875 οἷκειακοῦ
589 835 811 887 βασιλικοῦ
850 835 1092 890 βεστιαρίου
1133 834 1348 890 σαγμάρια
1384 833 1432 888 λ’,
1480 835 1694 890 παρίππιοι
1734 831 1798 875 ιε’·

346 897 421 941 διὰ
449 900 527 941 τοῦ
558 900 718 941 εἰδικοῦ
745 897 959 955 σαγμάρια
999 901 1038 953 μ’
1081 899 1153 942 καί
1173 902 1258 942 τῶν
1285 898 1552 956 ἑβδομαρίων
1578 897 1848 954 παρίππιαιο

346 966 410 1007 ιε’·
467 963 539 1006 διὰ
585 965 664 1006 τοῦ
706 964 1091 1022 πρωτοβεστιαρώυ
1141 967 1354 1023 σαγμάρια
1394 966 1444 1019 δ’,
1491 967 1702 1020 παρίππια
1745 961 1798 1005 δ’·

350 1028 422 1071 διὰ
452 1031 535 1072 τῶν
564 1032 812 1071 κοιτωνιτῶν
839 1032 921 1072 τῶν
950 1029 1003 1084 ιβ’
1033 1031 1246 1087 σαγμάρια
1276 1031 1352 1085 κδ’,
1381 1032 1592 1087 παρίππια
1620 1028 1698 1072 κδ’·
1727 1019 1798 1072 δαὶ

316 1097 438 1144 Βταῗν
466 1096 701 1148 σαράκοντα
741 1097 824 1137 τῶν
851 1098 1175 1151 παρισταμένων
1213 1099 1265 1155 τῇ
1292 1099 1474 1154 τραπέζῃ
1504 1094 1719 1152 σαγμάρια
1747 1094 1796 1147 κ’,

347 1161 561 1215 παρίππια
589 1158 637 1202 κ’·
693 1159 764 1202 διὰ
794 1162 879 1203 τῶν
906 1161 977 1203 ἐπὶ
1002 1164 1077 1216 τῆς
1104 1158 1316 1218 ἑταιρείας
1356 1159 1515 1218 ἄνδρας
1540 1162 1591 1215 σ’,
1633 1158 1796 1215 οαγμοὶ-

347 1242 421 1280 ρια
450 1222 500 1280 ρ’,
544 1225 822 1279 παρίππια...
861 1224 934 1268 διὰ
970 1229 1055 1269 τῶν
1082 1224 1115 1283 ρ’
1145 1229 1323 1269 ἐθνικῶν
1357 1228 1443 1269 τῶν
1477 1227 1551 1270 ἐπὶ
1582 1228 1656 1282 τῆς
1681 1222 1851 1272 ἔται-15

345 1292 462 1344 ρειάς
489 1290 704 1346 σαγμάρια
731 1292 777 1345 ν’,
824 1293 1038 1348 παρίππια
1066 1293 1116 1349 ρ’·
1174 1291 1245 1335 διὰ
1285 1295 1362 1334 τοῦ
1387 1291 1567 1348 κόμητος
1593 1293 1669 1334 τοῦ
1693 1291 1791 1333 στά-

344 1360 448 1410 βλου
478 1357 695 1412 σαγμάρια
723 1356 791 1411 ιβ’,
821 1360 1034 1414 παρι’ππια
1063 1358 1132 1413 ιβ’·
1177 1356 1246 1400 διὰ
1276 1361 1354 1400 τοῦ
1378 1359 1691 1414 χαρτουλαριόυ
1719 1357 1794 1398 καί

343 1422 420 1462 τοῦ
447 1423 636 1463 ἕπείκτου
665 1422 880 1478 σαγμάρια
913 1422 982 1477 ις’,
1010 1426 1223 1480 παρίππια
1253 1423 1318 1472 ις’·
1375 1421 1447 1466 διὰ
1473 1425 1552 1465 τοῦ
1579 1419 1789 1464 οἷποθέτου

344 1487 423 1528 τοῦ
450 1485 670 1541 κελλαριόυ
698 1490 774 1528 τοῦ
800 1492 1020 1541 βασιλικοῦ
1047 1488 1229 1542 στάβλου
1258 1491 1473 1543 σαγμάρια
1501 1487 1549 1542 λ’,
1577 1490 1789 1543 παρίππια

346 1549 415 1604 ιβ’·
458 1549 529 1593 διὰ
559 1554 635 1593 τοῦ
663 1553 990 1609 σταβλοκόμητος
1015 1555 1090 1609 τῆς
1126 1551 1282 1604 πόλεως
1322 1550 1537 1611 σὰγμάρια
1563 1553 1599 1608 β’
1629 1551 1704 1594 καί
1719 1566 1849 1596 rto-20

346 1717 519 1764 appulso,
547 1729 567 1751 a
591 1718 766 1752 ministris
792 1717 936 1752 culinae
961 1729 1073 1765 equos
1095 1717 1312 1756 veredarios,
1340 1721 1377 1751 et
1396 1718 1535 1752 ducunt
1559 1729 1621 1751 eos
1646 1721 1790 1762 pastum

345 1765 393 1798 ad
417 1765 671 1799 chartularium
695 1765 967 1809 Maluginorum.
1003 1766 1044 1799 Id
1063 1776 1209 1811 qnoque
1233 1765 1274 1809 fit
1301 1763 1345 1798 de
1363 1765 1514 1810 reliquis
1536 1765 1732 1804 onerariis,
1754 1769 1792 1797 et

344 1810 441 1846 idem
463 1811 602 1845 faciunt
635 1813 674 1844 in
697 1814 902 1845 universum
927 1823 1068 1852 omnes,
1102 1812 1164 1857 qui
1196 1812 1292 1855 regia
1325 1812 1484 1845 iumenta
1503 1812 1543 1845 in
1566 1810 1791 1851 combinam,

344 1857 386 1890 id
406 1864 461 1892 est
479 1859 765 1892 commissionem
784 1857 965 1904 fidemque
985 1870 1081 1892 suam
1096 1869 1167 1891 una
1185 1869 1265 1891 cum
1275 1862 1409 1892 tessera
1427 1859 1656 1903 acceperint3
1689 1866 1791 1891 nem—

348 1914 397 1948 pe
433 1906 625 1950 optimates
671 1906 806 1950 singuli
838 1905 988 1949 singulis
1023 1905 1211 1951 sagmariis
1248 1904 1388 1947 additi,
1416 1909 1460 1939 ut
1490 1916 1597 1950 supra
1619 1905 1693 1936 iam
1728 1901 1789 1935 ‹li-

345 1955 444 1985 ctum
462 1956 527 1986 est.

767 2041 1001 2065 ONERATIOKES
1037 2041 1153 2064 Atrum
1179 2042 1231 2064 ⁸11:
1257 2043 1378 2068 rmwr.

437 2110 467 2144 A
497 2109 575 2155 [vel
594 2109 686 2162 pro]
708 2109 806 2154 regio
832 2108 1034 2142 ministerio
1057 2106 1212 2142 culinari
1237 2109 1328 2141 muli
1357 2112 1554 2141 onerantur
1585 2109 1789 2155 octoginta,

345 2155 540 2202 parhippia
567 2161 752 2201 sexaginta
781 2155 864 2188 duo.
913 2156 943 2188 A
964 2155 1060 2199 regia
1088 2160 1186 2188 corte
1214 2166 1277 2188 seu
1313 2155 1462 2188 tentorii
1488 2154 1578 2200 regii
1605 2155 1788 2189 famulitio

350 2203 524 2248 sagmaria
549 2202 814 2252 quinquaginta
829 2227 838 2241 ‚
874 2201 1065 2246 parhippia
1087 2202 1142 2245 43.
1191 2203 1219 2236 A
1247 2201 1390 2245 privato
1420 2201 1517 2245 regio
1536 2202 1706 2235 vestiario
1729 2213 1788 2235 sa-

346 2249 484 2295 gmaria
508 2251 575 2288 30,
599 2248 701 2293 parh,
726 2249 778 2282 15.
802 2247 857 2281 Ab
881 2247 977 2280 idico
993 2259 1100 2292 sagm.
1121 2248 1184 2291 4ο,
1220 2252 1257 2281 et
1276 2246 1595 2280 hebdomariorum
1611 2247 1711 2293 parh.
1734 2249 1786 2283 15.

345 2301 376 2330 Α
394 2295 671 2341 protovestiario
689 2305 795 2338 sagm.
825 2293 847 2337 4
875 2299 912 2327 et
930 2293 1031 2338 parh-
1053 2293 1217 2326 totidem.
1255 2294 1284 2326 A
1307 2294 1500 2327 duodecim
1528 2295 1721 2328 coetonitis
1741 2296 1787 2339 24

346 2353 455 2387 sagm.
481 2346 519 2375 et
545 2340 698 2374 totidem
729 2339 933 2386 parhippia.
980 2341 1007 2373 A
1045 2340 1283 2385 quadraginta
1320 2340 1464 2373 famulis
1492 2351 1638 2377 mensae
1666 2340 1786 2386 regiae

344 2388 574 2423 adstantibus
594 2399 703 2432 sagm.
734 2398 778 2422 20
801 2391 837 2420 et
853 2386 1006 2420 totidem
1023 2386 1123 2432 parh.
1173 2387 1202 2419 A
1220 2386 1384 2420 ducentis
1405 2386 1452 2419 ad
1477 2387 1676 2421 hetaeri-un
1699 2397 1786 2431 per-

345 2435 549 2470 tinentibus
574 2434 660 2467 viris
679 2444 788 2478 sagm.
817 2445 879 2467 100
897 2437 934 2466 et
956 2435 998 2478 24
1022 2433 1225 2478 parhippia.
1274 2434 1303 2468 A
1332 2438 1477 2467 centum
1504 2434 1636 2467 exteris
1658 2433 1786 2467 hetae-

346 2483 423 2516 riae
454 2481 645 2527 praefectis
683 2480 858 2524 sagmaria
884 2482 947 2520 50,
974 2480 1166 2524 parhippia
1187 2491 1262 2517 100.
1308 2481 1336 2514 A
1366 2481 1498 2514 comite
1519 2479 1655 2514 stabuli
1675 2490 1784 2524 sagm-

349 2541 391 2563 12
409 2534 448 2562 et
475 2528 627 2562 totidem
646 2526 849 2572 parhippia,
894 2526 924 2559 A
946 2525 1166 2559 chartulario
1197 2531 1233 2559 et
1263 2527 1401 2570 epeicta
1425 2538 1531 2572 sagm.
1559 2529 1600 2562 16
1629 2531 1666 2560 et
1694 2525 1785 2559 toti-

347 2576 428 2608 dem
448 2576 549 2620 parh.
596 2574 625 2608 A
648 2573 893 2618 promoconde
917 2573 1055 2606 cellarii
1079 2573 1167 2618 regii
1185 2572 1320 2606 stabuli
1344 2584 1449 2619 sagm.
1477 2575 1522 2608 30
1546 2578 1583 2607 et
1602 2571 1704 2617 parh.
1730 2583 1781 2607 ια.

343 2622 374 2655 Α
399 2622 531 2655 comite
555 2620 690 2654 stabuli
712 2619 818 2652 Urbis
849 2631 955 2665 sagm.
978 2632 998 2654 2
1018 2625 1055 2653 et
1076 2620 1161 2664 equi
1191 2618 1262 2652 duo
1284 2621 1421 2664 pariter
1449 2632 1492 2653 ex
1518 2617 1679 2656 urbanis,
1723 2615 1781 2651 Ab

344 2667 522 2702 ambobus
547 2667 681 2701 stabuli
711 2666 904 2699 comitibus
935 2665 1034 2711 [uno
1058 2666 1243 2711 palatin0‚
1268 2666 1332 2711 qui
1366 2667 1404 2700 in
1430 2666 1526 2700 Urbe
1546 2665 1643 2711 agit,
1665 2668 1706 2701 et
1725 2662 1782 2695 al·

344 2719 441 2758 tero,
470 2715 534 2759 qui
562 2714 600 2749 in
625 2713 859 2761 Malaginis,]
897 2724 1004 2757 sagm.
1030 2725 1042 2747 1
1069 2717 1106 2746 et
1138 2713 1223 2758 equi
1247 2724 1290 2747 ex
1312 2713 1463 2746 urbanis
1490 2724 1526 2750 2.
1571 2714 1602 2746 A
1625 2708 1782 2756 quadr-‘³⁴
