1884 3112
391 122 464 164 nr,
486 117 744 165 emmor«.
772 114 954 159 Aumr.
981 111 1205 156 amm.
1230 113 1266 153 1.
1293 113 1362 157 30.
1487 87 1594 162 169

161 224 439 280 σφαλίζουσιν
461 208 502 268 οῖ
529 219 863 275 κοοβικουλάριοι
894 215 968 273 τὴν
997 217 1144 270 πύλην,
1171 208 1598 285 ὖπερευχόμενοιὶκαὲ

161 289 290 332 adrat
322 291 412 343 „ele
445 280 624 335 πολλοὺς
653 285 727 327 καί
770 282 955 338 ἀγαθοὺς
991 280 1171 336 χρόνους
1181 281 1220 322 .”
1290 279 1366 319 καί
1397 279 1538 331 λαβων
1570 281 1626 316 oD

159 354 425 410 πραιπόσιτος
447 351 495 396 τὸ
521 353 685 405 στέμμα
706 349 787 392 ἀπὸ
811 351 885 404 τῆς
909 347 1091 403 κεφαλῆς
1110 347 1188 388 τοῦ
1211 346 1429 398 βασιλέως,
1457 341 1593 417 εἰσέρ-

157 436 279 475 χεται
302 419 326 462 o‘
349 418 547 474 βασιλευς
573 420 619 460 ἐν
644 418 701 474 τῷ
726 417 812 473 ναῷ
835 416 910 456 τοῦ
938 415 1130 467 Κυρίου,
1173 409 1246 452 καὶ
1282 407 1421 463 λαβών
1444 422 1597 463 κηρους

71 482 75 485 ⁴
131 483 236 530 5xoec⁸
253 485 497 539 εὐξάμενος,
535 485 777 526 ἐπιδίδωσιν
805 478 962 529 αὐτοὺς
985 480 1042 536 τῷ
1063 473 1321 533 πραιποσίτῳ
1334 508 1347 527 ,
1384 474 1596 529 διέρχεται

156 549 229 594 διὰ
250 551 334 594 τῶν
353 551 605 604 διαβατικῶν
636 549 710 591 τοῦ
739 545 921 602 Κυρίου,
946 544 1019 586 καί
1039 542 1271 599 εἰσέρχεται
1293 543 1338 583 ἑν
1358 540 1414 597 τῷ
1435 536 1596 594 τρικόγ-

152 632 233 676 χῳ.
288 613 369 659 εἶθ’
401 612 532 664 οἷτως
567 616 780 669 διέρχεται
809 611 861 654 τὰ
894 606 1116 664 διαβατικὰ
1146 610 1229 650 τῶν
1265 605 1396 662 ἁγίων
1426 605 1481 658 μ’,
1522 606 1596 647 καί

152 683 384 739 εἰσέρχεται
404 683 463 731 εἰς
487 678 556 722 τὸν
582 678 935 735 χρυσοτρίκλινον,
964 674 1002 718 οἱ
1033 677 1079 718 δὲ
1112 674 1321 729 πατρίκιοι
1349 671 1424 713 καί
1446 667 1484 712 οἱ
1504 673 1593 736 lot:

151 746 225 790 ποῖ
244 749 504 803 εἰσέρχονται
525 743 595 787 διὰ
626 746 702 787 τοῦ
727 738 846 791 ὄντος
871 743 931 792 εἷς
956 739 1004 783 τὸ
1030 738 1163 789 ι’δικὸν
1186 737 1425 793 μονοθόρου
1462 737 1507 778 ἐν
1531 752 1589 793 τῳ

105 815 378 870 ιολαυσιακῷ.
435 810 508 854 καί
528 812 606 853 τοῦ
631 809 780 865 καιροῦ
801 806 1062 863 ἐγγίσαντος,
1101 806 1312 860 ἐξέρχεται
1342 800 1364 844 ὅ
1390 800 1590 856 βασιλευς

148 881 222 920 καί
250 880 471 930 καθέζεται
498 875 571 920 ἐπὶ
591 876 667 931 τῆς
686 876 830 928 τιμίας
861 872 996 914 aaron?
1024 870 1234 928 τραπέζης
1259 866 1367 923 μετὰ
1397 870 1482 910 τῶν
1514 864 1592 924 ᾇρ-

143 942 329 998 χόντων,
360 942 434 992 οὓς
451 945 640 986 ἐκέλευσε
666 941 715 998 τῇ
736 936 844 996 αὗτῇ
867 938 1003 996 ἡμέρᾳ
1028 937 1216 979 καλέσαι.
1270 934 1409 978 ἰστέον
1429 935 1497 987 δὲ,
1525 930 1586 975 ὅτι

147 1007 188 1051 οἱ
208 1011 289 1064 μὲν
307 1011 516 1066 πατρίκιοι
540 1009 614 1049 καί
635 1005 674 1048 οἶ
703 1005 923 1060 κληθέντες
955 1002 1136 1052 ἅπαντες
1166 998 1415 1058 ἦλλαγμένοι
1451 1001 1699 1056 εἶσέρ-Εὸι,
1715 1027 1776 1052 ,00

139 1089 292 1129 χονται
318 1075 378 1123 εἰς
403 1073 451 1116 τὸ
483 1071 708 1129 κλητώριον
730 1066 829 1113 ἄνευ
861 1070 1108 1124 χλανιδίων,
1148 1068 1188 1111 οἱ
1221 1069 1267 1110 δὲ
1299 1069 1377 1109 τοῦ
1409 1069 1586 1120 κουβου-

94 1141 284 1187 ιὸκλείου
313 1133 532 1194 ἄρχοντες,
572 1139 799 1195 φοροῦντες
822 1133 1004 1191 ἀληθινοὶ
1034 1133 1184 1190 σαγία,
1224 1135 1278 1192 τῇ
1307 1130 1415 1192 αὖτῇ
1447 1133 1584 1192 ἡμέρᾳ

87 1236 90 1238 v
143 1205 309 1247 τελοῦσι
332 1205 504 1246 διπλοῦν
533 1202 877 1260 παραστάσιμον.
931 1200 1016 1258 χρὴ
1041 1202 1087 1244 δὲ
1116 1201 1293 1254 εἰδέναι,
1321 1197 1398 1253 ὅτι,
1431 1201 1471 1241 εἰ
1501 1201 1581 1252 μὲν

119 1267 249 1327 ’τύχῃ
280 1271 332 1327 τῇ
358 1269 467 1327 αὐτῇ
504 1267 639 1328 ἡμέρᾳ
674 1268 774 1325 ιῖἦρ,
805 1266 1042 1310 διοδεύουσι
1072 1266 1142 1308 διὰ
1171 1268 1247 1307 τοῦ
1283 1265 1479 1320 ἐμβόλου,
1511 1267 1585 1308 καὶ

141 1331 391 1390 ἇνέρχονται
417 1337 462 1378 ἐν
491 1337 549 1394 τῷ
575 1336 646 1378 τοῦ
678 1333 813 1392 φόρου
843 1331 1016 1392 σινάτῳ,
1054 1333 1127 1375 καί
1153 1334 1320 1375 ἵσταται
1347 1332 1581 1385 ἅντιμίσιον

143 1398 226 1442 dv&
245 1398 403 1454 μεταξὺ
422 1403 499 1442 τοῦ
524 1400 693 1443 σινάτου
707 1434 720 1454 ,
759 1399 833 1442 καί
853 1405 968 1442 τελεῖ
986 1398 1038 1441 τὰ
1067 1396 1231 1440 ἅπαντα
1255 1400 1386 1441 ἐκεῖσε
1400 1432 1413 1451 ,
1441 1392 1500 1439 ὧν
1526 1397 1581 1439 ἆ-

86 1465 349 1515 αοκολούθως
372 1466 594 1522 εἰρήκαμεν
604 1501 616 1520 ,
662 1466 735 1508 καί
772 1464 895 1508 πάλιν
927 1465 998 1507 διὰ
1026 1466 1102 1507 τοῦ
1138 1461 1271 1507 αὐτοῦ
1298 1464 1481 1518 ἐμβόλου
1504 1480 1580 1504 κα-

137 1532 329 1586 τέρχεται
354 1533 426 1573 καί
451 1534 526 1573 τοῦ
550 1532 731 1586 λαύσου,
761 1534 835 1574 καί
853 1530 1074 1588 ἀριστερὸν
1096 1533 1307 1583 ἐκκλίνας,
1349 1530 1579 1585 ἀπέρχεται

137 1595 198 1645 εἷς
216 1594 269 1637 τὰ
290 1596 611 1653 χαλκοπράτεια.
667 1599 813 1651 ἰστέον,
843 1595 910 1638 ὅτι
931 1600 1065 1639 ταῦτα
1090 1595 1223 1638 πάντα
1245 1601 1441 1648 τελεῖται,
1469 1593 1574 1650 πλὴν
1595 1612 1622 1645 B

139 1659 168 1701 ὅ
198 1660 396 1714 βασιλεὺς
418 1663 494 1702 οὐκ
523 1656 747 1718 ἀνέρχεται
768 1665 863 1705 νυνί
880 1664 924 1704 ἐν
954 1669 1041 1712 τοῖς
1062 1662 1442 1717 κατηχουμενείοις,
1482 1661 1575 1702 ἀλλ’

137 1726 198 1776 εἷς
222 1725 299 1781 τήν
328 1726 527 1783 τροπικήν
560 1724 692 1777 ἑστώς
726 1730 800 1783 τῆς
834 1727 955 1783 ἁγίας
994 1730 1145 1785 σοροῦ,
1196 1728 1326 1769 ἐκεῖσε
1359 1731 1472 1769 τελεῑ·
1499 1725 1574 1782 τὴν

220 1815 255 1853 8.
279 1807 322 1851 τό
344 1823 520 1866 χρυσοτρ.
542 1816 598 1851 ed.
669 1820 720 1855 18.
744 1818 916 1854 ἵστανται
939 1817 995 1851 ed.
1072 1830 1123 1864 ¹9·
1139 1818 1299 1851 τελεῖται
1323 1814 1387 1850 ἅττ.
1413 1817 1508 1854 coni.
1531 1818 1571 1876 R·

127 1898 270 1940 portam
293 1897 421 1942 templi
439 1897 587 1931 Domini
607 1903 829 1943 exspectant,
874 1899 1095 1944 Imperatore
1113 1903 1254 1944 portam
1277 1898 1458 1943 ingresso,
1490 1908 1571 1931 eam

129 1941 347 1975 cubicularii
369 1944 600 1985 custodiunt,
625 1950 662 1978 et
689 1945 847 1978 faustum
870 1956 911 1978 ac
931 1945 1145 1979 diuturnum
1172 1945 1366 1993 imperium
1381 1945 1415 1978 ei
1439 1955 1570 1990 appre-

130 1993 269 2023 oentur.
317 1990 547 2036 praepositus
566 1991 612 2024 ab
635 1993 866 2037 Imperatoris
889 1993 1006 2038 capite
1028 2003 1197 2025 coronam
1228 1992 1361 2033 demit,
1392 1992 1456 2038 qui
1477 1997 1570 2025 tem-

127 2034 230 2080 plum
253 2036 400 2069 Domini
438 2038 617 2082 ingressus
646 2050 802 2085 cumque
822 2039 934 2072 cereis
950 2039 1107 2072 accensis
1126 2044 1311 2086 precatus,
1336 2049 1397 2072 eos
1413 2050 1569 2085 praepo-

127 2081 198 2114 sito
219 2082 331 2117 tradit
352 2093 491 2130 perque
511 2086 673 2129 porticus
689 2085 835 2119 Domini
854 2086 1080 2119 triconchum
1099 2087 1222 2127 intrat,
1248 2085 1381 2119 deinde
1400 2097 1465 2131 per
1483 2098 1569 2132 por-

122 2127 214 2161 ticus
232 2128 470 2175 quadraginta
489 2137 696 2165 sanctorum
716 2132 763 2165 ad
785 2143 935 2166 aureum
959 2133 1158 2166 triclinium
1181 2133 1278 2175 abit,
1310 2133 1454 2178 patricii
1481 2144 1566 2167 vero

123 2178 162 2206 et
179 2175 289 2207 ceteri
312 2186 377 2220 per
402 2177 550 2210 ianuam
584 2179 715 2212 aerarii
746 2180 947 2213 lausiacum
980 2180 1246 2226 ingrediuntur.
1302 2181 1482 2226 Tempore
1512 2193 1578 2226 ap-

121 2220 414 2273 propinquante,
449 2225 650 2270 Imperator
677 2226 844 2271 procedit
875 2238 1030 2274 cumque
1048 2227 1281 2274 proceribus,
1316 2238 1406 2273 quos
1435 2237 1477 2260 eo
1507 2229 1568 2264 die

123 2268 269 2299 mutari
285 2268 452 2311 iusserit,
482 2272 665 2315 pretiosae
694 2283 839 2306 mensae
875 2285 960 2307 suae
981 2275 1126 2308 assidet.
1187 2273 1456 2308 Observandum
1480 2285 1565 2310 vero

123 2315 199 2351 est,
222 2314 392 2357 patricios
415 2322 452 2350 et
477 2319 643 2352 convivas
676 2330 800 2353 omnes
820 2319 859 2352 in
880 2322 1085 2354 mutatoriis
1111 2322 1189 2355 sine
1214 2321 1346 2354 tunicis
1368 2320 1415 2355 ad
1440 2322 1565 2365 epulas

122 2358 270 2411 venire,
294 2361 462 2396 cubiculo
479 2375 563 2398 vero
582 2366 786 2411 praefectos
806 2367 898 2411 sagis
921 2368 1040 2401 rubris
1061 2368 1208 2402 indutos
1222 2394 1232 2410 ,
1258 2367 1304 2410 du
1333 2368 1438 2400 licem
1458 2379 1566 2411 para-

123 2407 309 2459 stasimum
329 2418 372 2440 eo
394 2409 454 2443 die
471 2410 602 2454 facere,
627 2424 691 2446 seu
711 2413 769 2446 bis
788 2413 930 2447 solenni
949 2415 1021 2448 ritu
1043 2415 1255 2462 Imperatori
1272 2380 1424 2448 adestare.
1456 2415 1565 2449 Prae-

122 2453 241 2503 terea,
265 2462 296 2484 ει
318 2463 380 2487 aer
402 2466 445 2488 eo
463 2456 523 2490 die
548 2458 716 2492 turbidus
734 2465 801 2502 est,
824 2471 890 2505 per
908 2462 1089 2506 porticum
1111 2462 1158 2495 ad
1177 2467 1340 2495 senatum
1362 2460 1447 2506 (hoe
1462 2462 1564 2496 aedi-

123 2496 195 2528 ficu
211 2507 356 2553 nomen.
371 2503 440 2549 est)
465 2503 505 2537 in
532 2504 612 2538 foro
639 2506 797 2548 abeunt,
833 2513 870 2540 et
897 2508 1154 2542 antimensium
1179 2510 1218 2542 in
1241 2513 1368 2541 senatu
1400 2514 1562 2551 ponunt,

121 2547 239 2575 cetera
260 2554 401 2588 omma,
423 2560 516 2594 quae
544 2550 720 2586 hactenus
742 2553 870 2587 ordine
887 2557 1139 2600 exposuimus,
1165 2555 1413 2593 observantur,
1438 2558 1475 2586 et
1491 2557 1563 2588 11¹¹·

119 2594 264 2641 perator
292 2602 414 2626 rursus
436 2606 500 2639 per
521 2598 675 2631 eandem
700 2601 878 2644 porticum
895 2613 1033 2648 perque
1051 2603 1192 2635 lausum
1217 2600 1423 2640 descendit,
1456 2606 1492 2634 et
1510 2602 1561 2634 si-

120 2639 333 2690 nistrorsum
362 2639 562 2683 inclinans,
597 2644 646 2677 ad
674 2645 918 2692 chalcopratia
942 2648 1028 2683 abit,
1089 2649 1296 2688 Sciendum,
1319 2646 1410 2680 haec
1439 2650 1560 2681 omnia

120 2680 323 2725 ⁰1³⁸er²¹¹0
353 2691 609 2736 Praeterquam
636 2692 737 2739 quod
765 2694 968 2740 Imperator
997 2707 1093 2731 nunc
1120 2696 1166 2729 ad
1202 2693 1459 2729 catechumena
1485 2706 1559 2730 non
