1832 3112
272 91 346 159 4ο
553 110 915 155 CONSTANTlNl
952 112 1438 157 PORPHYROGENJTI
1486 129 1490 133 ·

275 212 302 254 ὅ
333 211 574 267 δομὲστικος
610 215 694 257 τῶν
725 215 912 268 0707c521,
954 214 1061 268 μετὰ
1097 231 1168 257 και
1213 218 1289 258 τοῦ
1329 217 1554 273 περατικοῦ
1584 216 1721 274 δήμου

272 295 357 323 των
382 280 600 333 Βενέτων,
640 281 713 321 καί
732 280 924 333 λέγουσιν
951 279 990 321 οἱ
1010 279 1185 336 κράκται
1211 281 1285 325 τὸν
1312 281 1562 325 οἷπελατικὸν
1582 301 1650 339 ηχ.
1673 283 1722 338 γ’·

268 343 373 399 ,,τὸν
404 346 450 387 ἐν
473 345 596 398 Ἐδὲμ
626 344 882 400 παράδεισον
917 345 1092 404 ἤνέῳξεν
1118 347 1164 388 ἐν
1197 350 1398 403 Βηθλεὲμ
1430 348 1457 405 ἦ
1482 350 1722 405 παρθένος”

269 427 342 453 και
374 409 427 452 τοὶ
465 406 569 465 ἑξῆς.
638 409 691 451 τὰ
733 411 779 452 δὲ
823 411 895 466 τῆς
933 408 1148 468 εὐφημίας
1184 407 1288 456 ἔκτα
1323 409 1492 457 αδονται
1523 415 1639 471 παρά
1675 430 1722 457 τε

186 526 189 528 μ
269 478 356 519 τῶν
397 476 585 532 κρακτῶν
622 491 694 517 και
739 476 815 518 τοῦ
850 478 957 518 λαοῦ
991 474 1133 527 καθώς
1177 478 1250 522 και
1277 480 1323 522 ἐν
1356 481 1410 538 τῇ
1437 478 1581 537 πρώτῃ
1614 480 1747 538 δοχῆς

225 544 340 598 Βτῆς
358 541 626 598 ὑποστροφῆς
647 540 820 598 εἴρηται.
879 540 966 599 (ς’.)
995 541 1116 599 Δοχὴ
1149 542 1324 601 τετάρτη
1355 547 1415 595 εἰς
1443 543 1543 595 τοὺς
1573 544 1719 600 ἁγίους

91 610 158 647 Ms.
173 610 228 645 35
241 604 548 661 ειᾶποστόλους,
596 602 724 663 ἤγουν
760 608 819 658 εἷς
846 606 919 658 τὰς
951 607 1119 662 σχολάς·
1187 611 1354 664 δέχεται
1390 611 1554 654 κάκεῖσε
1589 611 1721 669 ‹3³27-

265 672 479 730 μοκράτης
506 674 590 716 τῶν
611 675 869 731 Πρασι’,νων
903 689 1032 730 ηγουν
1056 671 1079 716 ὅ
1103 675 1368 731 ἐκσκούβιτος
1396 693 1500 731 μετα
1535 694 1607 719 και
1640 679 1720 720 τοῦ

266 741 499 816 περατικοῦ
524 737 660 794 δήμου
698 740 784 782 τῶν
811 741 1060 797 Πρασίνων.
1142 743 1218 784 καί
1241 745 1431 798 λέγουσιν
1464 740 1505 785 οἱ
1542 744 1719 799 κράκται

264 806 341 850 τοῦ
361 806 591 861 περατικοῦ
611 805 686 861 τήν
718 803 865 862 φωνην
887 800 960 861 ἦχ.
979 804 1029 860 γ’·
1057 803 1117 860 ,,ὄ
1138 806 1275 863 πάσης
1301 807 1470 859 κτίσεως
1498 807 1771 865 πληρωτὴςιο

265 889 337 915 και
379 869 579 927 δεσπότης
622 871 811 930 οἷκενώτω
848 871 1022 914 κενώσει
1059 874 1135 928 τῆς
1174 871 1280 927 πρὸς
1313 873 1426 930 ἡμᾶς
1467 874 1718 928 ἐκκενοῦται,

269 940 342 982 ἵνα
369 934 439 980 τὸν
475 931 561 980 ἄνω
589 913 800 994 πληρώσῃ
815 937 966 991 κόσμον
986 940 1034 981 ἐκ
1056 940 1133 982 τοῦ
1153 938 1272 994 ἡμῶν
1294 938 1532 982 κατωτάτου
1560 941 1718 995 γένους·

268 1003 293 1047 ὅ
336 1001 544 1059 ζωοδότης
581 1002 706 1054 αὐτὸς
736 1002 784 1046 τό
820 1003 947 1060 κέρας
973 1003 1120 1059 ὑμῶν,
1164 1003 1377 1058 δεσπόται,
1414 1001 1632 1059 ἆνυψώσει
1667 1006 1713 1048 ἐν

85 1075 256 1117 Ed-L.25
269 1068 382 1128 πάσῃ
415 1070 469 1126 τῇ
504 1070 746 1127 οἰκουμένῃ,
795 1068 846 1111 τὰ
870 1067 975 1124 ἔθνη
1005 1070 1143 1113 πάντα
1171 1068 1373 1112 δουλώσει
1409 1072 1489 1112 τοῦ
1529 1072 1717 1128 προσφέ-

266 1153 371 1195 ρειν,
397 1133 454 1185 ὥς
475 1133 514 1177 οἱ
534 1134 673 1190 μάγοι,
695 1134 746 1177 τὰ
773 1136 891 1189 δῶρα
917 1137 968 1193 τῇ
991 1135 1112 1189 ὑμῶν
1139 1135 1375 1194 βασιλειῇι·”
1401 1134 1454 1179 τὰ
1478 1137 1524 1180 δὲ
1542 1139 1616 1192 τῆς
1642 1137 1769 1191 ⁸²³-15

267 1202 430 1261 φημίας
470 1196 576 1244 ἅκτα
609 1196 783 1260 ᾅδονται
810 1199 927 1258 παρά
967 1217 1013 1243 τε
1051 1203 1136 1244 τῶν
1174 1205 1362 1260 κρακτῶν
1393 1201 1466 1245 καὶ
1503 1204 1580 1246 τοῦ
1610 1205 1718 1246 λαοῦ

267 1266 412 1317 καθώς
445 1266 518 1310 καί
543 1269 588 1310 ἐν
625 1269 679 1324 τῇ
709 1268 886 1327 δευτέρᾳ
923 1268 1027 1324 δοχῇ
1058 1266 1234 1325 εἴρηται.
1307 1267 1412 1324 δοχὴ
1445 1270 1608 1325 πέμπτη
1656 1270 1718 1318 εἰς

244 1333 313 1396 ,τὸ
347 1332 661 1390 τριβουνάλιον,
699 1327 828 1389 ἤγουν
858 1334 918 1382 εἷς
946 1332 1045 1383 τούς
1082 1332 1276 1389 λύχνους·
1329 1336 1499 1389 δέχεται
1535 1335 1666 1377 ἐκεῖσε
1694 1333 1716 1377 ὅ

244 1397 530 1456 1δημοκρα’της
560 1401 644 1442 τῶν
674 1399 890 1452 Βενέτων,
928 1393 1059 1453 ἤγουν
1087 1398 1109 1442 ὅ
1146 1402 1392 1453 δομέστικος
1425 1402 1510 1443 τῶν
1539 1401 1716 1456 σχολῶν,

266 1464 374 1520 μετὰ
409 1482 481 1507 και
515 1466 590 1507 τοῦ
612 1466 839 1522 περατικοῦ
872 1463 1007 1520 δήμου
1044 1466 1127 1507 τῶν
1156 1466 1373 1520 Βενέτων,
1421 1484 1493 1509 και
1524 1469 1769 1521 λέγουσινῃο

266 1530 305 1574 οἱ
326 1529 502 1587 κράκται
536 1528 583 1572 τὸ
607 1529 855 1573 ἀπελατικον
866 1547 945 1607 ⁷77.
970 1527 1020 1584 γ’·
1059 1526 1224 1587 „doz-729
1250 1533 1475 1588 προτρέχει
1502 1549 1573 1574 και
1605 1532 1715 1586 λάμ-

264 1613 336 1639 πει
381 1598 426 1639 ὲν
462 1597 678 1654 σπηλαιίο”
717 1595 792 1642 καί
825 1613 878 1641 τα
909 1592 1014 1652 εξῆς.
1069 1594 1124 1639 τὰ
1163 1597 1211 1639 δὲ
1251 1599 1325 1653 τῆς
1363 1593 1576 1654 ευφημίας
1609 1614 1714 1640 ακτα

265 1658 440 1722 ᾅδονται
479 1660 595 1718 παρά
634 1677 678 1704 τε
720 1663 804 1706 τῶν
844 1664 1035 1718 κρακτῶν
1081 1660 1157 1704 καί
1200 1663 1277 1704 τοῦ
1308 1663 1416 1704 λαοῦ
1459 1660 1600 1713 καθώς
1641 1661 1718 1705 καί

266 1729 312 1773 ἓν
343 1729 394 1786 τῇ
425 1726 569 1785 πρώτῃ
608 1728 716 1785 δοχῇ
753 1726 927 1784 εἴρηται.
1006 1727 1162 1771 εἰδέναι
1189 1729 1238 1771 δὲ
1268 1727 1378 1785 χρῆ,
1407 1724 1469 1771 ὅτι
1501 1725 1604 1774 κατὰ
1643 1726 1711 1770 τὸν

366 1830 421 1863 ¹7·
450 1818 515 1851 καὶ
541 1818 607 1876 εἴρ.
625 1817 668 1854 ἐν
686 1818 731 1864 τῇ
752 1816 843 1852 §.15-
871 1818 927 1852 ed.
1070 1816 1264 1860 18.›’1'tovr
1288 1818 1365 1852 cod.
1385 1816 1421 1854 h.
1446 1817 1471 1853 l.
1498 1822 1537 1853 et
1565 1816 1710 1864 passim,

362 1876 418 1900 αι.
446 1863 651 1901 «inmemor
670 1855 725 1900 ed‘.
751 1864 812 1899 hie
831 1870 874 1900 ut
894 1869 933 1900 et
960 1863 1050 1899 alibi
1072 1876 1346 1912 nonnunquam.

269 1955 492 1989 Venetorum
517 1966 580 1989 seu
609 1955 827 1990 domesticu:
856 1954 1058 1988 scholarum
1086 1966 1166 1988 cum
1189 1954 1347 1989 factione
1365 1955 1526 1995 Veneta,
1563 1953 1711 1988 dicunt-

271 2013 343 2046 que
379 2007 542 2035 cantores
571 2003 785 2047 apelaticum
815 2008 903 2036 tono
935 2002 1067 2035 tertio:
1125 2001 1344 2036 Paradisum
1379 2003 1420 2036 in
1455 1999 1565 2036 Eden
1599 2002 1710 2046 virgo

269 2047 496 2085 Betlzlelzemi
518 2050 664 2095 aperuit
692 2055 758 2083 etc.
818 2048 1102 2082 Acclamationes
1125 2059 1208 2081 vero
1233 2060 1253 2081 a
1277 2048 1482 2082 cantoribus
1508 2052 1546 2081 et
1570 2049 1708 2093 populo

269 2099 313 2127 ut
336 2095 375 2127 in
396 2096 510 2140 prima
530 2097 737 2139 receptione
762 2094 898 2129 dictum
921 2095 1126 2128 recitantur.
1173 2093 1256 2139 (VI
1265 2094 1280 2142 )
1304 2096 1476 2140 Receptio
1502 2106 1640 2134 otum-A
1664 2093 1710 2126 ad

270 2146 411 2175 sanctos
445 2142 626 2186 apostolos
658 2154 720 2175 seu
764 2141 810 2175 ad
848 2141 1009 2175 scholas:
1069 2146 1140 2174 stat
1173 2141 1229 2175 ibi
1267 2141 1436 2174 tribunus
1482 2142 1710 2174 Prasinorum

271 2198 337 2221 seu
371 2188 560 2222 excubitor
596 2200 676 2221 cum
708 2189 866 2222 factione
891 2189 1055 2227 prasina,
1080 2192 1117 2221 et
1141 2194 1304 2221 cantores
1331 2189 1408 2221 eius
1433 2198 1520 2221 voce
1543 2187 1623 2220 toni
1645 2187 1707 2220 III.

270 2234 423 2268 dicunt:
472 2236 545 2278 ριιι
566 2243 774 2269 creaturam
799 2247 937 2270 omnem
970 2234 1094 2289 implet
1120 2235 1270 2281 eiusque
1312 2233 1479 2268 dominus
1512 2242 1588 2274 est,
1632 2245 1710 2267 non

270 2281 382 2314 inam·
404 2282 662 2317 exinanitione
686 2290 835 2328 propter
858 2294 926 2316 nos
949 2283 1189 2321 exmanztur,
1227 2288 1268 2315 ut
1291 2280 1461 2314 mundum
1484 2281 1709 2326 superiorem

269 2337 316 2362 ex
340 2338 473 2372 genere
497 2336 623 2362 nostro
653 2328 828 2375 inferiori
856 2329 1017 2374 impleat.
1074 2328 1158 2372 Ipse
1185 2328 1289 2361 vitae
1315 2328 1476 2372 largitor
1499 2338 1617 2360 cornu
1640 2337 1708 2360 ve-

269 2381 398 2414 strum,
422 2374 586 2416 Domini,
626 2375 667 2409 in
691 2375 778 2409 orbe
801 2377 978 2410 universo
1003 2374 1183 2409 exaltabit
1205 2382 1399 2428 gentesque
1424 2385 1545 2408 omnes
1567 2373 1609 2405 in
1630 2384 1710 2407 ser*-

269 2421 422 2455 vitutem
453 2420 614 2467 rediget,
655 2430 695 2455 ut
729 2422 917 2456 maiestati
948 2430 1091 2456 vestrae
1125 2432 1276 2454 munera
1297 2422 1393 2454 sicut
1417 2420 1517 2465 magi
1540 2419 1708 2472 offerant.

268 2468 552 2501 Acclamationes
577 2479 597 2499 a
621 2468 830 2501 cantoribus
857 2473 893 2501 et
924 2468 1074 2513 populo,
1107 2472 1148 2499 ut
1173 2468 1212 2500 in
1235 2466 1393 2500 secunda
1417 2467 1625 2511 receptione
1650 2465 1709 2499 di·-

270 2519 387 2554 ctum,
415 2515 668 2551 instituuntur.
718 2525 851 2554 Qumu
894 2515 933 2547 in
966 2513 1140 2547 tribunali
1170 2524 1232 2546 seu
1269 2513 1315 2546 ad
1338 2511 1505 2556 lychnos:
1553 2517 1624 2545 stat
1651 2511 1707 2544 ibi

269 2560 440 2593 tribunus
484 2562 706 2596 Venetorum
745 2572 807 2593 seu
854 2560 1069 2594 domesticus
1118 2558 1316 2593 scholarum
1367 2570 1447 2592 cum
1498 2558 1707 2592 transitoria

269 2606 428 2640 factione
444 2607 594 2648 Veneta,
621 2607 819 2652 dicuntque
846 2613 1008 2641 cantores
1033 2606 1249 2651 apclaticum
1272 2607 1351 2639 toni
1367 2607 1446 2640 HL:
1470 2605 1584 2640 Stella
1596 2616 1707 2650 prae-

272 2653 390 2687 currit
418 2655 585 2701 lucetque
611 2666 652 2687 ιιι
675 2654 850 2699 spelunca
872 2654 1266 2688 etc.Acc1amationes
1296 2665 1315 2685 a
1342 2653 1478 2698 populo
1505 2657 1543 2685 et
1579 2656 1704 2684 canto-

272 2699 371 2736 ribus
410 2707 450 2734 ut
484 2702 522 2735 in
555 2701 670 2747 prima
715 2700 921 2749 receptione
958 2701 1092 2735 dictum
1131 2700 1334 2734 recitantur.
1408 2697 1602 2733 Sciendum
1637 2702 1705 2738 est,
