1878 3112
337 101 448 170 422
618 119 972 162 CONSTANTlNl
1010 121 1491 165 PORPHYROGENITI

336 221 572 274 βουληθείη.
625 215 778 276 ᾔτησεν
806 215 882 262 οὖν
907 221 935 276 ἦ
961 219 1181 277 σύγκλητος
1207 220 1279 264 τὸν
1318 225 1541 266 ἐπίσκοπον
1569 228 1771 270 elusisset

337 286 412 335 καί
436 287 721 338 παρακαλέσαι
749 282 902 340 αὐτὴν,
941 287 1010 331 ἵνα
1040 285 1159 343 αὕτη,
1189 284 1238 329 ὃν
1265 288 1483 341 βούλεται,
1513 290 1770 346 ἐπιλέξηται·

338 347 444 404 αὕτη
481 344 553 390 οὖν
580 350 796 400 ἐπελέξατο
833 347 1110 394 Ἀναστάσιον
1138 351 1210 395 τὸν
1237 353 1512 409 σιλεντιάριον
1528 387 1542 407 ,
1590 355 1665 404 καί
1686 373 1772 410 μα-

335 413 481 463 θόντες
519 413 558 455 οἱ
595 410 794 469 ἄρχοντες
822 416 972 466 πάντες
998 413 1269 473 ἠράσθησαν,
1321 420 1393 459 καί
1427 422 1686 476 παραχρῆμα
1723 422 1770 463 ἒ-

333 480 592 534 πέμφθησαν
619 481 678 528 εἰς
711 479 779 522 τὸν
808 479 917 524 οἶκον
956 482 1232 525 Ἀναστασίου
1273 482 1386 538 παρὰ
1427 486 1503 526 τοῦ
1537 484 1792 542 μαγίοτρου5

333 542 508 598 κόμητες
533 544 826 602 προτηκτόρων
852 548 926 588 καί
951 549 1228 601 δομεστίκων,
1274 550 1346 590 καί
1372 543 1522 604 ἤγαγον
1549 549 1683 592 αὐτὸν
1710 553 1771 601 εἷς

331 607 377 650 τὸ
406 606 628 664 παλάτιον,
655 612 728 652 καί
752 613 796 654 ἐν
821 613 880 669 τῷ
906 614 1182 671 κονσιστωρίῳ
1211 614 1492 669 ἐφυλάττετο,
1536 616 1610 657 καί
1637 613 1770 665 οὕτως

331 674 490 727 ἐγένετο
524 674 551 730 ἦ
583 675 726 730 κηδεία
754 678 945 732 Ζήνωνος
979 680 1055 720 τοῦ
1091 680 1165 732 τῆς
1204 678 1327 728 θείας
1365 680 1531 735 λήξεως.
1585 682 1632 722 ἐν
1660 677 1769 738 αὖτῇ

333 734 409 780 οὖν
433 742 486 797 τῇ
513 740 647 800 ἡμέρᾳ
675 740 714 784 οἱ
742 744 1068 799 βεστοσακράνοι
1110 745 1184 785 καί
1210 742 1250 785 οἱ
1280 744 1492 801 ζωγράφοι
1517 747 1591 787 καί
1617 743 1657 792 οἱ
1684 761 1763 798 μο-

301 802 522 862 Βνητάριοι
547 805 599 849 τὰ
627 805 786 863 συνήθη
814 806 1021 864 ἔπραξαν,
1062 807 1174 850 καθὰ
1203 807 1387 865 εἴρηται,
1427 809 1501 852 καὶ
1525 810 1607 864 ὄψὲ
1634 809 1821 866 ’ἔδόθηῐο

336 870 390 912 τοὶ
416 869 606 924 μανδᾰτα
645 875 846 915 σιλέντιον
884 876 958 916 καί
982 876 1194 928 κομέντον,
1243 874 1316 916 καί
1350 877 1403 932 τῇ
1440 873 1535 932 ἑξῆς
1560 877 1772 932 προῆλθον

333 934 483 984 πάντες
510 934 591 978 α’πό
620 939 775 980 λευκῶν
799 942 1051 993 χλανιδίων,
1090 943 1163 982 καί
1198 941 1435 996 ἐδέχθησαν
1469 943 1515 984 ἐν
1551 942 1609 999 τῷ
1634 956 1772 983 κονσι-

333 1004 519 1059 στωρίῳ,
562 1003 636 1045 καί
661 1005 751 1045 ἐκεῖ
771 1003 1186 1060 προσηγορεύθησαν,
1233 1003 1282 1047 ού
1321 1003 1404 1062 μην
1443 1008 1488 1049 ἓν
1514 1009 1570 1064 τῷ
1598 1002 1774 1062 ἅρματι.

332 1068 538 1121 προῆλθεν
566 1071 612 1111 δὲ
641 1073 713 1112 καί
738 1067 759 1110 ὅ
789 1066 1113 1126 ἆρχιεπίσκοπος
1153 1072 1260 1113 κατὰ
1289 1070 1336 1113 τὸ
1366 1072 1545 1126 σύνηθες
1573 1070 1774 1114 εἰσελθών

334 1131 406 1200 <jad
434 1134 505 1187 τῆς
531 1135 802 1190 βαλνιαριάς,
849 1136 922 1176 καί
945 1134 1051 1188 μετὰ
1082 1134 1129 1177 τὸ
1160 1137 1367 1191 δεχθῆναι
1405 1136 1566 1185 πάντας
1594 1135 1699 1178 κατὰ
1728 1133 1830 1179 1615

334 1201 446 1250 ἔθος,
481 1198 662 1254 ἀνῆλθεν
684 1197 957 1249 Ἀναστάσιος
984 1203 1029 1242 ἐν
1056 1203 1114 1258 τῷ
1142 1203 1320 1259 πορτίκῳ
1350 1203 1408 1259 τῷ
1436 1200 1518 1257 πρὸ
1547 1204 1622 1244 τοῦ
1649 1199 1779 1256 μεγὰς

334 1267 411 1315 λου
437 1266 659 1319 τρικλίνου,
689 1268 762 1308 καί
786 1265 880 1321 ἔστη
910 1267 954 1317 ἐν
981 1268 1038 1324 τῷ
1065 1268 1178 1325 μέσῳ
1207 1267 1284 1307 τοῦ
1311 1268 1517 1322 πορτίκου,
1544 1270 1616 1309 καί
1636 1269 1776 1322 εἰσῆλ-

334 1332 412 1370 θον
440 1327 591 1380 πάντες
619 1330 657 1373 οἷ
683 1325 882 1386 ἄρχοντες
910 1333 982 1374 καί
1007 1330 1046 1373 οἱ
1074 1333 1340 1386 συγκλητικοὶ
1365 1331 1471 1387 πρὸς
1498 1330 1656 1384 αὕτόν,
1705 1330 1779 1374 καὶ

337 1394 554 1450 ἆπῄτησαν
592 1395 720 1438 αὐτὸν
765 1394 890 1452 ὅρκον
920 1396 1066 1438 δοῦναι
1092 1397 1241 1449 πᾶσιν,
1289 1396 1348 1445 ὥς
1384 1393 1540 1450 οὖδενί,
1587 1395 1695 1453 πρὸς
1728 1394 1775 1439 ὃν

302 1457 465 1514 βέσχεν
491 1463 684 1516 πρᾶγμα,
730 1460 928 1517 φυλάττει
954 1462 1107 1517 λύπην,
1145 1463 1219 1503 καί
1245 1458 1310 1503 ὅτι
1337 1460 1440 1515 μετὰ
1469 1462 1605 1518 ὀρθοῦ
1634 1475 1832 1504 σύνει-20,

337 1522 459 1576 δότος
489 1528 542 1584 τῇ
569 1530 755 1585 πολιτεία
783 1525 1009 1582 χρήσεται.
1063 1529 1136 1569 καί
1175 1527 1519 1577 ὕπο-τελεσθέντος
1545 1529 1620 1570 τοῦ
1647 1524 1771 1582 ὅρκου

335 1591 512 1644 τούτου,
541 1592 722 1649 ἀνῆλθεν
750 1594 810 1643 εἰς
836 1591 884 1635 τὸ
914 1591 1108 1645 ἱππικὸν,
1137 1591 1208 1634 καὶ
1236 1591 1436 1635 εἰσελθών
1467 1594 1512 1635 ἐν
1540 1595 1598 1656 τῷ.
1621 1595 1778 1649 τρικλιὶ-

427 1705 459 1740 9.
483 1694 635 1734 ΣΧΟΛ.
660 1693 969 1741 ἱεροαμφιάσται.
1049 1706 1100 1729 ιι.
1125 1694 1277 1728 ΣΧΟΛ.
1314 1689 1436 1735 σιωπὴ
1462 1694 1525 1726 καὶ
1550 1694 1775 1732 συνέλευσις.

339 1799 410 1843 ipsi
445 1801 600 1834 offerret.
655 1799 836 1844 Augusta,
874 1811 917 1833 eo
953 1800 1072 1841 facto,
1099 1801 1255 1845 eligebat
1280 1800 1507 1835 Anastasium
1526 1801 1776 1834 silentiarium.

341 1846 450 1890 Quod
476 1848 720 1890 inteIIIgentes
750 1857 915 1890 proceres
955 1858 1075 1880 omnes
1097 1847 1368 1892 approbabant;
1394 1849 1628 1893 protinusque
1652 1848 1777 1881 mitte-

339 1892 472 1926 bantur
495 1894 533 1927 in
557 1892 662 1926 aedes
686 1893 864 1926 Anastasii
895 1903 915 1924 a
952 1893 1116 1937 magistro
1143 1895 1293 1926 comites
1317 1899 1563 1938 protectorum
1585 1899 1623 1926 et
1647 1893 1775 1926 dome-

341 1939 531 1973 sticorum:
556 1939 595 1972 hi
621 1950 702 1971 eum
727 1938 773 1971 ad
797 1939 970 1983 palatium
995 1939 1221 1973 deducebant
1236 1965 1245 1979 ,
1283 1946 1320 1973 et
1344 1943 1381 1973 iu
1407 1940 1619 1973 consistorio
1644 1940 1778 1972 tantis-

339 1995 405 2029 per
439 1985 694 2030 deponebant,
727 1984 842 2017 donec
875 1986 1022 2018 solenne
1047 1987 1118 2018 ritu
1143 1986 1425 2029 inauguraretur.
1475 1987 1615 2018 Interea
1641 1985 1778 2018 fiebant

343 2032 534 2076 exsequiae
565 2031 716 2064 Zenonis
747 2030 890 2064 divinae
926 2033 1042 2065 sortis.
1091 2031 1140 2064 Eo
1178 2033 1301 2075 itaque
1327 2031 1387 2065 die
1414 2031 1593 2064 faciebant
1617 2037 1778 2064 vestosa—

343 2077 440 2110 crani
463 2083 500 2111 et
522 2079 677 2122 pictores
702 2082 809 2122 atque
834 2078 1024 2110 monetarii
1050 2083 1241 2116 consueta,
1267 2077 1312 2110 de
1339 2078 1469 2123 quibus
1494 2077 1583 2109 alibi
1608 2076 1777 2118 diximus,

343 2121 456 2158 officia
495 2123 606 2170 [circa
640 2122 885 2156 decorandum
919 2124 1094 2167 principis
1138 2122 1266 2169 funus]
1301 2133 1540 2168 vesperaeque
1577 2121 1778 2157 edebantur

344 2168 512 2202 mandata
547 2181 611 2213 pro
648 2169 802 2202 crastino
843 2169 990 2201 silentio
1018 2175 1054 2202 et
1080 2174 1269 2202 conventu.
1318 2169 1440 2202 Altero
1462 2174 1581 2202 autem
1606 2169 1666 2202 die
1690 2181 1777 2214 pro-

347 2213 524 2248 cedebant
553 2226 675 2247 omnes
710 2214 748 2246 in
782 2213 945 2247 candidis
978 2216 1134 2253 tunicis,
1172 2220 1208 2247 et
1240 2215 1515 2259 excipiebantur
1543 2220 1581 2248 et
1616 2215 1781 2261 alloquiox

348 2259 674 2294 cohonestabantur
697 2271 717 2291 a
739 2271 831 2292 novo
859 2261 986 2304 Imper.
1012 2262 1051 2294 in
1077 2261 1302 2298 consistorio,
1329 2273 1402 2294 non
1425 2265 1547 2294 autem
1573 2261 1612 2294 in
1632 2267 1776 2295 armate.

347 2307 566 2341 Procedebat
590 2317 733 2351 quoque
761 2305 836 2352 [seu
865 2307 1034 2340 veniebat
1058 2308 1095 2340 in
1120 2306 1296 2352 senatum}
1324 2307 1609 2352 archiepiscopus
1625 2332 1635 2348 ‚
1659 2308 1779 2352 ingre-

348 2353 469 2394 diens,
492 2359 533 2387 ut
557 2364 632 2385 mos
658 2356 734 2391 est,
771 2362 834 2395 per
859 2352 1088 2387 balneariam.
1137 2352 1315 2385 Omnibus
1343 2354 1566 2398 congregatis
1607 2360 1644 2387 et
1673 2365 1779 2387 exee—

347 2400 419 2444 ptis
456 2410 521 2443 pro
545 2410 642 2432 more
671 2402 861 2438 consueto,
885 2398 1102 2431 ascendebat
1141 2398 1345 2432 Anastasius
1378 2401 1416 2432 in
1447 2401 1624 2444 porticum
1649 2411 1776 2444 magno

348 2445 507 2479 triclinio
551 2450 794 2490 praetensam,
830 2445 1020 2489 mediaque
1061 2446 1100 2477 in
1145 2445 1210 2477 illa
1242 2446 1471 2479 consistebat.
1532 2445 1776 2490 Ingredientes

350 2491 437 2523 illuc
467 2502 630 2536 proceres
664 2500 786 2523 omnes
821 2496 858 2524 et
884 2492 1082 2524 senatorius
1107 2490 1194 2523 ordo
1219 2498 1478 2525 sacramentum
1510 2491 1555 2524 ab
1583 2503 1625 2524 eo
1651 2497 1777 2536 postu-

349 2536 494 2577 labant,
519 2550 590 2584 (μισ
614 2537 861 2582 promitteret,
887 2549 924 2570 se
951 2548 1030 2582 erga
1052 2537 1257 2577 neminem,
1282 2539 1426 2583 quicum
1451 2537 1623 2570 hactenus
1647 2538 1777 2570 simul-

350 2588 459 2615 tatem
484 2584 634 2624 aluerit,
669 2590 955 2616 conservaturum
984 2588 1047 2616 aut
1082 2584 1319 2616 exerciturum
1356 2583 1664 2625 malevolentiam3
1688 2584 1777 2617 item

352 2639 390 2660 se
414 2635 509 2663 recta
533 2641 613 2663 eum
638 2629 857 2662 conscientia
880 2630 1068 2674 imperium
1093 2629 1422 2662 administraturum
1449 2641 1534 2663 esse.
1583 2629 1686 2662 Dicto
1711 2630 1775 2662 illo

351 2674 602 2717 iureiurando,
634 2673 848 2709 ascendebat
879 2675 1085 2710 Anastasius
1123 2676 1162 2709 in
1186 2674 1369 2721 hippicum
1394 2687 1456 2711 seu
1481 2677 1635 2715 circum,
1659 2679 1696 2710 et
1718 2675 1777 2716 in·
