1878 3112
322 117 394 162 DE
432 100 690 163 cssnmon.
727 115 906 160 AULAE
946 114 1172 159 nvzmr.
1211 115 1266 156 11.
1302 114 1369 161 15.
1449 94 1562 168 569

127 219 205 272 τὰς
229 220 428 277 συνήθεις
452 218 670 278 ἐρωτήσεις
714 220 774 269 εἰς
809 215 962 271 αὖτὸν,
1010 213 1210 274 ἔρχονται
1242 217 1490 272 βρυχᾶσθαι
1525 211 1567 256 οἳ

127 288 288 336 λέοντες
309 289 383 330 καί
406 286 461 330 τά
489 281 616 342 ὄρνεα
643 284 694 328 τά
727 287 772 327 έν
791 286 852 342 τῷ
877 285 1048 341 σέντζῳ,
1078 283 1231 336 ὁμοίως
1247 281 1322 324 καὶ
1343 279 1393 324 τὰ
1411 281 1458 323 ἐν
1476 285 1566 330 τοῖς

128 352 331 407 δένδρεσι,
361 347 479 410 ᾄδειν
505 353 785 407 ἐναρμονίως·
840 349 891 392 τά
921 351 967 392 δὲ
998 350 1085 400 ζῶα
1113 346 1166 390 τὰ
1192 349 1237 389 ἐν
1262 348 1321 403 τῷ
1348 345 1489 403 θρόνῳ
1515 346 1567 387 α’·-

128 414 183 457 πὸ
211 418 294 459 τόν
321 416 443 460 ἰδίων
466 419 647 471 βαθμῶν
673 412 968 471 ἆνορθοῦνται.
1016 413 1090 455 καί
1113 414 1158 455 ἐν
1183 414 1242 469 τῷ
1266 413 1403 454 ταῦτα
1438 407 1570 460 οὕτως

102 475 341 524 5τελεᾶῐθαι
365 481 575 538 εἰσάγεται
611 480 657 524 τὸ
696 476 770 524 τοῦ
798 482 971 523 ἐθνικοῧ
996 479 1205 522 κανίσκιον
1232 477 1313 519 ὖπό
1345 479 1422 519 τοῦ
1447 487 1604 534 now-D

128 547 372 604 τονοταρίου
412 549 487 590 τοῦ
523 546 710 603 δρόμου,
757 548 831 589 καί
863 545 989 588 πάλιν
1028 547 1118 598 μετ’
1147 541 1284 598 ὀλίγον
1315 545 1488 586 παίουσι
1514 542 1568 587 τοὶ

129 604 315 666 ὄργανα,
362 611 436 655 καί
461 612 499 655 οῖ
527 612 684 664 λέοντες
709 607 939 669 ἧρεμοῦσι,
982 610 1055 653 καί
1089 609 1141 653 τά
1182 605 1308 665 ὄρνεα
1344 611 1423 651 τοῦ
1449 605 1568 667 ᾅδειν

130 674 351 731 παύονται,
377 682 430 721 τά
456 693 501 721 τε
527 679 661 734 θηρία
690 684 776 727 τοῖς
804 679 928 727 ἰδίοις
954 674 1097 726 τόποις
1122 676 1429 730 ἐγκαθέζονται.
1499 677 1573 718 καὶ

133 741 185 796 δὴ
212 741 318 796 μετὰ
348 741 424 798 τὴν
450 743 756 800 συμπλήρωσιν
785 745 864 785 τοῦ
891 744 1106 785 κανισκίου
1134 739 1215 783 ὑπὸ
1247 742 1324 783 τοῦ·
1349 742 1573 795 λογοθέτου

78 809 385 863 ,ΙΟπροτραπείς
426 806 450 849 ὅ
488 806 654 858 ἐθνικὸς
695 806 988 864 προσκυνήσας
1024 809 1257 863 ἐξέρχεται,
1315 807 1389 848 καί
1430 807 1476 848 έν
1512 807 1769 866 nimii-329

130 874 280 914 τοῦτον
310 870 561 928 ἀποκινῆσαι
605 875 789 929 ἐξελθεῖν
826 875 880 914 τά
908 889 952 915 τε
987 867 1143 928 ὄργανα
1185 867 1385 914 αὖλοῦσιν
1424 869 1497 913 καὶ
1534 870 1576 914 οἱ

131 938 295 986 λέοντες
321 939 394 979 καί
418 937 471 980 τά
505 934 627 993 ὄρνεα
674 937 749 994 τὴν
787 937 901 980 ἰδίαν
944 937 1118 980 ἕκαστον
1165 937 1453 992 ἅποπληροῦσι
1484 953 1576 994 φω-

132 1001 221 1058 νὴν,
254 1003 330 1045 καί
347 1002 400 1046 τὰ
430 1003 563 1060 θηρία
592 1002 729 1046 πάντα
754 1006 836 1046 τῶν
863 1003 983 1046 ἰδίων
1022 1002 1247 1057 βαθμίδων
1276 1004 1576 1049 διανίστανται.

133 1069 208 1110 καί
231 1068 277 1110 ἐν
300 1069 359 1126 τῷ
385 1070 538 1120 ἐξιέναι
569 1067 642 1111 τὸν
678 1067 844 1111 έθνικὸν
870 1070 948 1111 τοῦ
978 1068 1111 1124 βήλου
1151 1069 1327 1110 παίουσι
1349 1065 1403 1110 τά
1429 1083 1473 1110 τε
1501 1061 1576 1124 ὅρ-

84 1130 267 1187 Ιόγανα,
311 1135 384 1176 καί
408 1133 460 1176 τά
492 1127 616 1190 ὄρνεα
639 1133 714 1176 καί
737 1133 788 1177 τά
817 1135 950 1191 θηρία
977 1139 1064 1184 τοῖς
1091 1133 1215 1182 ἰδίοις
1239 1132 1376 1184 τόποις
1402 1135 1579 1189 ἐγκαθέ-

135 1199 298 1250 ζονται.
352 1199 394 1241 εἰ
419 1200 465 1241 δὲ
492 1198 565 1241 καὶ
593 1197 706 1242 ἔστιν
733 1201 873 1255 ἔτερος
899 1200 1019 1256 φίλος
1056 1201 1130 1242 καί
1154 1200 1392 1242 κελεύουσιν
1433 1199 1472 1242 οἱ
1508 1201 1772 1258 δε-Μ3.193.α

133 1261 287 1306 σπόται
312 1266 459 1306 τοῦτον
487 1265 708 1319 εἰσελθεῖν,
735 1264 862 1308 πάλιν
888 1267 934 1307 έν
961 1267 1021 1323 τῷ
1047 1266 1316 1322 εἷσέρχεσθαι
1346 1263 1475 1308 αὐτὸν
1506 1267 1579 1308 καὶ

132 1329 379 1384 ἐξέρχεσθαι
403 1327 429 1386 ἧ
458 1330 564 1386 αὐτὴ
594 1330 709 1381 τάξις
738 1331 811 1373 καί
838 1331 1067 1373 ἀκολουθία
1096 1329 1373 1387 φυλάττεται,
1402 1328 1451 1372 ὃν
1478 1330 1579 1386 τρό-

133 1408 214 1436 πον
240 1391 488 1450 εἰρήκαμεν,
530 1395 603 1437 καί
628 1396 768 1446 ἁπλαῖς
806 1393 896 1438 ὅσοι
935 1392 988 1438 ἂν
1017 1398 1199 1438 θέλωσιν
1228 1394 1369 1452 φίλοι,
1407 1397 1475 1451 ἐφ’
1514 1392 1581 1438 ἔνι’

82 1454 294 1516 poinde-ng)
322 1463 514 1512 τελεῖται,
542 1457 599 1509 ὥς
625 1461 882 1516 προείρηται.
938 1462 1099 1514 ἰστέον,
1128 1457 1208 1512 ὅτι,
1238 1462 1322 1501 τῶν
1350 1460 1485 1516 φίλων
1510 1461 1578 1511 ἒξ·-

137 1524 359 1576 ελθόντων,
387 1526 495 1578 λέγει
524 1524 548 1566 ὅ
576 1525 848 1580 πραιπόσιτος
874 1523 1065 1580 μεγάλως
1094 1524 1374 1580 ,,κελεύσατε.”
1415 1524 1489 1567 καί
1512 1527 1576 1577 ἐξ·

138 1589 333 1642 ἔρχονται
361 1590 405 1631 οἳ
432 1605 477 1630 τε
503 1590 727 1643 μάγιστροι
755 1593 828 1632 καί
862 1592 1072 1646 πατρίκιοι
1114 1589 1186 1632 καί
1223 1593 1488 1646 συγκλητικοὶ
1533 1592 1611 1634 ε’-Β

139 1650 390 1706 πευχόμενοι
415 1652 464 1696 τὸ
494 1655 584 1708 »εἰς
611 1654 792 1706 πολλοὺς
819 1657 1046 1713 χρόνους.”
1100 1655 1173 1698 καί
1195 1654 1303 1709 μετά
1329 1654 1378 1698 τὸ
1405 1655 1580 1707 τούτους

141 1806 240 1840 intra
267 1806 375 1842 ambo
400 1808 594 1842 attractilia
615 1809 704 1843 vela.
757 1809 958 1855 Logotheta
985 1820 1070 1845 vero
1101 1815 1288 1846 consuetas
1319 1810 1576 1857 interrogatio-

139 1864 206 1888 nes
229 1865 311 1899 erga
344 1854 501 1900 legatum
528 1856 766 1898 instituente,
797 1857 979 1902 incipiunt
1014 1858 1115 1891 aurei
1144 1858 1269 1892 leones
1304 1860 1424 1903 rugire
1468 1870 1578 1894 aves-

141 1911 215 1947 que
231 1910 375 1934 ‘aureae
399 1908 472 1934 tam
496 1902 537 1936 in
563 1914 660 1936 sacro
686 1903 838 1944 throno,
873 1915 980 1949 quam
1004 1905 1043 1937 in
1065 1905 1183 1938 aureis
1205 1904 1395 1939 arboribus
1419 1905 1575 1939 circum-

138 1947 270 1992 positis
294 1946 459 1981 sedentes
473 1973 484 1988 ,
506 1948 715 1984 harmonice
738 1951 936 1984 cantillare.
983 1951 1095 1984 Ferae
1115 1955 1235 1985 autem
1258 1953 1299 1985 in
1321 1950 1456 1985 'throno
1484 1962 1575 1985 con-

140 1993 286 2038 spicuae
309 1995 491 2039 incipiunt
512 2006 590 2029 sese
620 1997 693 2029 suis
718 2008 738 2030 e
760 1996 906 2030 basibus
930 1998 971 2030 in
999 1997 1111 2030 altum
1137 2003 1174 2031 et
1196 1998 1234 2031 in
1258 1997 1368 2043 pedes
1392 2008 1475 2032 suos
1499 1999 1574 2032 eri-

140 2049 235 2084 gere.
282 2041 423 2074 Interea
448 2041 532 2075 dum
557 2041 646 2075 haec
669 2049 906 2088 peraguntur,
938 2044 1094 2077 infertur
1120 2055 1140 2076 a
1177 2045 1428 2088 protonotario
1454 2044 1574 2078 dromi

141 2085 252 2131 legati
278 2087 440 2130 sportula
465 2088 523 2121 vel
548 2088 702 2134 donum,
739 2091 838 2135 quod
861 2091 1073 2136 Imperatori
1096 2092 1243 2124 nomine
1265 2091 1350 2125 »heri
1374 2092 1431 2125 sui
1457 2093 1574 2128 offert.

139 2131 252 2166 Paulo
275 2137 358 2176 post
379 2140 508 2168 sonant
534 2145 664 2181 organa
687 2136 871 2180 pusatilia,
897 2142 934 2170 et
958 2138 1220 2182 conquiescunt
1244 2149 1265 2170 a
1290 2138 1412 2184 rugitu
1435 2138 1575 2178 leones,

143 2177 387 2224 desinuntque
411 2191 493 2214 aves
517 2182 726 2223 cantillam,
758 2188 795 2216 et
819 2183 916 2216 ferae
942 2194 1006 2217 sua
1028 2184 1068 2217 in
1095 2183 1211 2217 fulcra
1234 2195 1272 2218 se
1296 2195 1417 2218 rursus
1443 2183 1575 2217 demit,-

141 2226 237 2257 tunt.
261 2225 367 2267 ¹Post
388 2226 529 2260 finitam
551 2229 734 2273 sportulae
758 2230 1039 2264 ostentationem
1067 2236 1234 2264 monetur
1262 2231 1399 2277 legatus
1422 2242 1444 2263 a
1467 2231 1574 2275 logo-

143 2268 259 2311 theta,
286 2271 488 2317 Begemque
510 2281 698 2309 veneratus
723 2277 807 2309 exit.
855 2277 906 2310 Eo
930 2276 976 2310 ad
1002 2278 1140 2312 exitum
1166 2283 1402 2323 consurgente
1428 2281 1465 2310 et
1483 2287 1572 2322 pro-

145 2314 319 2358 cedente,
352 2324 483 2352 sonant
517 2332 647 2365 organa
690 2321 820 2355 flatilia
864 2328 902 2356 et
940 2323 1064 2357 leones
1100 2334 1274 2369 avesque,
1306 2335 1370 2357 sua
1406 2331 1572 2368 quaeque

144 2371 234 2395 voce
259 2367 297 2395 et
321 2364 486 2406 ratione,
509 2366 680 2415 feraeque
704 2370 776 2401 suis
803 2379 824 2403 e
848 2368 1016 2414 gradibus
1041 2374 1247 2415 exsurgunt.
1295 2370 1427 2414 Legato
1452 2374 1573 2402 autem

146 2412 247 2441 extra
270 2409 387 2442 velum
415 2422 579 2456 egresso,
610 2415 800 2459 pulsantur
832 2426 980 2459 organa,
1012 2420 1051 2449 et
1087 2427 1168 2449 aves
1199 2416 1374 2450 omittunt
1406 2419 1574 2455 cantum,

146 2459 185 2487 et
215 2454 314 2488 ferae
344 2466 424 2489 suas
446 2457 485 2490 in
510 2459 611 2493 sedes
639 2460 802 2496 redeunt.
851 2461 889 2494 si
914 2467 1057 2506 praeter
1078 2462 1176 2496 hunc
1209 2462 1301 2495 alius
1328 2461 1445 2494 adhuc
1472 2460 1576 2494 adest

145 2500 303 2540 amicus,
336 2513 443 2546 quem
467 2504 590 2539 videre
614 2507 740 2540 volunt
763 2508 922 2546 Domini,
954 2509 1067 2542 intrat
1101 2509 1166 2541 ille
1200 2513 1309 2554 atque
1334 2508 1410 2541 exit
1445 2506 1576 2541 iisdem

147 2556 228 2579 cum
255 2547 460 2582 cerimoniis
485 2550 685 2597 eodemque
709 2553 928 2598 agendorum
951 2554 1103 2594 ordine,
1134 2559 1176 2587 ut
1199 2553 1306 2587 modo
1333 2553 1499 2587 diximus.
1530 2554 1578 2588 Et

149 2592 190 2626 in
226 2593 456 2634 universum,
490 2601 670 2644 quotquot
693 2600 766 2633 sint
797 2599 922 2639 amici,
960 2602 1174 2645 contingunt
1206 2610 1330 2632 eorum
1375 2600 1578 2645 unicuique

147 2648 241 2683 quae
267 2637 435 2676 diximus.
481 2642 636 2683 Egressis
672 2645 806 2686 amicis,
831 2647 1043 2691 pronuntiat
1071 2646 1294 2691 praepositus
1318 2657 1446 2679 sonora
1467 2657 1577 2680 voce:

149 2683 336 2721 Celeusum
361 2684 435 2733 [seu
457 2688 606 2732 placeat
626 2691 767 2738 vobi515
795 2697 832 2727 et
844 2698 978 2728 exeunt
991 2692 1150 2738 magistri
1170 2698 1279 2738 atque
1294 2693 1438 2738 patricii
1462 2698 1501 2728 et
1519 2703 1578 2728 se-
1628 2735 1634 2738 ,
