1878 3112
289 146 402 203 618
557 165 914 210 οοΝεΤΑΝΤιΝι
955 167 1438 213 PORPHYROGEN1T1

289 269 437 320 στέον,
490 263 555 309 ὅτι
581 268 630 323 τῇ
659 265 782 323 ὀγδόῃ
827 268 963 324 ἡμέρᾳ
1000 271 1306 321 καλλωπίζεται
1342 268 1363 313 ὅ
1390 272 1464 327 τῆς
1491 270 1730 330 αιῗγούστης

286 332 437 374 κοιτών
451 332 557 386 μετὰ
582 334 665 374 τῶν
683 331 1021 390 χρυσοῦφάντων
1045 334 1183 390 βήλων
1203 339 1279 377 τοῦ
1294 338 1637 393 χρυσστρικλίνου
1658 338 1734 382 καὶ
1752 348 1754 350 ’

254 397 632 453 Βπολυκανδήλων.
687 401 761 440 καί
792 398 898 453 μετὰ
932 398 977 442 τὸ
1006 403 1202 455 γενέσθαι
1229 402 1344 458 παρὰ
1375 405 1452 445 τοῦ
1484 403 1627 459 ἱερέως
1653 403 1732 460 τήν

286 458 418 518 εὗχήν
456 465 502 505 ἒν
542 465 600 520 τῷ
640 464 886 523 προπυλαίῳ
924 467 996 520 τῆς
1036 467 1255 522 ἐκκλησίας
1289 468 1364 509 καί
1398 470 1643 524 ἐπιτεθῆναι
1677 468 1725 511 τὸ

287 527 405 582 παρὰ
435 530 520 571 τῶν
548 528 692 584 δήμων
722 530 965 586 έκφωνηθὲν
993 525 1127 584 ὄνομα
1157 533 1268 590 mitrii
1295 531 1370 574 καί
1391 532 1437 575 τὸ
1467 532 1634 585 ἱμάτιον
1660 535 1753 588 ἒν-5
1781 524 1786 534 ’

286 595 468 648 δυθῆναι
498 591 624 636 πάλιν
665 595 922 652 ἀποφέρεται
949 595 995 638 τὸ
1024 598 1220 651 παιδίον,
1265 599 1340 640 καί
1374 601 1537 641 τίθεται
1573 601 1634 649 εἰς
1673 599 1723 643 τὸ

286 661 476 712 κουνίον,
514 662 589 701 καί
626 661 971 713 ἒπισκεπάζονται
999 658 1026 717 ἥ
1062 678 1106 703 τε
1136 658 1347 717 αὖγούοτα
1389 665 1463 706 καί
1485 662 1531 706 τὸ
1562 662 1730 708 παιόἵον

284 726 573 782 ἐφαπλώματα
607 725 939 782 χρυσοῦφαντα.
997 724 1084 769 εἶτα
1114 726 1187 769 διὰ
1214 730 1288 769 τοῦ
1329 730 1400 784 τῆς
1425 729 1631 785 τραπέζης
1655 732 1738 785 τῆς

284 788 515 847 αὕγούστης
541 794 877 847 προσκαλοῦνται
906 794 946 835 οἱ
973 790 1259 850 πραιπόσιτοι,
1289 796 1362 835 καί
1392 793 1463 836 διὰ
1493 796 1575 836 τῶν
1602 811 1728 851 πραι-

284 857 463 900 ποσι’των
490 854 724 911 εἰσάγονται
752 857 793 900 οἱ
822 853 1021 915 ἄρχοντες
1048 861 1126 900 τοῦ
1164 861 1457 913 κουβουκλείου
1486 860 1560 901 καί
1586 860 1626 901 οἱ
1650 861 1779 904 roffio

283 922 576 977 κουβουκλείου
614 923 784 977 πάντες,
831 927 905 966 καί
939 927 1116 980 καθεξῆς
1153 924 1387 980 εἰσάγονται
1414 924 1498 967 ἀπὸ
1528 927 1607 967 τοῦ
1632 941 1727 968 και-

284 991 480 1045 νουργιόυ
507 988 714 1044 τρικλίνου
744 989 788 1031 αἱ
819 990 975 1041 ζωσταί
1000 993 1074 1032 καί
1100 989 1145 1032 αἶ
1168 992 1491 1047 μαγίστρισσαι,
1531 988 1726 1033 ἀνθυπά-

283 1057 430 1098 τισσαί
447 1070 490 1095 τε
513 1056 587 1096 καί
602 1058 816 1110 πατρίκιαι
834 1057 906 1098 καί
929 1060 1310 1113 πρωτοσπαθαρέαι
1332 1056 1635 1113 ὄφφικιαλαιάι
1652 1057 1726 1098 καὶ

244 1120 327 1163 Cal
355 1122 500 1162 λοιπαί
530 1121 826 1175 συγκλητικαί,
875 1119 954 1164 εἷθ’
984 1119 1113 1171 οὕτως
1142 1122 1186 1165 αἱ
1213 1125 1294 1165 τῶν
1322 1122 1648 1179 προῤῥηθέντων
1674 1120 1736 1166 ἆ·-

282 1184 502 1240 ξιωμάτων
529 1182 869 1239 ἅπαξιωματικαί
890 1190 1042 1243 χῆραι,
1090 1191 1164 1230 καί
1196 1187 1447 1242 ἐπεύχονται
1487 1185 1777 1243 ἆπευχαρι-15

282 1255 461 1295 στοῦσαι
498 1254 570 1303 καὶ
607 1253 878 1309 ειῖφημοῦσαι
914 1253 986 1309 τήν
1028 1252 1288 1308 αὖγούσταν,
1333 1253 1406 1295 καὶ
1439 1253 1485 1295 τὸ
1513 1257 1722 1310 προσῆκον

283 1320 539 1372 ἀπονέμουσι
567 1319 719 1372 σέβας,
757 1321 838 1372 μιά
865 1317 1016 1375 ἑκάστη
1045 1317 1269 1374 εἰσάγουσα
1296 1320 1429 1370 ξένιον
1445 1353 1458 1372 ‚
1486 1315 1585 1375 ὅπερ
1614 1319 1719 1362 κατὰ

281 1383 528 1439 προαίρεσιν
555 1382 657 1438 ἔχει.
684 1383 789 1437 μετὰ
820 1386 867 1427 δὲ
893 1383 939 1427 τὸ
966 1386 1051 1427 τῶν
1081 1387 1290 1440 γυναικῶν
1318 1386 1508 1440 σέκρετον
1534 1385 1721 1440 εἰσάγον-

280 1465 354 1492 ται
380 1447 463 1491 α’πό
492 1452 568 1490 τοῦ
593 1451 828 1492 λαυσιακοῦ
854 1448 927 1492 διὰ
947 1452 1023 1492 τοῦ
1041 1448 1266 1507 ὦρολογίου
1295 1451 1367 1491 καί
1390 1452 1467 1491 τοῦ
1490 1465 1720 1507 χρυσοτρι-

281 1514 422 1557 κλίνου
450 1515 488 1556 οἱ
514 1517 589 1570 τῆς
613 1514 845 1570 συγκλήτου
875 1511 1063 1569 ἅπαντες,
1091 1515 1326 1571 μάγιστροι,
1355 1510 1611 1569 ἄνθ-ὕπατοι,
1638 1531 1775 1560 ποι-20

280 1579 433 1638 τρίκιοι
465 1582 539 1622 καί
571 1577 860 1638 ὄφφικιάλιοι,
913 1583 986 1624 καί
1022 1580 1272 1636 ἐπεύχονται
1313 1577 1734 1637 ἆπευχαριστοῦντες

287 1716 421 1765 [socrui
453 1721 491 1752 et
526 1718 635 1751 nurui
659 1718 873 1766 puerperae]
909 1723 945 1753 et
972 1718 1105 1751 infanti
1132 1717 1460 1764 porphyrogenito,
1494 1727 1603 1763 quem
1633 1721 1734 1751 tune·

282 1767 442 1809 primum
465 1766 612 1798 nomine
641 1770 746 1799 tenus
772 1768 894 1799 citant.
945 1766 1078 1799 Octavo
1107 1764 1167 1799 die
1191 1771 1384 1799 exornatur
1406 1765 1587 1810 Augustae
1610 1774 1734 1808 puer·-¹

282 1822 393 1856 perae
425 1817 554 1845 coeton
579 1823 642 1845 seu
668 1813 873 1846 cubiculum
896 1813 985 1846 velis
1002 1812 1283 1855 chrysotriclinii
1301 1823 1388 1845 auro
1412 1809 1521 1844 textis
1553 1814 1590 1844 et
1615 1810 1729 1855 poly*

283 1857 455 1892 candelis.
505 1860 546 1892 In
571 1858 675 1891 illum
710 1865 898 1893 coctonem
923 1859 1077 1892 refertur
1102 1858 1220 1892 infans
1247 1870 1290 1891 ex
1323 1858 1498 1898 ecclesia,
1527 1861 1719 1902 post'uam

281 1904 445 1938 sacerdos
472 1905 511 1938 in
544 1905 620 1938 eius
644 1907 838 1951 propylaeo
865 1918 928 1940 seu
967 1906 1058 1939 atrio
1087 1916 1195 1949 super
1221 1906 1359 1939 infante
1384 1905 1584 1938 orationem
1638 1903 1720 1936 ‘xe-

281 1952 349 1992 rit,
375 1956 412 1984 et
437 1962 592 1992 nomen,
617 1962 638 1983 a
678 1952 896 1986 factionibus
930 1951 1069 1985 editum
1110 1952 1178 1996 ipsi
1210 1950 1424 1996 imposuerit
1462 1956 1501 1984 et
1529 1949 1715 1983 indusium

281 1999 354 2042 ipsi
377 1998 550 2032 induerit.
587 1999 731 2031 Relatus
756 1999 803 2032 ad
825 2005 972 2033 matrem
997 1999 1114 2032 infans
1141 1998 1337 2043 deponitur
1359 1998 1399 2029 in
1422 1997 1542 2036 cunis,
1563 2001 1602 2029 et
1625 1995 1716 2028 inii-

282 2044 428 2078 cilmtur
465 2051 539 2078 tam
572 2045 750 2089 Augustae
791 2055 1008 2090 puerperae,
1040 2056 1148 2090 quam
1180 2044 1314 2078 infanti
1335 2069 1345 2084 ‚
1383 2042 1498 2088 panni
1532 2041 1726 2085 vel-telae.

281 2101 369 2124 auro
395 2097 531 2126 textae.
579 2091 677 2125 Dein
707 2091 924 2124 advocantur
952 2092 1151 2136 praepositi
1176 2090 1222 2123 ab
1255 2089 1440 2130 eunucho,
1476 2087 1539 2133 qui
1571 2098 1716 2121 mensae

281 2134 525 2180 Imperatricis
549 2143 702 2181 praeest.
750 2138 948 2182 Praepositi
973 2149 1080 2181 porro
1125 2136 1360 2171 introducunt
1387 2135 1615 2179 magistratus
1648 2144 1717 2167 ou·-

280 2181 395 2216 hiculi
431 2183 666 2228 eiusdemque
706 2184 889 2216 ministros
928 2184 1087 2228 reliquos
1130 2193 1262 2215 omnes.
1328 2181 1507 2224 Deinceps
1547 2179 1716 2214 introdu·

283 2234 413 2263 cuntur
447 2241 467 2263 e
497 2231 686 2274 caenurgio
718 2235 856 2270 zostae,
901 2230 1159 2273 magistrissae‚
1201 2227 1490 2272 anthypatissae,
1519 2226 1730 2272 patriciaes

280 2276 599 2320 protospathareae
636 2275 821 2308 officialiae
857 2281 894 2308 et
918 2277 1077 2321 reliquae
1107 2275 1261 2308 feminae
1307 2273 1534 2307 senatoribus
1567 2274 1729 2314 marita-b

279 2327 350 2356 tae.
398 2323 480 2356 Post
505 2333 563 2355 eas
587 2322 865 2356 introducuntur
887 2321 1038 2362 viduae,
1072 2332 1224 2367 quarum
1256 2321 1378 2354 mariti
1409 2321 1517 2361 olim,
1548 2319 1633 2352 dum
1655 2319 1714 2354 vi-

279 2374 426 2410 verent,
469 2368 667 2414 praedictas
699 2368 893 2414 dignitates
925 2368 1058 2401 aulicas
1097 2373 1298 2413 gesserant,
1341 2378 1438 2409 nunc
1470 2372 1554 2411 post
1587 2377 1726 2400 eorum·

282 2415 466 2449 decessum
490 2414 620 2459 gradu,
648 2427 755 2461 quern
783 2421 890 2448 antea
915 2415 1010 2448 inter
1033 2415 1183 2448 seminas
1208 2415 1378 2459 primates
1404 2418 1619 2454 tenuerant,
1643 2412 1711 2447 de—

281 2462 408 2496 iectae.
455 2462 531 2495 Hae
558 2472 681 2495 omnes
707 2461 850 2494 felicem
873 2467 1014 2506 partum
1046 2461 1225 2505 Augustae
1260 2461 1454 2505 gratulatae
1489 2459 1714 2493 benedicunt

280 2509 373 2553 ipsi,
406 2508 639 2553 debitamque
671 2507 840 2542 tribuunt
870 2508 1000 2550 infanti
1039 2507 1275 2541 reverentiam
1310 2507 1530 2552 traduntque
1561 2506 1712 2540 xenium

281 2567 344 2588 seu
368 2555 619 2588 munusculum
641 2555 918 2589 benevolentiae
943 2565 1024 2599 erga
1047 2565 1179 2587 novum
1203 2554 1381 2598 hospitem
1405 2552 1727 2587 advenam-testi·-

282 2601 441 2635 ficandae
467 2601 706 2642 destinatum,
738 2601 836 2647 quod
871 2611 1107 2646 unaquaeque
1139 2601 1390 2646 qualecunque
1422 2611 1485 2644 pro
1517 2598 1638 2632 lubitu
1671 2603 1711 2632 et

281 2648 423 2682 delectu
447 2660 511 2681 suo
536 2659 655 2682 secum
678 2650 761 2690 fert,
808 2649 889 2680 Post
912 2647 1096 2680 dimissum
1121 2646 1299 2680 muliebre
1333 2652 1507 2680 secretum
1532 2656 1596 2678 seu
1629 2654 1710 2678 cor—

279 2706 346 2738 pus
371 2695 651 2729 introducuntur
675 2707 695 2728 a
720 2695 876 2728 lausiaco
901 2705 964 2738 per
987 2694 1211 2738 horologium
1237 2699 1273 2726 et
1301 2691 1625 2736 chrysotricliuium
1649 2700 1708 2724 se—

278 2746 421 2775 natores
455 2751 598 2784 omnes,
637 2742 818 2787 magistri,
856 2740 1108 2785 proconsules,
1140 2741 1303 2785 patricii,
1343 2739 1530 2780 officiales,
1558 2743 1596 2772 et
1630 2747 1724 2771 cum.
