1748 3126
225 342 432 387 REGIAE
461 340 849 383 SCIENTIARUM
874 341 949 381 ET
979 339 1358 381 LITTERARUM

73 538 772 611 ACADEMIAE
861 536 1512 608 HAUNIENSI

442 821 490 872 Β.
526 819 585 867 G.
622 817 1136 867 NIEBUHRIUS.

657 1015 942 1024 -.---

71 1281 269 1389 Quam
300 1343 494 1380 secutus
533 1335 773 1381 rationem
829 1331 991 1380 Vobis
1032 1332 1365 1395 potissimum,
1399 1333 1506 1378 viri

65 1430 351 1484 clarissimi,
396 1431 756 1480 inscribendam
800 1449 906 1480 esse
945 1433 1200 1479 statuerim
1245 1430 1375 1476 hanc
1406 1428 1505 1495 By-

65 1530 250 1574 zantini
281 1534 503 1595 corporis
531 1542 746 1595 partem,
782 1531 838 1578 id
864 1533 1040 1596 paucis
1073 1533 1283 1594 exponi,
1323 1528 1382 1575 V
1377 1527 1507 1576 obis-

67 1641 195 1691 que,‚
217 1629 317 1673 nisi
345 1628 609 1675 admodum
625 1629 815 1694 fallor,
847 1628 1056 1693 probari
1083 1630 1277 1692 poterit.
1346 1625 1507 1676 Socie-

67 1733 192 1770 tates
215 1723 458 1777 eruditae,
485 1724 553 1770 ad
574 1725 815 1771 culturam
842 1727 1231 1788 incrementaque
1250 1722 1508 1770 doctrinae

69 1824 346 1878 institutae,
381 1825 433 1868 in
464 1825 666 1870 civitate
695 1823 934 1877 litterata,
969 1839 1095 1889 quae
1121 1825 1295 1888 cuique
1316 1824 1509 1868 nationi

62 1918 271 1982 propria
310 1928 408 1971 est,
454 1916 659 1967 Senatus
701 1919 861 1966 locum
906 1930 1068 1967 tenere
1100 1920 1224 1966 mihi
1254 1919 1503 1974 videntur,

69 2031 207 2080 quem
240 2016 326 2063 vel
350 2019 631 2080 peregrinis
662 2015 805 2063 adire
836 2015 1003 2074 liceat,
1040 2028 1119 2071 ut,
1161 2019 1351 2084 quoties
1382 2033 1505 2082 opus

66 2115 159 2167 sit,
188 2112 257 2158 ad
279 2113 524 2160 auxilium
527 2113 803 2179 ferendum
831 2116 1114 2171 hortentur,
1138 2133 1233 2180 pro
1258 2115 1505 2180 beneficit&

68 2213 279 2273 acceptis
325 2214 517 2274 gratias
557 2223 737 2277 agant,
780 2217 981 2278 egregie
1014 2214 1168 2279 facta
1213 2213 1503 2262 collaudent.

70 2304 238 2373 Atque
270 2309 365 2383 (zoe
396 2311 591 2376 quidem
635 2316 681 2359 si
723 2312 807 2359 vel
851 2314 1012 2359 cuivis
1040 2315 1304 2377 peregrino
1320 2311 1504 2376 facere

0 2426 1 2442 ι
71 2405 213 2461 licet,
259 2418 440 2473 quanto
482 2409 535 2455 id
567 2415 726 2475 magis
767 2428 801 2457 a
839 2409 1023 2467 Vobis,
1069 2414 1175 2457 viri
1218 2412 1518 2466 clarissimi‚.

0 2529 2 2571 ᾗ
70 2502 194 2548 mihi
212 2503 414 2551 concedi
439 2517 651 2569 oportet,
682 2510 769 2573 qui
800 2507 1035 2554 nascendi
1067 2512 1192 2564 iure,
1234 2526 1503 2558 munerum-

0 2600 1 2622 *
71 2615 163 2675 que
192 2602 242 2645 in
263 2616 316 2646 re
335 2601 532 2665 publica
570 2620 676 2651 cum
699 2607 882 2651 civium
906 2605 1085 2668 plausu
1116 2608 1231 2653 olim
1256 2618 1504 2672 gestorum

72 2701 315 2753 memoria,
335 2699 511 2763 fretus
527 2740 540 2758 ‚
571 2702 855 2766 popularem
881 2713 1108 2752 vestrum
1134 2720 1207 2752 me
1210 2704 1363 2770 ferre
1383 2722 1504 2753 nun-
