1878 3112
276 115 385 190 748
533 134 891 178 coNs‘rAmim
942 135 1426 182 mammoemm

230 238 257 272 B
270 230 440 288 αὖτοὺς,
469 234 612 284 καθώς
636 237 710 278 καί
732 234 832 285 τούς
858 235 1110 292 πατρικίους,
1138 237 1242 291 μετὰ
1270 239 1354 282 τῶν
1380 239 1540 283 οἰκείων
1565 239 1708 285 onir&

250 302 480 358 ’φελωνίων
507 301 797 360 ἀπολελυμένῳ
821 304 880 360 τῷ
902 303 1100 359 σχήματι,
1131 302 1319 360 δηλονότι
1341 308 1707 362 προπορευομένου

266 367 410 415 αὐτοῖς
435 368 510 408 τοῦ
534 369 753 420 βασιλικοῦ
780 370 1049 425 καστρησιόυ,
1077 368 1151 412 καὶ
1176 368 1330 423 ὅμοίως
1353 369 1547 421 ἱστῶντος
1567 370 1705 430 κύκλῳ

264 434 339 487 τῆς
352 432 568 488 βασιλικῆς
591 434 799 489 τραπέζης
815 435 874 483 εἷς
898 432 945 476 τὸ
963 435 1331 491 προσκαλέσασθαι
1350 438 1642 492 πλησιέστερον
1662 437 1709 488 ἐξ

264 494 404 541 αὖτῶν
426 496 500 547 οὓς
523 494 576 540 ἂν
604 497 701 556 δόξῃ
730 502 789 558 τῷ
815 503 994 554 βασιλεῖ.
1036 502 1083 544 ἐν
1109 503 1156 544 δὲ
1182 507 1267 551 τοῖς
1292 505 1449 552 λοιποῖς
1475 501 1736 557 α’κονβίτοις5

264 566 336 606 δεῖ
347 564 466 619 ὑμᾶς,
477 569 616 607 καλεῖν
633 565 732 615 τοὺς
742 568 788 608 ἐκ
811 566 1029 624 διαφόρων
1039 567 1327 624 μοναστηρίων
1338 568 1709 626 οἷναγραφομένους

265 632 452 685 ἆβάδας,
482 625 609 687 ἤγουν
630 632 731 683 τούς
757 632 812 675 τοὶ
839 635 1072 690 σφραγίδια
1095 636 1197 690 παρ’
1219 634 1338 690 ἡμῶν
1365 634 1610 691 εἰληφότας,
1637 634 1710 678 τὸν

264 691 450 754 ἆριθμὸν
470 696 743 753 σις’·εῖσάγειν
770 700 816 742 δὲ
846 698 920 742 καί
945 695 1100 751 αὖτοὺς
1126 698 1339 756 στιχηδὸν,
1366 699 1508 750 καθώς
1527 699 1601 742 καί
1621 706 1709 751 τοῖς

264 766 434 816 λοιποῖς,
463 764 771 820 ἠμφιεσμένους
796 763 870 815 τὰς
897 767 1051 814 οἰκείας
1076 763 1227 816 στολὰς
1254 765 1312 816 ὥς
1337 765 1443 822 πρὸς
1468 767 1710 822 συνήθειαν·

227 824 499 871 (Ξᾶνακλίνειν
536 830 583 872 δὲ
612 828 770 880 αὐτους
796 831 867 887 ἐφ’
895 828 1068 887 ἑκάστης
1094 832 1301 888 τραπέζης
1341 830 1559 875 δωδεκάδα
1584 830 1761 886 μίαν.ιό

261 892 366 948 μετὰ
396 896 443 937 δὲ
467 893 541 952 τὴν
568 896 728 938 τούτων
755 895 984 953 ἀνάκλησιν
1011 896 1086 939 καὶ
1109 894 1293 941 ἑστίασιν
1322 898 1392 939 δεῖ
1413 897 1525 951 ὑμᾶς
1551 899 1705 952 προσέ-

258 976 352 1014 χειν
379 959 452 1002 τὸν
478 963 557 1002 τοῦ
584 961 834 1016 ὄπτομίνσου
861 965 1026 1018 μίνσον,
1054 964 1129 1005 καὶ
1153 964 1199 1007 ἐν
1218 962 1352 1022 τούτῳ
1379 965 1437 1021 τῷ
1456 965 1589 1020 καιρῷ
1616 963 1706 1005 εἰσ-

259 1023 377 1080 άγειν
399 1025 506 1082 πρὸς
531 1028 797 1083 χειρονομίαν
822 1030 905 1071 τῶν
944 1025 1222 1083 ἀνακειμένων
1247 1030 1322 1071 καί
1352 1028 1597 1082 ψαλλόντων
1623 1044 1705 1070 πα·-

225 1119 230 1125 ·
259 1093 392 1148 τέρων
426 1090 526 1142 τούς
567 1090 644 1135 δύο
685 1095 894 1148 μεγάλους
940 1097 1016 1150 τῆς
1057 1096 1276 1150 ἐκκλησίας
1319 1095 1586 1148 δομεστύιους
1633 1092 1710 1135 καὶ

258 1156 378 1215 ἱστᾷν
405 1156 563 1207 αὐτούς
589 1157 709 1201 ἔνθεν
734 1159 927 1202 κάκεῖθεν
952 1162 1029 1203 τοῦ
1054 1162 1324 1216 περιβλέπτου
1363 1160 1572 1215 τρικλίνου
1600 1155 1758 1215 πρὸς-[5

257 1222 304 1266 τὸ
335 1226 574 1277 ποιεῖσθαι,
615 1223 673 1273 ὥς
699 1223 889 1281 εἴρηται,
926 1223 1005 1280 τὴν
1028 1227 1298 1282 χειρονομίαν
1327 1225 1400 1267 ἐπὶ
1422 1223 1498 1280 τήν
1524 1228 1707 1282 ψαλμῳ-

258 1290 356 1332 δίαν
392 1290 475 1332 τῶν
519 1290 802 1344 ἀνακειμένων
838 1292 1052 1348 πατέρων.
1109 1292 1274 1333 δίδοται
1311 1286 1389 1333 οὖν
1429 1289 1535 1332 κατὰ
1576 1290 1705 1334 τύπον

257 1352 374 1411 παρὰ
402 1357 480 1397 τοῦ
506 1356 665 1397 εἰδικοῦ
692 1354 817 1410 λόγου
845 1363 931 1405 τοῖς
963 1358 1043 1410 μὲν
1071 1352 1358 1410 ἇνακειμένοις
1384 1355 1457 1398 ἐπὶ
1480 1357 1553 1412 τῆς
1579 1359 1704 1411 βασι-

258 1422 376 1476 λικῆς
410 1422 617 1476 τραπέζης
651 1420 705 1476 ιβ’
741 1421 987 1477 ἡγουμένοις
1024 1422 1083 1472 εἷς
1122 1422 1362 1478 φιλοτιμίας
1394 1422 1583 1464 ἐπίδοσιν
1621 1417 1702 1463 οἷνοὶ

216 1488 527 1541 Βνομισμάτων
556 1488 607 1529 δ’·
659 1494 746 1538 τοῖς
780 1489 827 1530 δὲ
863 1492 1025 1537 λοιποῖς
1059 1486 1256 1543 μονάχοις
1297 1484 1454 1530 ἅπασιν
1481 1485 1562 1530 α’νοὶ
1589 1487 1758 1541 νομί-20

262 1569 422 1607 σματος
448 1551 540 1603 ἐνὸς
566 1552 641 1596 καί
663 1553 820 1608 μόνου·
876 1560 964 1604 τοῖς
1001 1556 1048 1597 δὲ
1077 1552 1152 1596 δύο
1190 1553 1445 1607 δομεστίκοις
1473 1551 1557 1596 α’νὰ
1585 1568 1704 1607 νομι-

260 1616 434 1672 σμάτων
460 1619 497 1674 β’
526 1618 630 1662 κατὰ
659 1619 802 1667 τύπον.
858 1622 932 1664 δεῖ
951 1621 1133 1673 εἰδέναι,
1179 1615 1247 1661 ὅτι
1274 1620 1318 1663 ἓν
1356 1619 1465 1677 αὐτῇ
1490 1621 1539 1677 τῇ
1565 1618 1703 1678 ἡμέρᾳ

262 1683 337 1728 καί
374 1682 414 1727 οἱ
440 1684 607 1742 πένητες
646 1687 692 1730 ἐν
729 1688 787 1746 τῷ
807 1688 1113 1746 χρυσοιστορίῳ
1141 1687 1383 1740 ἐσθίουσιν,
1428 1683 1702 1740 λαμβάνοντες

263 1840 456 1876 admodum
483 1843 627 1889 patricii
653 1844 726 1879 suis
756 1847 796 1880 in
826 1848 1030 1882 mutatoriis
1065 1845 1361 1886 introducuntur,
1397 1844 1450 1879 sie
1478 1847 1517 1878 et
1548 1841 1588 1877 hi
1623 1842 1698 1877 suis

262 1890 304 1923 in
329 1889 511 1934 pheloniis
534 1893 615 1926 laxo
639 1893 769 1927 habitu
805 1892 956 1941 [absque
981 1893 1120 1941 zonis],
1161 1892 1341 1938 imperiali
1374 1895 1554 1925 castrense
1587 1899 1698 1936 prae-

264 1937 473 1971 ambulante
497 1944 536 1973 et
558 1940 693 1984 pariter
716 1939 754 1974 in
779 1941 903 1975 orbem
929 1942 1022 1975 circa
1048 1951 1182 1976 sacram
1198 1950 1355 1973 mensam
1377 1939 1594 1978 collocante3
1623 1947 1696 1982 quo

262 1984 414 2028 propius
439 1985 638 2029 Imperator
671 1998 746 2028 eos,
772 1998 862 2033 quos
888 1989 1056 2029 voluerit,
1082 1988 1254 2021 advocare
1286 1986 1410 2031 possit.
1455 1983 1511 2019 Ad
1537 1983 1696 2028 reliquos

263 2030 449 2064 accubitus
476 2043 602 2068 vocare
626 2039 769 2078 oportet
791 2035 939 2069 abbates
967 2034 1021 2082 [id
1049 2040 1104 2069 est
1126 2031 1334 2079 monachos]
1367 2031 1545 2064 variorum
1569 2039 1697 2063 mona—

263 2077 455 2111 steriorum
471 2103 480 2118 ‚
505 2091 657 2120 quorum
680 2081 827 2119 nomina
851 2082 890 2114 in
913 2082 1045 2116 notitia
1069 2087 1190 2116 nostra
1214 2080 1393 2124 descripta
1415 2076 1616 2111 identidem
1638 2079 1697 2108 te-

264 2133 413 2164 nemus,
440 2125 523 2159 illos
546 2137 697 2171 nempe,
721 2127 784 2172 qui
810 2133 962 2161 tesseras
989 2139 1009 2161 a
1033 2128 1140 2161 nobis
1164 2133 1271 2160 antea
1295 2128 1530 2169 acceperunt,
1554 2122 1602 2156 ad
1625 2133 1696 2155 nu—

265 2180 405 2203 merum
431 2173 507 2206 216.
555 2172 834 2207 Introducuntur
856 2174 1035 2215 seriatim,
1066 2175 1160 2208 sicut
1181 2174 1221 2206 in
1244 2171 1372 2206 ceteris
1395 2170 1503 2204 moris
1531 2174 1602 2210 est,
1634 2169 1696 2202 in·—

267 2215 348 2250 (luti
372 2218 526 2263 propriis
557 2219 628 2252 suis
663 2225 699 2254 et
723 2220 902 2254 consuetis
934 2221 1046 2254 stolis.
1094 2219 1278 2254 Accubitis
1306 2217 1455 2262 singulis
1480 2215 1697 2250 adsternun-

266 2267 328 2297 tur
351 2262 438 2298 deni
461 2264 541 2298 bini
562 2266 643 2300 viri.
693 2266 758 2300 His
781 2267 906 2312 itaque
931 2266 1028 2312 apud
1054 2266 1218 2300 accubita
1244 2275 1308 2298 sua
1331 2263 1484 2303 satiatis,
1508 2262 1696 2297 attendere

273 2315 421 2356 oportet
445 2310 492 2345 ad
515 2312 708 2357 optominsi
744 2311 821 2360 [seu
845 2315 952 2348 assati
978 2311 1120 2361 ferculi]
1145 2314 1318 2353 missum,
1353 2317 1391 2345 et
1421 2315 1499 2344 tum
1522 2309 1695 2354 temporis

270 2356 380 2390 ambo
404 2368 554 2404 magnae
581 2359 750 2393 ecclesiae
774 2370 919 2406 magnos
943 2360 1157 2394 domesticos
1182 2359 1410 2394 introducere
1434 2356 1479 2391 ad
1501 2366 1698 2402 praemon-

266 2403 451 2438 strandam
475 2406 767 2440 accumbentibus
792 2412 830 2441 et
853 2407 1093 2452 psallentibus
1130 2406 1293 2452 patribus
1327 2405 1606 2439 cheironomiam
1629 2413 1716 2436 seu¹

269 2451 580 2496 gesticulationem
612 2453 814 2487 manualem
846 2454 1057 2489 moderandi
1087 2459 1210 2488 cantus
1244 2453 1368 2499 gratia.
1416 2451 1463 2485 Et
1490 2451 1556 2484 hos
1579 2449 1695 2484 collo-

269 2508 352 2530 care
376 2503 520 2543 oportet
545 2511 656 2533 unum
678 2500 723 2534 ad
746 2500 927 2542 dextram,
966 2502 1119 2536 alterum
1146 2499 1192 2534 ad
1223 2500 1403 2533 sinistram
1439 2497 1590 2531 illustris
1625 2496 1694 2530 tri-

269 2543 392 2585 clinii,
429 2550 470 2580 ut
501 2545 745 2581 cheironomia
777 2559 859 2588 sua,
892 2548 991 2594 quod
1025 2548 1203 2588 diximus,
1236 2544 1523 2580 accumbentium
1552 2546 1695 2588 patrum

268 2594 414 2624 cantum
437 2592 680 2632 moderentur.
726 2593 911 2640 Quantum
935 2596 981 2628 ad
1006 2595 1177 2640 pietatem
1204 2593 1351 2627 Domini
1375 2592 1526 2632 attinet,
1563 2589 1696 2624 dantur

269 2637 345 2670 illis
369 2637 517 2684 quidem
541 2639 733 2674 duodecim
755 2640 802 2675 ad
827 2653 962 2676 sacram
987 2653 1144 2676 mensam
1166 2639 1459 2675 accumbentibus
1483 2637 1694 2682 hegumenis

270 2690 416 2729 ‘ecepto
441 2696 540 2720 more
566 2687 681 2722 formu
722 2699 793 2734 que
820 2700 863 2722 ex
889 2690 1029 2733 privato
1059 2688 1260 2735 principale
1284 2686 1427 2732 peculio
1452 2683 1602 2730 singulis
1625 2693 1695 2715 nu-

271 2731 435 2767 mismata
473 2737 649 2780 quaterna
685 2738 710 2770 n
735 2735 832 2771 stine
866 2734 953 2771 doni
977 2736 1122 2781 gratuiti
1136 2760 1148 2778 ‚
1182 2733 1342 2791 reliquis
1367 2737 1486 2767 autem
1511 2729 1693 2766 monachi⁸
