1878 3112
284 157 312 214 7
318 155 394 213 90
555 157 920 208 CONSTANTINI
956 160 1440 204 PORPHYROGENITI

274 253 545 308 εὗσυνόπτως
581 261 628 302 ἐν
659 257 845 318 ἕπιτόμῳ
872 264 1222 317 συνειλεγμένων,
1266 261 1353 320 χρὴ
1380 267 1491 318 τοῖς,
1527 259 1618 306 ὅσοι
1644 262 1723 319 τὴν

78 332 264 382 EdL.457
276 325 375 380 περὶ
410 326 571 367 τούτων
609 327 812 381 φροντίδα
840 325 914 369 καί
945 326 1178 384 ὑπηρεσίαν
1216 332 1463 386 πεποίηνται
1497 328 1606 372 κατά
1646 327 1722 385 τῆν

275 392 548 446 προκειμένην
576 392 868 446 διδασκαλίαν,
897 393 971 436 καί
989 397 1089 451 περὶ
1112 397 1195 437 τῶν
1223 397 1451 450 βασιλικῶν
1466 396 1720 452 κλητωριῖον,

274 457 350 498 καί
377 455 476 511 περὶ
507 458 594 499 τῶν
632 458 867 512 διανομῶν,
911 461 957 502 ἐκ
984 462 1111 502 τοῦδε
1148 463 1225 504 τοῦ
1251 463 1452 504 τακτικοῦ
1480 464 1718 519 παραγγέλ-

273 537 406 575 ματος
432 519 491 572 ῶς
519 520 603 564 α’πὸ
642 523 840 578 κανόνος,
877 519 930 581 ἢ,
960 524 1006 568 τό
1031 542 1078 581 γε
1121 527 1427 583 ἀληθέστερον,
1467 526 1525 578 ῶς
1561 529 1608 570 ἐκ
1641 530 1744 578 τοῦὄ

270 589 492 642 βασιλικοῦ
529 590 844 645 θεσπίσματος,
899 589 1229 649 α’ναμφισβήτως
1269 594 1463 650 ἐνεργεῖν.
1518 593 1606 636 ἔδει
1640 596 1720 649 μὲν

76 653 388 708 Με.αδο.1)ἦμᾶς
413 659 500 704 τοῖς
527 658 825 710 συνταχθεῖσιν
852 656 953 713 περὶ
985 660 1207 714 καθεδρῶν
1239 657 1378 714 λόγοις
1404 657 1479 702 καὶ
1495 658 1617 716 τήνδε
1644 658 1720 716 τήν

272 722 359 762 τῶν
387 719 609 776 ἱερατικῶν
649 723 909 777 ἐπισυνάψαι
937 723 1077 778 τάξιν,
1122 723 1179 774 ῶς
1215 721 1292 767 ἅτε
1329 727 1492 779 μᾶλλον
1529 724 1583 768 τοὶ
1618 726 1721 781 πρέ-

274 790 396 841 σβεια
423 789 498 843 τῆς
525 787 840 844 πρωτοκλησίας
867 788 1095 847 φέρουσαν.
1119 791 1209 834 ἀλλ’
1235 794 1305 835 ἵνα
1330 788 1390 847 μή
1417 807 1482 841 τις
1506 792 1628 848 κόρος
1654 792 1722 835 λό-

273 869 349 910 γου
387 859 475 904 τοῖς
509 851 867 909 ἀναγινώσκουσιν
901 860 1099 915 περιστῇ,
1144 858 1220 900 καὶ
1255 858 1282 914 ἦ
1323 857 1572 914 συγκλητική
1602 858 1772 910 τάξιςιο

270 918 352 963 συν
380 919 430 977 τῇ
458 920 650 979 ἱερατικῇ
686 925 956 979 συναφθεῖσα
985 921 1196 981 ἀσάφειαν
1221 929 1308 974 τοῖς
1335 925 1618 980 εἰσαγομένοις
1644 924 1716 968 διὰ

229 987 353 1031 Βτῶν
381 984 596 1040 ὀνομάτων
624 987 815 1044 ποιήσει,
847 986 1000 1045 ταύτην
1027 993 1212 1040 τυπικῶς
1237 991 1316 1044 μὲν
1343 985 1425 1047 ἤδη
1453 990 1525 1033 ἐπὶ
1543 994 1614 1047 τῆς
1639 989 1718 1034 τά-

269 1057 370 1105 ξεως
395 1054 478 1095 τῶν
505 1056 768 1109 μαγίστρων,
797 1055 1036 1111 πατρικίων,
1065 1058 1353 1112 πραιποσίτων
1380 1058 1456 1099 καί
1478 1058 1716 1113 στρατηγῶν

266 1118 630 1175 προεσημάναμεν.
677 1121 777 1162 νυνί
803 1122 851 1162 δὲ
887 1123 962 1177 τῆς
989 1123 1088 1177 περὶ
1127 1119 1288 1165 τούτων
1314 1123 1608 1179 κυριοκλησίας
1643 1123 1722 1164 καὶ

265 1184 640 1242 πρωτοκαθεδρίας
666 1188 750 1228 τῶν
776 1202 820 1228 τε
848 1187 1065 1242 ἐπαρχιῶν
1091 1190 1166 1230 καί
1190 1191 1525 1244 μητροπολιτῶν,
1565 1188 1770 1244 ἄρχω-[5

265 1247 484 1292 πισκόπων
535 1247 835 1308 αὖτοκεφάλων
881 1255 955 1294 καί
994 1251 1230 1295 ἐπισκόπών
1269 1254 1607 1308 ὑποτεταγμένων
1641 1252 1717 1310 τήν

268 1314 541 1373 ἁρμόζουσαν
567 1315 685 1368 τάξιν
712 1318 876 1368 εἰδικῶς
902 1319 1147 1375 έμφανῆσαι
1174 1319 1438 1373 βουλόμενοι,
1466 1317 1622 1375 εἰδικὴν
1651 1337 1717 1362 τι-

267 1399 321 1426 να
345 1385 419 1425 καί
439 1382 516 1438 τὴν
543 1385 833 1439 πραγματείαν
858 1382 1102 1439 συγγράψαι
1129 1383 1505 1441 προεθυμήθημεν.
1558 1384 1612 1427 τά
1631 1384 1713 1441 γὰρ

266 1450 430 1499 εἰδικῶς
458 1442 589 1498 ὅντως
615 1447 817 1504 λεγόμενα
847 1451 965 1506 σαφῆ
991 1449 1068 1506 τήν
1105 1451 1380 1493 διδασκαλίαν
1406 1452 1607 1507 παρέχει·
1659 1449 1712 1495 τά

269 1517 316 1558 δὲ
342 1518 429 1565 πῶς
458 1516 502 1557 ἐν
529 1517 746 1570 συζυγίαις
773 1517 1034 1571 πεπλεγμένα
1069 1513 1281 1573 άσάφειαν
1308 1513 1509 1566 πολλάκις
1534 1522 1619 1568 τοῖς
1646 1518 1768 1560 έν-αο

267 1578 525 1638 τυγχάνουσι
563 1583 762 1638 προξενεῖ.
818 1580 889 1624 διὰ
918 1580 1140 1639 καθηρμὸν
1177 1580 1354 1639 ἑκάστης
1390 1581 1598 1638 ἐπαρχίας
1637 1582 1713 1632 τάς

361 1683 394 1717 9.
410 1672 606 1717 φέρουσαν
633 1681 701 1705 em.
726 1673 787 1713 R„
814 1672 1007 1718 φερούσης
1030 1671 1109 1707 cod.
1128 1677 1166 1707 et
1190 1671 1245 1706 ed.
1345 1683 1398 1708 ια.
1424 1672 1485 1707 Sic
1509 1673 1570 1715 R„
1596 1663 1712 1716 ταπή-

360 1711 430 1756 κός
452 1718 524 1765 μὲν
541 1717 619 1762 εἴδη
642 1711 718 1754 ἀπὸ
742 1720 807 1763 τῆς
823 1718 902 1754 cod.
928 1724 964 1753 et
989 1719 1045 1754 ed.

271 1802 448 1843 quantum
474 1800 550 1832 eius
575 1800 653 1832 fieri
676 1804 844 1846 poterat,
881 1801 1037 1834 maxime
1061 1800 1253 1845 perspicue
1280 1803 1318 1832 et
1339 1799 1379 1832 in
1401 1809 1476 1833 uno
1500 1798 1603 1834 brevi
1626 1811 1714 1835 con-

271 1849 397 1889 spectu
423 1856 443 1877 a
466 1845 574 1880 nobis
598 1848 820 1892 propositam
846 1852 971 1881 tenere
997 1851 1153 1892 oportet,
1179 1851 1361 1892 quotquot
1385 1857 1427 1880 ea
1452 1857 1577 1880 curare
1602 1852 1714 1893 atque

271 1896 426 1925 tractare
441 1904 586 1928 necesse
608 1893 757 1935 habent,
781 1895 1079 1940 propositamque
1103 1893 1304 1927 doctrinam
1329 1898 1402 1926 tam
1428 1891 1473 1926 de
1495 1895 1601 1927 sacris
1627 1905 1715 1928 con-

271 1939 391 1978 viviis,
416 1950 524 1984 quam
551 1940 595 1974 de
621 1941 853 1987 largitionum
877 1940 1138 1974 distributione
1165 1945 1344 1984 reputare,
1369 1939 1566 1973 secundum
1591 1951 1714 1986 quem,

273 1990 338 2017 aut
363 1987 494 2019 rectius
520 1987 660 2029 dicam,
693 1987 890 2022 secundum
924 1987 1155 2032 Imperatoris
1182 1986 1360 2027 edictum,
1399 1986 1470 2032 (uti
1495 1997 1617 2020 revera
1645 1988 1716 2033 est)

272 2031 410 2076 absque
435 2034 510 2066 ulla
535 2032 778 2068 haesitatione
804 2040 868 2067 aut
901 2034 1132 2078 oppositione
1155 2044 1259 2078 agere
1284 2044 1350 2078 par
1384 2038 1448 2067 est.
1496 2033 1571 2066 Iam
1595 2033 1712 2068 ‹lebu-

274 2089 416 2112 eramus
441 2080 527 2113 huic
551 2080 596 2114 de
622 2082 769 2114 sedibus
794 2081 852 2114 vel
876 2080 1140 2125 praecedentiis
1172 2079 1390 2125 dignitatum
1414 2080 1623 2114 tractationi
1652 2085 1712 2112 et-

272 2125 345 2157 iam
371 2125 537 2159 ordinum
564 2128 829 2171 pontificalium
867 2127 1143 2171 dispositionem
1169 2127 1307 2171 ubique
1332 2125 1535 2167 addidisse,
1581 2130 1711 2170 utpote

272 2183 359 2216 prae
385 2172 465 2205 aliis
491 2172 666 2208 honorem
690 2174 922 2219 protoclisiae
946 2185 1009 2206 seu
1034 2173 1295 2217 praesessionis
1320 2172 1525 2206 ferentium.
1578 2169 1710 2206 Verum

272 2228 320 2252 ne
346 2218 476 2252 obruto
502 2230 619 2253 rerum
643 2221 747 2264 copia
772 2221 918 2254 satietas
944 2219 1138 2263 obreperet
1167 2219 1317 2256 lectori,
1343 2222 1380 2249 et
1403 2218 1584 2251 senatoria
1609 2219 1712 2253 ordi-

273 2265 374 2297 natio
411 2270 519 2311 atque
555 2266 745 2311 dispositio
779 2278 860 2300 cum
892 2265 1104 2299 sacerdotali
1136 2265 1327 2298 commixta
1361 2270 1497 2298 crearet
1536 2264 1710 2300 docendis

272 2311 435 2356 aliquam
474 2311 730 2347 obscuritatem
773 2312 820 2346 ob
861 2313 1051 2346 nominum
1092 2311 1387 2344 multitudinem:
1430 2311 1709 2356 significavimus

275 2358 425 2403 quidem
459 2359 529 2391 iam
566 2360 604 2393 in
639 2359 942 2405 praecedentibus
968 2358 1095 2391 harum
1129 2369 1247 2392 rerum
1273 2356 1451 2403 quaedam
1479 2359 1707 2402 generaliter,

272 2406 497 2439 mentionem
523 2405 660 2440 ordinis
685 2407 949 2450 magistrorum,
978 2406 1224 2449 patriciorum,
1246 2406 1536 2450 praepositorum
1561 2410 1598 2438 et
1617 2411 1709 2440 stra-

271 2456 434 2495 tegorum
461 2453 652 2487 facientes:
689 2464 786 2486 nunc
809 2458 929 2486 autem
961 2452 1101 2485 animus
1126 2458 1180 2485 est
1205 2451 1250 2486 de
1282 2450 1560 2485 sacerdotalium
1584 2452 1708 2496 digni-

271 2502 387 2531 tatum
413 2500 568 2543 propriis
599 2501 771 2545 cuiusque
804 2498 1112 2545 appellationibus
1146 2503 1182 2532 et
1213 2498 1524 2546 praesessionibus
1553 2500 1708 2544 patriar-

271 2546 438 2585 charum,
475 2547 804 2590 metropolitarum,
844 2546 1198 2590 archiepiscoporum
1222 2545 1543 2589 autocephalorum
1567 2545 1625 2578 vel
1649 2546 1708 2579 in-

271 2590 557 2635 dependentium
590 2599 626 2627 et
658 2593 887 2627 subditorum
924 2593 997 2626 illis
1032 2594 1280 2637 episcoporum
1308 2593 1502 2636 specialem
1526 2592 1706 2636 quandam

271 2638 427 2681 opellam
462 2640 646 2673 conficere.
707 2640 888 2684 speciales
920 2641 1017 2673 enim
1050 2641 1140 2673 tales
1175 2645 1212 2673 et
1240 2638 1441 2672 abstractae
1475 2638 1707 2671 tractationes

267 2689 455 2729 praestant
478 2687 704 2731 perspicuam
729 2686 940 2723 doctrinam,
989 2687 1212 2720 Simultanea
1243 2696 1327 2719 vero
1353 2685 1398 2719 de
1430 2684 1579 2718 diversis
1601 2695 1707 2728 argu-

269 2732 400 2767 mentis
433 2738 470 2770 et
494 2734 597 2782 quasi
623 2734 813 2782 coniugata
837 2738 949 2783 atque
974 2738 1145 2769 contexta
1181 2733 1373 2780 expositio.
1391 2732 1484 2768 solet
1507 2731 1706 2766 lectoribus
