1832 3112
147 140 219 181 DE
243 138 369 182 vlTA
391 141 460 181 ET
484 140 658 181 REBUS
684 141 867 182 GESTIS
892 139 1262 185 CONSTANTINI.
1343 147 1502 190 XXXlX

68 243 232 298 nopolin
266 257 358 284 cm·
388 245 560 284 exercitu
603 246 731 283 movit
746 273 758 294 ‚
794 259 915 298 quam
957 252 1102 285 natura
1144 261 1215 286 sua
1228 277 1239 298 ,
1283 255 1322 287 et
1356 248 1505 302 opere,

68 302 323 339 munitiorem
339 329 351 349 ‚
385 313 507 353 quam
534 307 579 338 ut
602 302 690 352 capi
723 309 882 352 posset,
912 302 1137 354 proditione
1169 305 1300 355 cepit,
1331 318 1410 343 non
1431 304 1502 343 diu

67 362 203 394 tamen
232 357 379 394 tenuit.
437 354 621 407 Augusta
652 357 773 405 enim,
811 369 835 394 a
856 356 1134 407 Constantino,
1159 359 1227 410 qui
1259 360 1397 398 matris
1430 359 1500 398 de-

68 410 265 449 siderium
287 410 438 449 diutius
464 408 567 448 ferre
605 422 687 448 non
717 418 874 463 poterat
890 441 900 461 ,
940 413 1107 465 imperio
1139 410 1284 451 iterum
1311 414 1471 453 admota
1487 443 1499 464 ‚

67 464 190 504 donis
209 464 381 515 oblatis,
409 464 551 503 urbem
577 466 717 517 recipit
733 494 745 516 ,
774 479 865 504 mox
895 468 974 505 icto
1004 480 1097 505 cum
1125 466 1328 507 Saracenis
1366 469 1499 510 soede-
1512 467 1635 504 1..XV1

67 533 152 570 req·
177 522 246 573 qui
275 527 316 559 et
344 521 562 558 maritimas
595 519 732 558 ltaliae
761 534 852 559 oras
884 529 923 560 et
963 523 1156 560 orientem
1187 522 1375 563 hactenus
1414 532 1500 564 tur-

67 573 261 614 baverant
276 603 290 624 ‚
315 576 427 613 omni
460 575 633 612 exercitu
663 583 867 614 contracto
883 605 896 625 ,
934 576 1135 615 fortunam
1165 577 1258 616 belli
1287 580 1328 616 in
1354 580 1502 633 Bulga-

67 643 135 668 ros
163 631 332 683 experiri
349 658 362 679 ‚
390 636 630 683 gentemque
656 629 827 669 ferocem
865 637 904 669 et
932 630 1160 684 ambiguam
1190 634 1311 671 armis
1347 633 1499 674 exscin-

47 683 189 738 dere,
209 685 377 723 statuit.
434 684 496 722 Ea
528 685 735 738 provincia
771 686 896 723 Leoni
935 685 1112 735 Phocae,
1149 690 1397 727 terrestrium
1433 704 1501 730 co-

65 740 222 791 piarum
250 739 371 787 duci,
402 740 534 777 evenit
549 740 660 791 ‚·qui
687 738 820 778 hostes
854 739 904 777 ad
933 739 1173 788 Acheloum,
1203 742 1398 782 Thraciae
1434 760 1501 784 ca-

66 793 227 832 stellum
259 796 308 843 ¹),
335 807 542 846 aggressus
556 822 568 843 ‚
605 792 719 832 clade
755 794 980 833 incredibili
1010 798 1226 847 prostravit
1243 826 1255 846 ,
1295 799 1363 836 sed
1408 814 1499 839 cum

69 848 224 887 subitus
251 856 386 887 terror
413 848 516 887 forte
546 849 670 899 copiis
698 847 878 887 obiectus
907 854 1026 898 esset,
1053 849 1242 889 inclinata
1278 854 1377 902 acie,
1408 854 1500 908 suga

67 903 231 942 ordines
265 903 496 942 turbarunt.
558 902 717 953 Quibus
768 903 955 956 dispersis
1001 903 1166 943 Simeon
1208 919 1300 944 cum
1347 907 1501 962 reliquo

67 959 530 1010 exe-»oimwupervenit‚
569 964 802 1012 tantamque
835 965 1008 1012 stragem
1042 959 1183 1009 edidit,
1206 967 1251 999 ut
1291 964 1356 1000 vix
1397 977 1502 1003 nun-

64 1013 269 1052 u‘ne‘eius
297 1013 532 1065 Byzantium
563 1012 727 1052 rediret.
785 1014 941 1054 Tantae
967 1013 1202 1053 calamitatis
1233 1015 1391 1068 culpam
1418 1019 1504 1071 plu-

64 1067 238 1105 rimi‘in'
258 1067 484 1106 Romanum
513 1068 781 1120 Lecapenum,
809 1068 924 1108 classi
950 1075 989 1107 et
1019 1081 1114 1108 orae
1142 1072 1364 1110 maritimae
1395 1086 1502 1126 prae-

65 1122 229 1172 fectum,
258 1121 498 1173 referebant,
525 1123 634 1175 quod
664 1122 795 1162 littora
821 1137 914 1162 cum
941 1124 1170 1163 triremibus
1197 1124 1327 1178 legere
1354 1128 1500 1180 iussus,

60 1175 398 1215 Patzinacitamm
424 1179 456 1229 ²)
485 1177 630 1216 auxilia
671 1191 753 1216 non
785 1180 996 1225 traiecerat
1009 1208 1022 1229 ,
1052 1185 1122 1218 aut
1154 1179 1370 1232 fugientem
1405 1183 1502 1222 mili-

63 1236 146 1269 tem
176 1239 395 1284 exceperat.
449 1231 662 1286 Vulgatior
690 1232 795 1271 sama
824 1240 883 1272 est
899 1263 911 1285 ,
940 1234 1132 1284 Leonem,
1163 1234 1232 1272 ubi
1258 1236 1499 1289 Romanum,

62 1285 299 1338 Byzantium
329 1287 566 1339 profectum,
595 1301 688 1326 cum
716 1288 751 1326 N
756 1287 884 1326 icolao
914 1289 1141 1341 patriarcha
1172 1290 1336 1329 consilia
1367 1293 1418 1330 de
1445 1307 1503 1332 re-

62 1353 142 1392 gno
165 1343 320 1394 agitare
344 1349 584 1394 cognoverat
598 1371 611 1393 ,
640 1343 786 1382 omissa
813 1342 909 1382 belli
945 1342 1029 1382 alea
1045 1373 1058 1395 ,
1086 1345 1217 1396 ipsum
1249 1355 1502 1397 praevertere

62 1394 235 1435 voluisse
261 1395 307 1448 ³).
360 1396 553 1451 Bulgaros
589 1410 758 1452 regnum
797 1411 881 1437 non
914 1398 1042 1438 multo
1078 1404 1170 1452 post
1198 1400 1346 1440 iterum
1378 1403 1497 1443 ador-

115 1531 150 1578 1)
191 1529 374 1566 Cedrenu's
406 1543 440 1577 p.
467 1533 547 1567 613.
584 1531 731 1566 Simeon
763 1532 814 1566 Lo
838 1531 964 1567 otheta
995 1545 1031 1578 p.
1071 1534 1151 1578 476.
1192 1537 1230 1568 et
1266 1533 1340 1567 Leo
1373 1533 1500 1567 Gram-

152 1578 237 1610 'mat
270 1590 304 1624 p.
343 1578 421 1622 492.
456 1578 590 1612 flumen
627 1583 769 1613 vocant.
816 1544 946 1613 &Verba
977 1580 1055 1613 eius
1090 1578 1180 1613 haec
1213 1586 1315 1614 sunt:
1349 1581 1399 1614 Ὀ
1430 1580 1500 1612 πό-

139 1625 269 1670 ·λεμος
309 1621 404 1670 μετὰ
450 1626 525 1659 τῶν
559 1625 791 1670 Βουλγᾰρων
823 1627 886 1658 καὶ
929 1625 1129 1671 Ῥωμαίων
1164 1620 1263 1670 πρός
1310 1627 1358 1670 τῷ
1395 1625 1501 1669 'Ale-

156 1671 240 1715 λώῳ
276 1669 547 1716 συγκεκρότητο
586 1671 763 1717 ποταμῷ,
798 1673 863 1704 καὶ
892 1691 938 1696 -
969 1674 1172 1715 τρέπονται
1196 1672 1379 1717 (Ρωμαῖοι
1403 1683 1500 1704 Τιαν-

157 1719 297 1761 στραῐί.
346 1717 522 1750 Romanos
549 1728 593 1750 ex
618 1717 683 1750 illo
709 1717 848 1761 praelio
872 1718 1026 1751 victores
1063 1717 1267 1750 discessisse
1282 1743 1292 1758 ,
1316 1718 1501 1751 Cedrenus

156 1762 289 1802 tradit,
310 1768 502 1806 propterea
526 1772 546 1793 a
572 1763 705 1802 Goaro,
731 1763 827 1795 notis
850 1763 896 1796 ad
921 1763 1100 1803 Leonem,
1125 1764 1327 1807 castigatus,
1375 1763 1446 1796 Sed
1471 1764 1501 1795 is

155 1810 327 1841 Zonaram
361 1810 545 1854 sequitur,
577 1809 641 1853 qui
674 1818 752 1852 pag.
794 1809 868 1844 185.
906 1819 979 1841 non
1025 1808 1210 1842 instrenue
1248 1820 1322 1842 rem
1354 1809 1502 1854 gessisse

158 1854 332 1896 Graecos,
373 1865 440 1887 nec
471 1856 695 1887 incruentam
731 1853 892 1899 Bulgaris
925 1854 1112 1887 victoriam
1142 1855 1277 1894 fuisse,
1317 1861 1500 1888 memorat.

155 1902 195 1946 α)
215 1901 450 1934 Patzinacitae
475 1901 656 1945 principio
681 1910 740 1933 eas
766 1901 943 1946 regiones,
965 1902 1130 1946 quasVzi
1153 1906 1279 1946 postea
1305 1908 1342 1935 et
1354 1901 1502 1935 Chazari

157 1952 399 1991 occuparunt,
423 1952 596 1986 tenuere,
634 1945 726 1992 inde⁴
744 1946 840 1990 pulsi
865 1947 898 1980 T
901 1957 1065 1980 urcorum
1091 1958 1191 1992 agros
1217 1947 1324 1980 armis
1346 1947 1501 1993 subege-

158 1998 252 2027 runt.
298 1995 386 2027 Erat
421 1998 541 2027 autem
572 1993 805 2027 Constantini
841 1998 959 2026 aetate
983 1993 1186 2027 Patzinacia
1209 1995 1325 2027 omnis
1354 1994 1392 2026 in
1418 2000 1499 2026 octo

153 2046 274 2085 partes
298 2040 432 2079 divisa,
458 2051 611 2085 quarum
635 2039 799 2085 singulae
822 2040 1046 2084 praefectos,
1068 2051 1219 2085 quorum
1242 2045 1400 2084 potestas
1425 2051 1502 2073 non

155 2086 203 2118 ad
228 2087 336 2126 lilios,
360 2087 423 2119 sed
434 2086 626 2130 patrueles,
647 2085 835 2127 transibat,
854 2085 1046 2119 habebant.
1072 2087 1292 2131 Frequentia
1318 2087 1369 2120 eis
1397 2098 1502 2131 prae-

155 2134 206 2165 lia
242 2142 321 2165 cum
354 2133 503 2171 Turcis,
526 2133 723 2165 moraviam
746 2131 962 2172 colentibus,
988 2132 1100 2165 fuere.
1147 2134 1333 2166 Constant.
1357 2132 1400 2167 de
1425 2132 1502 2166 Ad-

157 2181 241 2211 min.
265 2180 396 2225 Imper.
423 2189 453 2211 c.
478 2180 532 2224 37.
556 2180 613 2214 38.
660 2178 810 2218 Russos,
841 2181 1101 2212 conterminam
1124 2184 1266 2222 gentem
1302 2190 1395 2212 anno
1419 2180 1497 2223 9¹5·

151 2227 311 2269 primum
333 2226 485 2269 aggressi
500 2250 509 2265 ,
533 2235 622 2268 pace
645 2225 865 2269 composita,
894 2225 996 2258 sedes
1020 2224 1067 2256 ad
1091 2224 1299 2258 Danubium
1334 2235 1497 2270 posuere.

158 2270 333 2305 Theodos.
358 2272 470 2306 Κίου.
495 2270 547 2304 ad
570 2271 603 2303 h.
627 2283 662 2304 a.
711 2271 886 2305 'renuisse
911 2282 972 2304 eos
995 2270 1203 2316 planiciem,
1227 2282 1248 2303 a
1274 2271 1496 2314 Borysthene

156 2316 267 2350 fluvio
300 2317 346 2350 ad
380 2317 598 2351 Pannoniam
625 2329 666 2350 us
694 2327 739 2349 ue
771 2321 992 2361 porrectam,
1022 2317 1088 2350 ubi
1120 2317 1301 2352 Moldavia
1325 2317 1434 2351 hodie
1459 2323 1497 2350 et

142 2362 303 2396 *Podalia
328 2363 395 2396 sita
422 2369 500 2404 est,
526 2362 649 2396 domos
707 2362 850 2396 abuisse
874 2364 1012 2402 nullas,
1035 2364 1076 2396 in
1098 2359 1268 2408 plaustris
1295 2365 1405 2396 vitam
1430 2363 1497 2396 de·-

157 2409 250 2452 gisse
265 2435 274 2450 ,
297 2415 400 2442 autor
423 2415 479 2443 est
503 2409 684 2443 Cedrenus
712 2420 748 2453 p.
772 2411 850 2454 775.
943 2411 980 2455 3)
1004 2409 1248 2454 Luitprandus
1273 2411 1311 2442 L.
1327 2411 1386 2442 111.
1412 2420 1438 2440 c.
1462 2410 1493 2442 8.

159 2456 247 2488 Cum
272 2456 442 2501 Bulgaris
463 2465 656 2501 praeter-ea
670 2457 855 2500 pugnanti
876 2455 1018 2490 Phocoe
1030 2455 1248 2495 Domestica,
1269 2458 1339 2502 qui
1362 2464 1396 2488 et
1420 2457 1494 2500 ipse

158 2501 270 2533 Pater·
305 2502 468 2535 Basileus
504 2501 677 2536 ardenter·
710 2501 800 2547 fieri
831 2502 1024 2547 cupiebat,
1064 2503 1206 2547 inipso
1232 2502 1326 2536 bello
1353 2502 1426 2534 iam
1450 2499 1495 2534 de

157 2546 317 2580 hostibus
337 2548 553 2592 triumphum
576 2550 738 2587 tenenti,
770 2546 863 2594 quid
884 2561 907 2582 a
931 2550 1093 2582 Romano
1119 2557 1239 2582 actum
1264 2550 1338 2587 sit,
1364 2549 1496 2579 nunti-

158 2594 302 2634 1iatur5
336 2595 402 2638 qui
424 2606 506 2626 most:
533 2595 655 2628 animo
676 2602 948 2631 consternatus,
978 2594 1092 2627 nimio
1122 2593 1248 2627 dolore
1269 2593 1492 2638 compulsus,

158 2640 344 2672 victoriae
366 2640 531 2683 signum,
557 2651 629 2685 quo
646 2639 764 2673 hostes
782 2639 1062 2687 insequebatur,
1083 2641 1258 2685 proiecit,
1282 2647 1385 2684 terga
1407 2650 1494 2672 ver-

159 2686 225 2724 ιιί,
254 2684 387 2731 fingam
415 2697 498 2720 suos
525 2686 622 2720 inire
652 2685 760 2733 ficit.
787 2691 852 2720 cet.
901 2686 959 2720 Sic
988 2686 1098 2719 etiam
1131 2685 1312 2720 Cedrenus
1345 2695 1378 2731 p.
1411 2685 1491 2720 613.
