1832 3112
189 142 263 186 ΒΕ
283 138 416 185 vm
437 140 507 184 m?
529 140 699 184 mus
722 139 906 183 GFs'rls
929 135 1304 183 consum.
1381 137 1526 182 XXXV

95 245 351 299 Theodorus,
378 244 534 297 doctus,
561 251 609 284 ut
638 251 726 284 tum
754 251 867 284 erant
884 251 1080 298 tempora,
1107 251 1148 285 et
1179 245 1222 284 in
1251 244 1528 284 administram

95 303 160 343 dis
190 302 311 344 rebus
346 302 483 355 magni
514 301 580 340 vir
606 302 798 339 momenti
811 329 824 350 ,
854 301 1074 353 praeceptis
1099 306 1141 339 et
1167 300 1347 354 exemplo
1376 300 1528 339 forma-

96 359 159 398 vit
183 360 229 409 ¹).
282 357 482 396 Coronam
510 369 638 408 puero
674 356 717 394 in
750 369 862 408 spem
889 355 1144 394 successionis
1187 356 1344 409 imperii
1371 355 1526 410 Euthy-

96 413 203 452 mius
232 411 459 465 patriarcha
482 411 687 463 imposuit,
715 410 895 449 nondum
914 409 1091 448 obsoleta
1110 409 1289 450 Caesaris
1316 410 1524 464 dignitate,

96 477 180 521 qua
208 473 396 516 ornatus,
434 463 757 515 Nobitinimus,
786 466 938 518 antiqui
969 466 1092 503 moris
1126 465 1323 516 instituto,
1351 465 1525 504 vocaba-

95 529 166 562 tm·
191 522 237 572 Ἰ).
288 520 475 561 Eundem
492 520 606 558 brevi
628 519 839 558 intervallo
860 521 958 569 Leo,
981 520 1100 558 morti
1120 521 1338 572 proximus,
1359 520 1529 559 Alexan·

95 576 172 619 dro
203 577 316 616 fiatri
331 605 344 626 ‚
389 576 594 628 potestatis
615 581 655 613 et
682 574 939 613 consiliorum
972 575 1152 613 omnium
1170 577 1355 614 comitem
1379 589 1426 615 ac
1463 589 1530 614 so-

94 633 220 683 cium,
249 630 560 679 commendavit,
585 635 632 667 ut
661 643 707 667 eo
739 631 928 682 magistro
955 629 1146 682 regnandi
1174 637 1295 677 artes,
1326 629 1401 669 sibi
1428 632 1531 670 suis-

94 701 176 740 que
201 687 357 726 civibus
383 684 590 734 salutares,
613 683 831 722 addisceret
856 683 904 734 ²).
961 684 1068 722 Tum
1099 696 1214 734 vero,
1238 698 1444 738 nunquam
1466 699 1532 724 sa-

42 745 47 749 ”
94 743 148 781 tis
178 749 312 780 tutum
352 754 436 778 aese
469 740 581 792 regni
617 740 876 788 consortium,
909 740 1111 791 apparuit,
1137 751 1213 778 nec
1241 738 1532 791 Alexandrum,

94 798 256 850 pessimi
274 794 440 847 exempli
465 793 686 847 principem
700 821 712 842 ,
740 794 808 846 qui
824 792 951 831 multa
970 793 1184 832 crudeliter
1201 823 1213 843 ,
1230 793 1357 833 multa
1384 796 1532 834 intem-

96 858 284 905 peranter
302 849 478 904 gerebat,
494 862 520 886 a
546 847 691 887 scelere
707 847 921 886 abstinere.
967 847 1071 886 Nam
1089 847 1328 899 Basilitzem,
1347 862 1422 888 nec
1445 863 1535 888 san·

99 907 234 959 guine,
244 919 317 944 nec
331 906 374 943 in
392 917 478 942 rem
495 902 696 956 publicam
719 904 887 954 meritis,
903 901 1071 952 clarum,
1084 902 1240 941 sublato
1255 903 1535 955 Constantino,

99 960 315 1000 admovere
329 959 497 1012 imperio
516 957 714 1011 cogitabat
728 971 740 1008 ;
755 958 900 1010 quibus
917 957 1092 996 consiliis
1113 971 1222 997 mors
1246 959 1330 1001 eius
1344 961 1535 998 interces-

99 1016 181 1066 sit,
206 1021 418 1068 postquam
447 1027 598 1051 annum
628 1026 781 1063 unum,
823 1019 862 1051 et
893 1012 1003 1065 quod
1031 1014 1219 1063 excurrit,
1254 1021 1456 1067 regnasset
1481 1014 1533 1064 ο).

96 1067 233 1110 Pau-o·
246 1099 260 1120 ,
293 1083 368 1108 nec
397 1075 526 1107 aetate
539 1096 552 1118 ,
582 1081 656 1106 nec
686 1081 821 1106 rerum
846 1069 1085 1120 experientia
1101 1097 1113 1118 ,
1150 1074 1285 1106 tantae
1313 1068 1430 1108 molis
1461 1083 1534 1108 ca·

97 1125 187 1176 paci
209 1153 223 1176 ‚
253 1123 465 1163 Nicolaum
478 1152 491 1173 ,
520 1136 725 1161 sacrorum
765 1124 988 1175 principem
1003 1151 1015 1172 ,
1056 1122 1303 1175 Stephanum
1342 1131 1382 1163 et
1411 1125 1532 1163 Ιοεὶῐι-ὁ

97 1174 191 1218 nem
213 1177 402 1231 lindam,
429 1185 580 1217 tutores
603 1184 840 1217 testamento
857 1179 1043 1228 instituit,
1071 1191 1245 1231 quorum
1270 1177 1363 1218 licet
1385 1185 1534 1234 aequa-

189 1301 255 1332 est.
304 1297 458 1331 Zonaras
483 1297 525 1331 T.
550 1296 597 1335 II.
633 1307 668 1342 p.
706 1298 780 1342 ¹78·
803 1297 842 1330 B.
870 1294 948 1331 Οὐκ
974 1288 1092 1334 ³15³&-
1114 1296 1247 1343 μέντοι
1269 1296 1363 1343 αὐτῇ
1386 1298 1449 1339 τῆς
1468 1301 1537 1342 βιτ-

190 1345 335 1381 nalem:
357 1342 564 1390 μετέδωκεν
589 1342 822 1389 ἅξιιύμᾳῐος,
849 1341 930 1377 ἀλλ’
951 1342 1014 1389 ἐφ’
1037 1342 1174 1378 ἱκανὸν
1197 1342 1299 1388 adcor
1323 1348 1537 1390 συμβιοῦσει

188 1388 238 1434 ἦν
258 1389 501 1430 ἄταινίωῐος,
524 1390 658 1436 μέχρις
681 1389 726 1422 οὑ
750 1387 908 1424 παιδίον
937 1389 976 1429 ἐξ
1006 1389 1119 1431 αὐτῆς
1141 1391 1275 1434 ἐτέχθη
1299 1393 1349 1434 τῷ
1375 1392 1537 1434 βασιλεῖ’.

188 1439 284 1473 Eam
309 1449 385 1471 non
407 1438 530 1471 statim
554 1436 691 1471 honore
713 1437 956 1481 Imperatorio
982 1445 1037 1471 est
1059 1435 1257 1482 dignatus,
1281 1436 1348 1472 sed
1367 1437 1434 1472 diu
1456 1439 1541 1472 sine

189 1482 396 1518 diademate
418 1483 571 1524 habuit,
596 1482 714 1516 donec
738 1482 900 1529 filiolum
920 1484 1130 1528 peperisset.
1177 1484 1324 1517 Simeon
1348 1484 1537 1529 Logothet.

189 1530 230 1563 in
254 1530 379 1564 Annal.
404 1541 437 1574 p.
462 1530 541 1573 466.
576 1528 764 1573 εὔλογνίθη
797 1530 909 1562 Λέων
942 1532 1006 1562 καὶ
1038 1527 1122 1570 Zau}
1146 1549 1195 1555 —-
1218 1532 1283 1563 καὶ
1306 1529 1539 1575 ἀνηγόρευσε

188 1567 260 1618 τὴν
282 1575 418 1609 ἑαυτοῦ
440 1568 607 1621 γαμετὴν
629 1572 738 1617 Ζωὴν
760 1573 1002 1619 Au’yov'arar.
1055 1575 1353 1610 Benedictionem
1377 1578 1542 1622 nuptiali

191 1625 270 1662 ritu
294 1623 482 1656 consecuti
513 1630 599 1655 sunt
621 1622 693 1656 Leo
729 1629 763 1656 et
793 1622 870 1655 Zoe
905 1642 953 1648 —
982 1633 1132 1656 uxor-em
1159 1635 1304 1669 quoque
1337 1624 1441 1658 Zoen
1464 1624 1538 1657 Leo

191 1666 390 1714 Augustani
416 1670 673 1714 proclamavit„
720 1667 821 1701 Adde
847 1667 999 1701 Cedren.
1023 1679 1058 1712 p.
1083 1669 1163 1702 600.
1187 1679 1219 1700 a.

150 1720 190 1756 ι)
214 1715 350 1748 Hicine
359 1713 569 1747 Theodorus
590 1720 664 1754 est,
691 1713 754 1758 qui
769 1719 893 1755 postea
907 1724 1030 1756 pacem
1055 1725 1136 1746 cnm
1158 1713 1339 1753 simeone,
1363 1713 1542 1757 Bulgaro-

197 1771 277 1793 rum
315 1771 409 1804 rege,
428 1761 642 1804 composuit,
663 1764 701 1791 et
728 1758 984 1798 Constantino,
1010 1763 1051 1791 ut
1074 1761 1271 1791 Romanum
1296 1759 1469 1803 collegam
1499 1767 1541 1792 ac

197 1806 423 1840 defensorem
446 1805 591 1849 imperii
613 1805 837 1843 adsumeret,
860 1805 1059 1848 persuasit:
1085 1810 1170 1849 post
1192 1805 1283 1838 urbe
1309 1815 1391 1837 cum
1416 1805 1541 1840 Theo-

193 1852 363 1897 phylacto
396 1852 574 1896 patricio,
607 1850 707 1896 quod
731 1854 855 1884 contra
892 1851 1088 1883 Romanum
1123 1862 1232 1884 novas
1257 1862 1313 1884 res
1337 1851 1456 1884 moliri
1481 1862 1541 1884 ar-

194 1904 381 1942 gueretur‚
403 1898 548 1942 pulsus,
574 1898 612 1931 in
638 1897 850 1943 Opsiciana,
884 1897 1035 1930 minoris
1065 1897 1171 1930 Asiae
1194 1897 1360 1941 regione,
1381 1902 1542 1930 aetatem

197 1946 281 1988 egit.
330 1943 475 1978 Contin.
490 1943 702 1988 Theophan.
725 1944 832 1987 XLp.
852 1943 930 1986 24¹·
957 1942 994 1975 C.
1021 1947 1059 1976 et
1073 1942 1153 1986 245.
1178 1943 1216 1976 C.
1240 1944 1315 1976 Leo
1341 1943 1540 1979 Grammat-

194 2001 231 2035 p.
259 1992 337 2036 492.
363 1991 386 2024 f.
434 1991 477 2024 In.
499 1989 724 2024 bibliotheca
755 1992 912 2033 Augusta
946 1987 1224 2023 vindobonensi
1248 1994 1390 2023 exstant
1415 1989 1542 2023 Theo-

196 2037 276 2071 dori
307 2037 486 2071 orationes
518 2037 682 2082 aliquot,
724 2035 858 2080 quibus
891 2035 1170 2069 Constantinum
1209 2039 1247 2070 et
1268 2037 1363 2070 Zoen
1388 2041 1542 2069 matrem

198 2076 404 2117 celebravit„
451 2082 619 2116 Lambcc.
637 2081 1042 2116 Commentationum.
1066 2082 1124 2115 IV.
1150 2093 1185 2126 p.
1215 2093 1267 2116 ιι.
1346 2079 1387 2122 2)
1411 2082 1540 2125 Georg.

195 2128 360 2163 Monach.
399 2131 439 2163 in
469 2129 578 2163 Novis
604 2130 692 2174 lmp.
721 2139 755 2173 p.
782 2130 859 2162 561.
887 2129 1035 2161 Zonaras
1085 2153 1093 2160 .
1124 2130 1198 2162 180.
1225 2129 1280 2162 De
1302 2125 1541 2163 Nobilis-simo

197 2180 236 2210 et
258 2177 559 2215 Nobilissimum,
588 2180 630 2208 ut
654 2175 815 2220 sequiori
849 2184 937 2207 aevo
974 2185 1016 2208 ea
1072 2175 1203 2218 ignitas
1226 2175 1441 2216 vocabatur,
1466 2175 1542 2218 agit

199 2222 354 2266 Cangius
385 2222 425 2255 in
450 2222 604 2255 Glossar.
629 2221 753 2254 Graec.
848 2220 885 2265 3)
913 2220 982 2253 Vix
1016 2221 1112 2254 enim
1137 2226 1275 2265 septem
1300 2231 1412 2254 annos
1441 2220 1543 2253 Con-

199 2269 377 2302 stantinus
390 2274 493 2302 natus
507 2274 601 2308 erat,
616 2279 695 2301 eum
718 2272 821 2311 pater
834 2266 909 2300 fato
933 2266 1153 2311 fungeretur.
1182 2267 1275 2300 Hinc
1298 2278 1380 2301 eum
1394 2267 1540 2311 Gregor.

198 2315 240 2348 in
262 2314 335 2347 vita
358 2315 483 2348 Basilii
507 2314 571 2354 (ad
596 2313 630 2346 d.
655 2315 709 2348 26.
732 2313 853 2358 Mart.)
876 2323 909 2356 p.
927 2314 1005 2356 670.
1030 2311 1183 2359 Κομιδῇ
1206 2315 1293 2347 νέον
1319 2314 1383 2345 καὶ
1408 2311 1542 2353 παῖδα,

198 2360 409 2406 Luitprand.
434 2361 524 2394 Hist.
548 2361 590 2393 L.
610 2361 671 2393 111.
697 2371 726 2393 c.
752 2372 786 2404 7.
833 2360 1031 2405 parvulum
1057 2368 1092 2394 et
1116 2359 1281 2399 ἄλαλον,
1314 2358 1357 2394 id
1378 2367 1442 2398 est,
1464 2370 1543 2392 mu·-

200 2414 274 2441 tum
298 2415 334 2441 et
356 2407 556 2453 infantem,
592 2411 704 2440 vocat.
753 2406 931 2438 Successit
964 2412 1084 2439 autem
1116 2405 1320 2439 Alexander
1342 2417 1436 2438 anno
1460 2416 1540 2448 911.

203 2453 311 2496 Apud
346 2453 549 2487 Simeonem
581 2451 838 2497 Logothetam,
875 2462 1010 2484 annum
1043 2464 1123 2497 907·
1162 2457 1377 2497 ponentem,
1399 2446 1543 2483 numeri

204 2500 362 2544 corrupti
385 2505 478 2533 sunt.
572 2495 608 2542 4)
635 2499 778 2532 Contin.
804 2495 1017 2541 Theophan.
1045 2509 1079 2542 p.
1103 2500 1183 2533 233.
1207 2498 1288 2534 ἔτος
1310 2497 1375 2536 ἓν,
1403 2497 1543 2542 ἡμέρας

203 2545 272 2588 κβ,
300 2555 436 2579 annum
459 2556 582 2584 unum,
605 2543 684 2579 dies
706 2545 829 2578 XXII.
877 2544 1022 2577 Simeon
1046 2543 1244 2587 Logotheta
1260 2550 1303 2577 ‘et
1328 2544 1400 2576 Leo
1416 2542 1543 2575 Gram⁶

203 2592 352 2626 matieus
379 2591 480 2631 dies,
511 2597 654 2635 praeter
689 2601 820 2623 annum
846 2590 1047 2634 integrum,
1069 2590 1190 2624 xxlx.
1215 2594 1424 2629 numerant,
1449 2598 1543 2635 qno-2

205 2648 284 2671 rum
309 2639 524 2671 sententiam
546 2637 745 2683 proximam
775 2646 859 2670 vero
887 2646 984 2677 esse,
1007 2637 1130 2682 Pagina
1155 2637 1194 2670 in
1217 2636 1304 2670 Crit-
1333 2635 1458 2669 Baron.
1483 2645 1540 2667 an.

202 2696 282 2730 9¹2-
307 2695 343 2730 p.
357 2684 435 2727 804.
455 2683 625 2717 ostendit.⁴
