1832 3112
372 136 406 176 E
437 132 666 176 FABlucu
699 130 966 172 BIBLIOTH.
1000 129 1246 174 GRAECA..
1446 130 1535 169 ΠΧ

95 246 137 278 et
163 237 470 279 ecclesiasticum
495 237 714 290 pertinent.
744 234 814 274 sed
841 233 967 274 multa
993 235 1113 279 etiam
1137 246 1241 286 quae
1267 230 1320 270 ad
1346 238 1535 284 topogra->

94 295 235 347 phiam
254 293 396 343 Urbis,
425 290 651 332 officiorum
679 297 799 343 atque
827 290 1067 342 dignitatum
1096 289 1279 327 notitiam
1304 294 1534 340 utramque,

95 349 400 389 ecelesiasticam
425 348 623 400 imprimis
652 346 798 384 horum
831 352 1059 397 temporum
1084 344 1292 383 historiam
1305 372 1319 392 ,
1355 342 1533 391 faciunt,

94 407 377 457 reperiuntur,
421 416 527 456 quae
560 400 658 440 alibi
686 401 835 440 frustra
873 401 1128 453 quaesiveris.
1183 397 1306 449 Quod
1331 396 1535 436 luculento

94 466 156 499 oet
179 458 329 499 indicio
357 457 435 497 hoc
453 471 555 510 opus
571 470 786 509 <nunquam
810 455 1018 508 prodiisse.
1072 453 1204 493 Multa
1225 455 1334 491 enim
1353 459 1437 492 tam
1460 466 1535 506 pa-

95 514 182 554 latii
209 527 334 568 quam
364 512 552 552 eeclesiae
581 509 713 550 officia
738 525 764 549 a
789 511 945 550 Codino
974 517 1095 562 atque
1115 509 1293 548 Mem-sio
1316 509 1462 548 omissa
1486 521 1534 548 ex

95 568 168 609 illo
187 569 383 623 produci,
413 567 541 606 multa
566 569 687 606 etiam
715 565 907 605 illustrari
932 571 1112 618 possunt.
1167 564 1406 603 Innumerae
1429 577 1535 616 quo-

93 638 176 678 que
207 638 326 665 voces
358 629 592 672 occurrunt,
621 635 721 674 quas
747 635 878 674 neque
897 620 1100 659 Glossaria
1125 633 1149 657 a
1170 618 1375 668 Labbae0,
1396 619 1535 662 Maur-2·

92 681 156 719 sio
177 709 190 730 ,
230 679 289 718 du
325 679 478 730 Gangio
529 678 748 730 composita
764 707 777 726 ,
826 689 958 729 neque
989 674 1214 728 Hesychius
1238 687 1368 726 neque
1390 673 1536 715 Suidas

45 727 51 732 ’
93 733 256 775 habent.
311 734 449 784 Quare
479 732 531 771 ad
555 732 715 785 linguae
747 733 867 770 etiam
903 731 1088 783 peritiam
1114 728 1223 767 haud
1261 742 1406 781 parum
1437 743 1536 768 con-

93 789 224 829 ducit.
279 788 416 841 Stylus
446 794 648 826 caeterum
678 787 772 825 satis
804 792 988 838 comptus
1019 792 1141 837 atque
1167 797 1243 837 pro
1270 785 1384 826 istius
1412 783 1536 823 seculi

95 843 283 884 barbarie
318 842 570 896 sat=elegans.
628 841 847 893 Nunquam
874 853 972 879 vero
997 839 1150 878 editum
1168 868 1181 890 ,
1196 840 1285 877 imo
1314 840 1380 878 vix
1396 841 1537 892 cogni·

89 906 184 938 ¹tum
209 899 403 938 hactenus
427 899 626 950 optimum
651 895 773 935 fuisse
793 895 972 935 codicem
999 908 1165 948 prorsus
1202 895 1339 932 miror.
1394 893 1537 947 Neque

94 956 206 994 enim
233 956 339 994 inter
368 966 490 1005 opera
523 951 774 991 Constantini
808 965 833 990 a
864 949 1064 990 Vulcauio
1092 948 1156 988 vel
1187 949 1241 987 ab
1271 948 1361 994 aliis
1383 948 1535 1001 publici

93 1010 197 1049 iuria
211 1009 325 1048 sachi
351 1014 519 1061 apparet
534 1036 547 1058 ,
575 1019 706 1059 neque
731 1006 783 1045 ab
799 1005 998 1055 Hanckio,
1028 1018 1102 1044 nec
1133 1003 1238 1054 alio,
1264 1003 1375 1057 quod
1393 1005 1533 1054 sciam,

88 1063 285 1104 -fflateius
310 1063 356 1102 fit
371 1063 543 1102 mentio.
599 1062 755 1100 Verum
776 1060 832 1099 du
851 1061 1017 1100 Fresnei
1042 1060 1207 1099 Domini
1233 1059 1290 1098 du
1309 1059 1446 1112 Cange
1470 1061 1534 1098 in-

90 1118 288 1158 dustriam
317 1117 501 1171 effugisse
526 1116 647 1170 plane
667 1116 870 1166 demiror,
899 1117 1049 1169 quippe
1077 1116 1148 1168 qui
1175 1113 1225 1153 ad
1254 1113 1535 1154 illustrandam

14 1186 20 1191 ·
90 1173 311 1214 orientalis
336 1174 499 1226 Imperii
528 1172 765 1222 Historiam,
797 1170 1097 1211 etGlossan'um
1113 1182 1233 1209 suum
1256 1169 1535 1210 adornandum

18 2732 27 2743 ,
0 2601 24 2674 u
0 2375 31 2583 »nemesa-
6 2271 11 2298 ⁴-

86 1228 394 1282 ·ineomparabili
421 1230 585 1281 prorsus
627 1226 760 1266 studio
789 1228 924 1266 omnia
957 1227 1127 1266 rimatus
1168 1232 1244 1264 est.
1301 1223 1420 1264 Solus
1452 1226 1534 1265 Ge,-

86 1285 287 1335 manv),
313 1286 356 1323 in
371 1283 538 1323 historia
564 1282 758 1322 litteraria
780 1282 1058 1335 peritissimus,
1086 1282 1172 1320 eius
1196 1279 1306 1320 hisce
1333 1282 1532 1331 meminit,

33 1373 37 1382 ,
87 1338 190 1379 dum
213 1341 320 1379 inter
339 1339 419 1378 alia
444 1339 694 1378 Constantini
722 1338 859 1391 Opera
892 1343 1073 1376 recenset
1089 1351 1101 1375 :
1145 1335 1376 1374 »Volumen
1396 1336 1534 1376 Grae-.-

89 1407 183 1432 cum
212 1408 401 1448 magnum
423 1408 469 1433 ex
504 1392 749 1433 bibliotheca
778 1393 1010 1446 Hungarica
1038 1391 1091 1434 de
1119 1391 1358 1430 Cerimoniis
1389 1390 1530 1434 aulicis

88 1450 212 1488 sau-is
236 1457 277 1489 et
298 1449 527 1502 prophanis.
577 1447 807 1486 Videndum
821 1478 833 1498 ,
862 1449 995 1501 pergit
1016 1448 1234 1495 GesneruS,
1261 1460 1314 1484 an
1342 1446 1444 1487 sorte
1476 1449 1531 1486 sit

88 1503 196 1544 idem
215 1505 339 1544 Liber
359 1506 430 1557 qui
461 1502 763 1555 Harmenopulo
793 1503 986 1542 tribuitur
1019 1503 1063 1540 in
1085 1500 1276 1554 Catalogo
1306 1501 1527 1540 Bibliothe-

87 1572 160 1598 ωε
182 1559 302 1613 Regis
326 1558 535 1598 Gallorum
549 1588 562 1607 ,
592 1559 707 1598 Ordo
731 1558 845 1611 Regii
860 1557 1018 1597 Palatii.
1032 1575 1050 1592 u
1105 1555 1273 1595 Nullum
1303 1570 1400 1596 vero
1425 1557 1526 1596 mihi

87 1613 259 1654 dubium
290 1622 372 1664 oet,
399 1621 469 1653 aut
506 1613 604 1652 falso
630 1614 892 1652 Constantino
923 1611 1226 1664 Harmenopulo
1259 1612 1422 1650 inscribi
1456 1619 1527 1652 aut

86 1668 218 1721 plane.
232 1669 438 1709 diversum
459 1683 544 1708 esse
575 1668 736 1706 debere.
768 1668 879 1706 Dum
899 1667 1202 1719 expressissimis
1232 1666 1368 1705 verbis
1390 1667 1525 1718 Impe-

88 1731 199 1762 rator
230 1725 272 1762 in
314 1725 495 1762 omnium
531 1729 774 1761 tractatuum
810 1721 937 1774 titulis
970 1729 1009 1760 et
1046 1720 1288 1772 praeloquiis
1317 1719 1407 1758 illos
1448 1721 1524 1760 sibi

0 1756 1 1822 j
48 1774 51 1775 ⁷
87 1779 166 1830 ipsi
200 1778 400 1827 vindicet,
436 1785 497 1827 et,
547 1791 668 1829 quem
717 1777 979 1815 Constantino
1017 1774 1326 1827 Harmenopulo*
1356 1774 1523 1826 tribuit,

87 1832 223 1879 Codex
258 1833 310 1872 de
342 1832 496 1881 Aulicis
514 1861 526 1882 ,
564 1845 677 1870 meus
719 1845 817 1870 vero
857 1831 908 1869 de
944 1829 1232 1870 Ecclesiasticis
1272 1830 1524 1882 potissimum

86 1894 195 1939 agat.
251 1888 320 1926 Du
339 1888 511 1940 Cangius
526 1916 538 1936 ,
568 1887 638 1939 qui
659 1887 796 1926 omnia
813 1886 959 1939 Regiae
979 1884 1080 1925 Bibl.
1104 1885 1193 1923 MS.
1226 1884 1376 1930 sedulo,
1393 1899 1523 1924 excus-

0 1920 1 1935 l

75 1944 153 1992 sit,
182 1942 528 1995 Harmenopulum
552 1955 634 1980 non
658 1941 783 1990 vidit,
817 1940 914 1979 alias
938 1939 1169 1992 neglexisset
1195 1940 1373 1989 minime,
1397 1954 1522 1992 quare

86 1996 201 2036 illum
223 1997 360 2036 adesse
386 2000 452 2037 vix
473 1996 609 2036 credo.
668 1996 710 2034 Si
730 1995 881 2034 Labbei
902 1994 1148 2034 Bibliotheca
1162 1995 1279 2033 MSS.
1301 1995 1331 2043 2)
1358 1994 1409 2032 ad
1433 2009 1520 2034 ma-

86 2065 164 2091 nus
186 2059 308 2103 esset,
337 2052 478 2091 lubens
509 2051 808 2091 consuluissem.
866 2050 905 2089 Is
947 2051 1054 2089 enim
1082 2051 1227 2102 Regiae
1251 2048 1520 2089 Bibliothecae

88 2106 206 2145 MSS.
231 2108 336 2146 inter
371 2115 526 2146 caetera
557 2113 790 2155 enumerat,
820 2105 950 2158 qualis
981 2112 1115 2144 autem
1147 2106 1198 2142 sit
1225 2103 1437 2156 Catalogus
1468 2105 1519 2144 de

84 2174 168 2214 quo
201 2161 400 2201 Gesnerus
414 2192 427 2213 ,
469 2163 622 2215 ignoro,
678 2161 838 2199 MStum
879 2161 999 2199 fuisse
1038 2166 1211 2213 oportet.
1266 2159 1518 2212 singularem

115 2269 148 2316 ι)
171 2271 253 2305 Sive
265 2271 415 2305 Iacobus
436 2271 572 2304 Frisius
597 2273 719 2317 potius
743 2271 780 2304 in
794 2271 961 2316 Epitome
976 2270 1067 2304 Bibl.
1080 2270 1323 2305 Gesnerianac
1345 2277 1381 2305 et
1400 2275 1516 2307 conti-

178 2318 352 2353 nuatione
374 2329 431 2363 ap.
456 2317 648 2352 Froscliov.
679 2319 777 2356 1583.
801 2318 863 2354 fol.
888 2319 1006 2363 p.173-
1109 2319 1146 2362 a)
1173 2319 1214 2350 In
1240 2318 1307 2350 hac
1333 2330 1406 2363 pag.
1434 2332 1513 2364 270.

177 2369 421 2406 memorantur
453 2374 497 2396 ex
529 2364 630 2399 MSS.
666 2365 758 2398 Bibl.
789 2365 942 2410 Regiae,
976 2369 1060 2409 post
1098 2364 1354 2409 Harmenopuli
1392 2377 1515 2410 prom-

176 2411 334 2443 tum-ium
361 2410 465 2444 libris
499 2411 593 2443 vm.
629 2410 839 2444 distinctum
875 2416 913 2444 et
936 2411 1107 2456 pleraque
1143 2411 1214 2443 alia
1241 2411 1287 2443 ad
1319 2417 1514 2456 utrumque

176 2457 234 2489 ius
266 2456 484 2490 Graecorum
523 2458 723 2501 spectantia
751 2457 949 2501 opuscula,
981 2457 1113 2504 Officia
1142 2458 1288 2491 Palatii
1315 2467 1351 2491 et
1382 2459 1513 2492 Eccle-

175 2504 255 2536 siae
288 2513 330 2535 ac
360 2502 462 2536 sedes
495 2503 719 2547 patriarchae
748 2503 849 2537 CPol.
882 2502 1065 2537 subiectae
1101 2504 1168 2537 sub
1198 2503 1320 2536 Leone
1345 2503 1512 2538 Philoso-

175 2547 249 2592 pho
283 2553 322 2582 et
356 2548 561 2583 Andronico
592 2550 821 2594 Palaeologo,
857 2555 894 2583 et
928 2549 1032 2589 τάξις
1066 2550 1142 2583 τῶν
1170 2553 1416 2594 χειροτονιῶν
1447 2562 1511 2596 per

174 2594 398 2628 Demetrium
433 2595 631 2629 Gemistum
661 2597 948 2629 protonotarium
986 2607 1133 2640 magnae
1176 2596 1346 2629 ecclesiae
1380 2597 1510 2631 niaco,

177 2641 396 2680 numJnscri
426 2641 547 2674 tiones
574 2641 798 2676 patriarchae
830 2642 933 2677 CPol.
964 2643 1010 2676 ad
1028 2642 1158 2687 Papam
1188 2649 1225 2676 et
1256 2648 1414 2678 caeteros
1445 2644 1510 2684 Pa-

176 2685 366 2729 triarchas,
420 2686 606 2734 rdxiepisc.
654 2688 727 2724 Sed
753 2688 847 2722 nihil
872 2687 962 2723 haec
987 2688 1034 2722 ad
1055 2700 1224 2735 praesens
1249 2699 1350 2738 opus,
