1878 3112
330 197 683 240 coNsTAN'nm
728 196 924 239 ponpa.
968 199 1039 237 m:
1079 197 1334 238 naamon.
1463 175 1568 243 451

137 301 327 354 βασιλέα.
356 304 597 342 τελευταῖον
625 299 672 341 δὲ
696 298 802 351 μετὰ
832 298 881 340 τὸ
911 299 1115 340 εἰσελθεῖν
1143 293 1268 340 αὖτόν
1295 299 1354 346 εἷς
1373 296 1420 339 τὸ
1434 298 1574 337 πλοῖον

138 365 181 407 οἱ
204 368 282 418 μὲν
307 363 606 421 παριστάμενοι
632 364 782 413 πάντες
809 362 999 416 ἔπιπτον,
1028 360 1152 413 αὐτὸς
1179 362 1400 418 δὲῑτρίτον
1426 372 1606 417 σφρα-Ι)

137 433 257 484 γίσας
282 428 359 484 τήν
384 427 526 482 πόλιν,
562 429 700 471 ἐκίνει.
754 429 907 483 ἠρώτα
938 429 1008 480 δὲ,
1040 423 1141 483 ἄχρι
1166 431 1239 470 τοῦ
1267 427 1579 480 συνοψισθῆναι

136 494 206 536 τὸν
232 493 361 547 λαὸν,
399 492 470 535 διὰ
498 496 651 549 τριῶν,
689 494 865 535 ἐδείπνει
893 495 940 536 δὲ
968 493 1038 535 διὰ
1068 493 1145 535 δύο
1187 492 1296 548 πλὴν
1324 494 1398 547 τῆς
1427 508 1574 547 κυρια-

109 561 220 614 5κῆς.
276 555 466 614 οἷκίνητος
493 560 540 600 δὲ
580 557 724 612 ἔμενεν
751 561 795 600 ἐν
821 559 928 616 αὐτῇ
970 561 1022 614 τῇ
1062 557 1209 616 ἡμέρᾳ.
1277 557 1499 614 φθάνοντα
1530 559 1577 599 δὲ

138 622 262 667 αὐτὸν
286 622 390 679 πρὸς
414 623 484 666 τὸν
508 623 635 676 λαὸν,
664 622 856 677 ὑπήντων
882 622 997 682 αὐτῷ
1026 623 1064 665 οἱ
1093 623 1373 679 προλαβόντες
1398 624 1470 677 τῆς
1498 621 1578 662 τά·

139 692 238 740 ξεως
277 689 351 731 καί
387 688 439 731 τὰ
480 690 670 744 τάγματα
696 690 768 730 ἐπὶ
790 691 847 747 τῷ
874 684 985 746 ἄκρῳ
1013 693 1089 731 τοῦ
1122 689 1354 744 α’πλήκτου,
1394 691 1467 730 καί
1502 703 1578 740 με’

139 753 194 796 τὰ
237 756 314 796 τοῦ
351 755 557 808 βασιλέως
591 752 701 796 oiim
745 754 983 797 συνείποντο
1034 750 1135 811 ἄχρι
1170 756 1245 808 τῆς
1282 760 1474 808 κορτῖνος.
1533 755 1577 795 ἐν

137 820 247 876 αὐτῇ
273 821 321 860 δὲ
346 821 396 875 τῇ
422 819 555 877 ἡμέρᾳ
593 817 730 862 ἐκάλει
756 819 854 869 τούς
894 815 1125 875 ἄρχοντας,
1163 819 1237 861 καί
1261 819 1402 861 ἐδίδου
1432 820 1574 867 αὐτοῖς
1584 833 1689 868 Εᾱ,[,,
1705 835 1766 869 261

90 882 412 938 ιοᾶποκόμβιον,
448 887 521 926 καί
541 886 758 939 μαϊουμᾶν
783 891 869 934 τοῖς
895 883 1183 940 στρατιώταις.
1212 886 1370 928 ἐκεῖθεν
1399 886 1445 926 δὲ
1472 883 1576 937 μετὰ

76 996 83 1002 ,
139 951 216 991 τοῦ
242 952 348 991 λαοῦ
373 952 563 992 κινοῦντα
591 948 661 992 τὸν
687 952 862 1003 βασιλέα
890 950 991 992 κατά
1021 949 1098 1005 τήν
1125 949 1224 992 ὁδὸν
1250 952 1327 991 τοῦ
1354 950 1576 1002 ταξειδίου,

147 1014 317 1056 ἕκαστον
351 1015 465 1068 θέμα
500 1015 661 1070 ὑπήντα
700 1011 815 1072 αὖτῷ
850 1013 957 1056 κατὰ
992 1013 1040 1056 τὸ
1081 1014 1308 1070 πλησιάζον
1344 1016 1471 1070 μέρος
1505 1017 1578 1069 τῆς

147 1077 275 1132 ὅδοῦ,
302 1078 371 1122 ἵνα
397 1078 456 1135 μὴ
484 1082 607 1136 κοπιᾷ
634 1079 660 1121 ot
686 1079 811 1129 λαός·
853 1082 898 1122 ἕν
926 1081 972 1121 δὲ
999 1083 1050 1138 τῇ
1078 1081 1183 1137 αὐτῇ
1207 1080 1368 1137 ἡμέρᾳ,
1398 1083 1496 1121 20:3³
1523 1079 1576 1134 ἢν

140 1145 306 1198 ἐδέχετο
346 1143 478 1187 αὐτὸν
514 1143 562 1186 τὸ
598 1147 733 1198 θέμα,
770 1144 917 1187 ’ἐκάλει
952 1143 1051 1194 τούς
1089 1139 1295 1200 ἄρχοντας
1331 1145 1410 1186 τοῦ
1447 1144 1577 1186 atii-0²3

92 1211 343 1262 ιόθέματος.
394 1207 469 1265 τὴν
495 1211 544 1251 δὲ
576 1211 726 1265 χρείαν
749 1212 822 1264 τῆς
847 1211 1063 1266 βασιλικῆς
1098 1207 1324 1265 ὑπηρεσίας
1336 1243 1349 1262 ,
1387 1212 1575 1251 τουτέστι

140 1275 309 1330 σφακτά
347 1289 391 1316 τε
427 1273 499 1316 καὶ
546 1270 677 1330 ἆρνίοί
718 1275 791 1317 καὶ
829 1275 883 1318 τὰ
922 1276 1097 1317 τοιαῦτα
1137 1275 1209 1316 καὶ
1232 1274 1280 1316 τὸ
1309 1277 1476 1328 ψωμίον
1501 1278 1574 1330 τῆς

140 1339 377 1394 φιλοτιμίας
415 1341 487 1381 καί
534 1338 606 1381 τὸν
635 1339 779 1382 λοιπὸν
804 1342 1020 1393 μαῖουμᾶν
1044 1339 1235 1396 ἐχορήγει
1263 1342 1435 1390 ἕκαστος
1461 1350 1606 1396 πρω-Β

143 1402 381 1458 τονοτάριος
418 1406 465 1446 ἐν
498 1406 557 1462 τῷ
592 1405 685 1462 ἰδίῳ
722 1407 878 1458 θέματι
916 1405 1183 1460 διερχόμενον
1218 1403 1290 1447 τὸν
1316 1406 1491 1458 βασιλέα
1519 1405 1566 1445 ἐκ

141 1470 215 1510 τοῢ
251 1469 393 1524 οἷερίου
428 1470 552 1523 λόγου
590 1471 664 1511 καί
687 1471 770 1511 τῶν
797 1471 1000 1512 συνονῶν·
1054 1466 1085 1523 ἢ
1111 1469 1183 1509 καὶ
1205 1468 1263 1523 μὴ
1291 1467 1400 1522 ἔχων
1409 1502 1421 1520 ,
1464 1473 1572 1521 λαμ-

89 1534 279 1586 2Οβοὶνων
316 1535 363 1575 ἐκ
398 1536 472 1574 τοῦ
511 1536 689 1586 εἰδικοῦ,
738 1531 866 1582 αὐτὸς
914 1533 1054 1591 διῴκει
1102 1535 1261 1586 ταῦτα,
1298 1533 1480 1585 μάλιστα
1524 1534 1571 1574 δὲ

143 1665 234 1700 bant
261 1677 383 1700 omnes
413 1667 453 1700 in
474 1667 582 1700 litore
604 1666 782 1700 adstantes
812 1668 851 1699 in
877 1678 1006 1711 genua,
1030 1668 1106 1710 ipse
1127 1670 1258 1707 autem,
1278 1666 1374 1701 Urbe
1397 1672 1451 1700 ter
1468 1668 1568 1712 signo

143 1712 256 1746 erucis
272 1714 428 1756 signata,
458 1712 624 1746 movebat
657 1718 694 1745 et
720 1712 855 1750 abibat.
901 1716 945 1747 ln
978 1713 1132 1753 itinere,
1168 1714 1283 1747 donee
1309 1714 1510 1761 appelleret
1530 1716 1570 1747 in

145 1764 256 1793 castra
294 1768 432 1803 suoque
451 1759 624 1792 exercitui
645 1761 784 1792 veniret
808 1760 847 1791 in
880 1763 1129 1804 conspectum,
1153 1760 1257 1792 trinis
1276 1759 1475 1805 prandebat
1496 1761 1570 1793 ser-

145 1805 248 1845 culis,
275 1803 451 1839 coenabat
469 1804 586 1844 binis,
615 1810 865 1851 praeterquam
895 1807 955 1839 die
985 1805 1183 1846 dominico,
1221 1817 1292 1850 quo
1327 1818 1469 1850 prorsus
1494 1817 1569 1839 non

143 1850 328 1891 movebat,
352 1850 416 1884 sed
441 1849 651 1885 considebat
682 1853 836 1896 quietus,
885 1852 1097 1886 Advenienti
1117 1853 1156 1884 in
1184 1852 1378 1885 exercitum
1405 1863 1571 1885 occurre-

149 1896 240 1930 bant
256 1897 327 1941 ipsi
349 1898 390 1930 in
420 1902 576 1931 extremo
604 1898 795 1942 applicati,
826 1909 916 1943 quos
945 1903 1028 1932 ante
1057 1909 1159 1930 suum
1186 1909 1231 1931 ex
1262 1898 1356 1932 Urbe
1385 1909 1569 1932 excessum

145 1953 262 1977 coram
288 1955 326 1976 se
348 1944 387 1976 in
405 1948 517 1977 castra
537 1945 784 1990 praemiserat,
810 1949 887 1978 tam
906 1945 1125 1990 praetoriani
1152 1945 1242 1978 sacri
1272 1946 1428 1990 corporis
1449 1949 1571 1978 custo-

146 1989 229 2030 des,
253 2000 361 2034 quam
392 1990 555 2035 reliquae
576 1989 759 2031 cohortes,
784 1995 822 2024 et
846 1990 1155 2036 prosequebantur
1181 2002 1262 2023 eum
1287 2002 1400 2036 usque
1428 1991 1474 2023 ad
1493 2001 1570 2024 cor-

86 2036 88 2038 ’
143 2037 200 2069 tin
230 2046 292 2068 seu
316 2038 536 2080 praetorium
562 2036 619 2069 vel
643 2038 838 2070 tentorium
862 2042 1060 2082 augustum,
1106 2038 1158 2070 Eo
1182 2037 1261 2077 die,
1291 2049 1362 2082 quo
1383 2037 1429 2070 ad
1455 2043 1568 2071 eastra

146 2080 366 2126 applicabat,
391 2081 544 2116 iubebat
577 2082 683 2116 duces
714 2083 887 2118 militares
917 2095 1034 2117 secum
1063 2084 1223 2128 epulari,
1260 2089 1297 2116 et
1327 2082 1568 2118 distribuebat

147 2127 235 2171 ipsis
263 2127 495 2171 apoeombia‚
528 2127 706 2162 militibus
730 2135 851 2163 autem
876 2129 982 2164 dabat
1012 2130 1201 2164 maiumam
1232 2141 1294 2163 seu
1323 2130 1565 2163 refectionem.

147 2173 255 2206 tuine
272 2175 430 2208 moventi
451 2186 531 2208 cum
559 2175 722 2208 exercitu
749 2177 957 2221 Imperatori
992 2188 1034 2209 ea
1067 2178 1150 2217 via,
1185 2187 1292 2221 quam
1325 2175 1480 2210 ducebat
1501 2188 1566 2209 ex—

146 2217 342 2264 peditionis
363 2219 578 2261 destinatio,
614 2222 821 2256 occurrebat
834 2222 1116 2268 unumquodque
1143 2222 1262 2256 thema
1295 2234 1357 2255 seu
1374 2234 1563 2267 unaquae-

148 2275 219 2309 que
244 2265 339 2309 legio
364 2268 594 2311 provincialis
621 2267 659 2301 in
684 2268 764 2301 loco
794 2266 840 2303 ad
860 2269 978 2309 viam,
999 2281 1082 2314 ,qua
1111 2266 1346 2309 transiliatur,
1376 2270 1562 2314 proxim03

147 2321 195 2343 ne
227 2311 364 2344 scilieet
394 2313 528 2347 milites
563 2313 608 2347 ab
645 2314 813 2360 imposita
841 2317 1052 2349 necessitate
1085 2327 1104 2349 e
1130 2315 1328 2360 longinquo
1354 2314 1565 2348 occurrendi

147 2355 388 2400 fagitnrentur.
435 2360 487 2392 Eo
513 2365 631 2394 autem
660 2359 743 2402 die,
774 2373 846 2407 quo
870 2373 980 2396 unum
1004 2361 1154 2406 aliquod
1185 2361 1305 2394 thema
1328 2362 1447 2404 ipsum
1465 2361 1564 2393 exci-

148 2401 274 2446 piebat
306 2407 343 2436 et
371 2404 417 2436 ad
451 2404 571 2449 ipsum
602 2407 824 2451 appellebat‚
859 2407 1036 2442 invitabat
1067 2409 1264 2451 Imperator
1292 2407 1368 2440 eius
1395 2407 1564 2439 thematis

148 2452 302 2481 rectores
324 2447 368 2481 ad
387 2451 526 2495 epulas;
551 2452 685 2497 quibus
706 2456 923 2495 necessaria,
960 2460 999 2487 ut
1025 2455 1228 2499 caprillam,
1253 2455 1416 2497 agninam
1449 2458 1485 2486 et
1512 2454 1564 2485 si-

150 2493 250 2526 milia
267 2519 277 2534 ,
308 2493 395 2528 item
432 2495 608 2531 bucellam
636 2499 898 2543 largitionalem
927 2502 1179 2545 reliquumque
1202 2502 1392 2532 maiumam
1422 2510 1483 2531 seu
1506 2509 1565 2531 re—

150 2540 363 2573 creationem
387 2542 657 2587 suppeditabat3
688 2545 883 2580 identidem
914 2549 1178 2591 protonotarius
1199 2547 1370 2589 cuiusque
1395 2544 1565 2577 thematis

149 2586 344 2619 transeunti
374 2587 583 2632 Imperatori
603 2601 646 2624 ex
671 2591 846 2626 reditibus
879 2594 970 2626 aerii
995 2595 1083 2636 [seu
1112 2592 1239 2626 tributi
1270 2590 1563 2629 extraordinarii,

149 2632 246 2676 quod
270 2644 335 2678 pro
356 2636 533 2668 communi
553 2637 654 2669 vitali
673 2649 757 2672 aura
771 2663 781 2678 ‚
807 2650 912 2683 quam
930 2639 1112 2677 haurimus
1129 2665 1138 2678 ‚
1170 2638 1318 2671 solvitur
1333 2635 1362 2681 ,]
1389 2636 1445 2669 vel
1464 2641 1501 2669 et
1518 2647 1563 2669 ex

147 2680 291 2720 synonis
311 2690 371 2712 seu
386 2681 685 2723 praestationibus
704 2689 741 2716 et
749 2685 1039 2718 conventionibus
1062 2686 1257 2730 specierum
1275 2684 1564 2724 annonariarum3

149 2729 211 2757 aut
227 2726 347 2759 sinon
373 2724 532 2767 haberet,
558 2729 653 2763 unde
679 2736 834 2764 sumeret
859 2743 1020 2765 nummos
1044 2732 1214 2778 impensis
1235 2729 1407 2762 faciendis
1435 2740 1561 2762 neces·
