1878 3112
344 139 455 214 798
615 155 973 198 CONSTANTINI
1007 154 1492 200 PORPHYROGENJTt

334 255 428 316 ἦτοι
453 256 719 313 ἐπισκόπους,
760 257 803 313 ε’,
828 257 901 302 τὸν
931 256 1226 314 Μελουπόλης,
1273 257 1349 302 τὸν
1374 260 1786 320 Διονυσιουπόλεως,

333 325 402 369 τὸν
444 322 714 379 Ἀττούδων,
753 325 826 368 τὸν
870 322 1099 368 ΠΙεσύνων.

943 403 1083 443 ΚΕΦ.
1106 402 1176 443 νε’.

332 485 432 530 Περὶ
457 483 522 526 τῆς
548 479 735 528 διανομῆς
757 481 833 515 τῶν
871 482 1040 527 κομβίων
1074 482 1140 523 τῆς
1165 484 1366 524 συνηθείας
1399 484 1475 519 τῶν
1506 487 1783 531 πραιποοττων.

290 545 316 579 C
433 534 587 592 ’ἰστέον
618 550 677 601 δὲ,
709 542 775 589 ὅτι
803 545 841 588 οἱ
869 544 1100 600 τιμώμενοι
1129 550 1338 604 πατρίκιοι
1367 545 1451 602 δ’,τε
1477 549 1697 607 ἔμπρατος,
1732 547 1808 610 ἦ-5

327 633 392 660 τοι
421 614 442 657 ὃ
473 613 702 672 στρατηγὸς
729 614 803 655 καί
830 611 1067 668 πατρίκιος,
1108 614 1258 655 δίδωσι
1286 615 1516 670 συνήθειαν
1542 623 1630 668 τοῖς
1657 635 1784 676 πραι-

327 684 512 731 ποσίτοις
538 682 707 737 χρυσοῦ
734 681 876 735 λίτρας
903 677 954 734 η’·
1011 676 1034 719 ὅ
1065 679 1111 721 δὲ
1137 678 1403 736 μεσόπρατος
1425 684 1658 738 πατρίκιος,
1689 679 1784 740 ἦτοι

328 750 350 790 ὅ
381 745 645 802 ἑμπολιτικὸς
674 743 975 803 ὄφφικιάλιος,
1022 746 1171 787 δίδωσι
1207 750 1372 802 χρυσοῦ
1409 749 1550 805 λίτρας
1579 749 1626 801 ζ’·
1680 749 1706 791 ὅ
1735 750 1783 792 δέ

325 832 371 871 γε
401 810 582 871 ἄπρατος
609 811 849 868 πατρίκιος,
902 807 1032 866 ἤγουν
1067 811 1090 852 ὁ
1132 807 1457 870 ἆποσπαθάριος
1492 812 1623 868 μόνον
1657 812 1783 873 τιμη-

324 881 442 936 θεῐς,
489 882 638 923 δίδωσι
674 881 843 935 χρυσοῦ
878 880 1024 934 λίτρας
1054 875 1101 931 ς’,
1151 874 1278 920 ἅτινα
1307 880 1575 934 διανέμονται
1606 879 1750 932 οὕτως.
1770 901 1835 929 ·1o

563 952 653 994 Ἀπὸ
683 959 759 994 τῶν
782 957 812 1001 η’
837 958 976 1005 λιτρῶν
998 961 1067 992 τοῦ
1091 957 1286 1005 ἐμπράτου
1311 961 1528 1006 πατρικίου.

290 1031 323 1064 D
448 1027 534 1068 Τοῦ
562 1025 856 1079 κουβουκλείου
883 1026 1050 1081 χρυσοῦ
1077 1024 1219 1082 λίτραι
1245 1023 1294 1080 γ’,
1326 1057 1357 1079 ,,
1379 1028 1453 1068 κδ’·
1510 1025 1535 1070 ὅ
1562 1030 1641 1070 τοῦ
1662 1044 1780 1073 nurt-

323 1091 463 1135 κλείου
495 1125 522 1145 ,,
544 1090 617 1139 λς’·
673 1090 696 1131 0‘
726 1089 944 1146 δήμαρχος
973 1093 1162 1133 Βενέτων
1187 1123 1216 1143 ,,
1239 1090 1311 1140 λς’·
1351 1091 1373 1135 ὅ
1405 1091 1622 1149 δήμαρχος
1648 1097 1778 1150 Πρα-

324 1161 453 1201 σίνων
480 1191 507 1211 „
528 1156 601 1205 λς’·
641 1153 663 1196 ὃ
693 1158 767 1210 τῆς
795 1154 1092 1205 καταστάσεως
1126 1188 1158 1211 ‚‚
1180 1157 1252 1206 λς’·
1292 1154 1331 1199 οἱ
1358 1156 1630 1213 σιλεντιάριοι
1654 1191 1684 1212 ,,
1705 1156 1780 1208 λς’·

325 1225 364 1266 οἱ
395 1224 572 1278 κόμητες
599 1224 682 1264 τῶν
711 1225 875 1275 σχολῶν
902 1255 930 1275 ,,
956 1219 1033 1263 κδ’·
1090 1221 1128 1263 οἱ
1157 1222 1387 1278 (ἱρτικλίνοι
1414 1226 1490 1266 τοῦ
1515 1225 1723 1279 βασιλέως
1746 1228 1830 1279 „15

325 1287 392 1344 ιβ’·
450 1288 486 1331 οἱ
514 1286 793 1343 τοποτηρηταί
816 1287 898 1329 τῶν
925 1289 1087 1340 σχολῶν
1115 1321 1142 1340 ,,
1163 1285 1210 1342 γ’·
1269 1288 1293 1328 ὄ
1321 1288 1532 1341 σκευάζων
1570 1289 1616 1332 τὸ
1658 1291 1779 1335 κανί-

325 1360 460 1397 κλειον
493 1388 520 1408 ,,
547 1352 597 1395 δ’·
654 1353 693 1394 οἱ
733 1349 1005 1406 ἆξιωματικοὶ
1039 1385 1066 1406 ,,
1091 1352 1144 1407 β’·
1199 1351 1222 1395 ὅ
1261 1351 1528 1410 πριμικήριος
1563 1358 1640 1397 τοῦ
1677 1370 1777 1397 κου-

325 1421 547 1475 βουκλείου
576 1453 605 1473 „
632 1418 700 1473 ιβ’.
755 1419 830 1460 καί
861 1416 908 1460 τό
939 1421 1025 1460 πᾶν
1051 1421 1218 1475 χρυσοῦ
1245 1418 1386 1475 λίτραι
1415 1419 1462 1474 ς’,
1490 1453 1517 1475 ‚‚
1541 1421 1620 1475 με’.

792 1489 864 1530 Διά
892 1497 962 1530 τοῦ
986 1496 1129 1544 μέρους
1152 1498 1332 1532 Βενέτων.

430 1554 479 1596 Ὁ
508 1551 767 1610 δευτερεύων
793 1553 982 1595 Βενέτων
1010 1585 1039 1607 „
1061 1551 1116 1607 α’,
1147 1550 1168 1595 ὃ
1205 1553 1462 1610 δευτερεύων
1489 1553 1721 1611 Πρασίνων
1741 1572 1827 1609 „20

325 1658 461 1703 rapolis
487 1656 554 1690 sub
585 1667 622 1689 se
654 1656 762 1690 urbes
786 1660 851 1689 aut
883 1657 1072 1702 episcopos
1101 1657 1285 1704 quinque,
1333 1668 1363 1698 1,
1394 1634 1687 1706 Metellipole033
1737 1670 1773 1704 2,

323 1704 656 1750 Dionysiopoleos3
708 1706 742 1745 3,
766 1702 1004 1749 Attudorum3
1055 1703 1089 1749 4,
1114 1704 1359 1748 Mosynorum.
1675 1707 1677 1710 ⁴

956 1772 1052 1811 CAP.
1076 1774 1130 1808 55.

432 1832 488 1866 De
513 1829 774 1866 distributione
797 1831 1050 1879 sportularum
1074 1831 1352 1867 consuetudinis
1370 1833 1674 1880 praepositorum·

421 1899 601 1933 Honorati
635 1909 698 1932 seu
734 1899 894 1944 promoti
917 1898 1063 1946 patricii
1091 1899 1179 1934 dant
1204 1900 1506 1935 consuetudinem
1531 1901 1772 1947 praepositis,

327 1949 357 1981 si
382 1947 531 1992 quidem
556 1947 695 1979 fuerint
728 1946 902 1990 empracti
926 1957 989 1980 seu
1014 1946 1128 1980 reales
1164 1952 1200 1981 et
1223 1947 1340 1981 officio
1371 1948 1583 1992 fungentes,
1619 1948 1708 1993 (ut,
1739 1949 1772 1983 si

327 1995 409 2039 quis
445 1994 558 2026 suerit
590 1993 698 2026 simul
736 1998 911 2038 strategus
937 1998 975 2027 et
1008 1994 1182 2039 patricius
1220 1995 1407 2042 creatus,)
1447 2000 1530 2028 octo
1555 1994 1657 2029 litras
1680 1995 1771 2029 auri.

327 2042 366 2074 Si
391 2052 474 2074 vero
499 2040 638 2074 fuerint
657 2039 803 2085 patricii
837 2041 1053 2086 mesoprati,
1091 2040 1131 2074 id
1163 2045 1218 2073 est
1249 2047 1438 2083 vacantes,
1479 2041 1624 2083 allecti,
1657 2040 1772 2075 medii

326 2088 423 2120 inter
448 2091 646 2132 empractos
671 2097 733 2120 seu
762 2087 953 2130 fungentes
980 2094 1016 2121 et
1041 2093 1205 2132 apractos
1224 2099 1286 2121 seu
1305 2088 1537 2129 honorarios,
1565 2087 1622 2133 (ut
1637 2087 1771 2134 siquis

329 2134 450 2166 officio
487 2134 645 2180 quodam
683 2134 782 2167 civili
817 2135 1002 2181 ornetur‚)
1032 2133 1119 2167 dant
1153 2136 1367 2180 praepositis
1391 2135 1492 2167 liti-as
1517 2134 1596 2167 auri
1620 2138 1771 2178 septem.

327 2180 500 2214 Patricius
533 2186 678 2225 apratus
710 2179 869 2224 denique
905 2190 968 2213 seu
994 2181 1218 2213 functionem
1245 2181 1381 2214 nullam
1404 2191 1573 2214 exercens
1597 2181 1656 2215 vel
1678 2180 1772 2215 titu-

330 2227 417 2261 laris
454 2225 519 2271 (ut
543 2227 606 2271 qui
632 2231 774 2259 tantum
798 2226 844 2259 ad
871 2226 1133 2271 spathariatum
1157 2233 1342 2270 promotus
1367 2226 1449 2271 est,)
1473 2225 1536 2260 dat
1558 2226 1662 2261 liti-as
1689 2228 1771 2262 auri

329 2285 404 2308 sex.
450 2272 538 2306 luae
562 2273 747 2318 sportulae
773 2273 826 2305 sic
850 2272 1086 2313 dividuntur,
1113 2277 1150 2305 et
1171 2273 1328 2318 primum
1354 2273 1503 2320 quidem
1528 2272 1573 2307 de

757 2345 847 2368 OCTo
872 2346 983 2368 Ll'rms
1008 2347 1161 2369 PATmcn
1187 2347 1339 2370 nummu

420 2391 645 2428 Cubicularii
668 2392 851 2437 accipiunt
875 2394 954 2426 auri
979 2393 1082 2426 litras
1107 2398 1180 2427 tres
1195 2418 1205 2436 ‚
1227 2405 1324 2428 num.
1349 2395 1414 2439 243
1439 2393 1642 2440 praefectus
1667 2394 1768 2428 cani-

329 2442 401 2477 clei
425 2452 523 2475 uum.
550 2440 613 2482 363
652 2438 861 2473 demarchus
886 2440 1109 2474 Venetorum
1135 2441 1198 2484 363
1226 2439 1437 2474 demarchus
1461 2441 1685 2477 prasinorum
1699 2442 1767 2484 363

329 2487 602 2523 cerimoniarius
627 2486 693 2529 363
717 2486 910 2520 silentiar-ii
933 2488 996 2530 363
1020 2487 1169 2520 comites
1192 2486 1395 2520 scholarum
1417 2487 1479 2532 ²43
1512 2487 1670 2521 articlini
1693 2488 1768 2521 Im-

329 2536 506 2581 peratoris
535 2544 592 2575 ¹23
617 2536 841 2577 topoieretae
866 2532 943 2580 [seu
969 2533 1255 2580 loeiservatores]
1284 2534 1486 2568 scholarum
1511 2536 1550 2578 33
1574 2544 1768 2579 praepara-

330 2590 388 2616 tor
416 2580 561 2616 caniclii
582 2579 625 2624 [Η
651 2579 854 2613 axiomatici
878 2592 920 2623 23
946 2581 1173 2625 primicerius
1196 2581 1355 2615 cubiculi
1383 2593 1434 2617 ια.
1481 2580 1583 2616 Facit
1610 2581 1691 2615 auri
1716 2580 1767 2614 li-

331 2635 403 2663 tras
425 2631 469 2670 6,
493 2638 590 2660 num.
616 2625 671 2670 45.

805 2682 1032 2707 mem-romnus
1056 2684 1146 2708 nnc
1171 2685 1316 2709 cunum-r.

423 2731 565 2777 Accipit
587 2730 812 2765 deutereuon
838 2741 900 2764 seu
927 2731 1161 2767 secundarius
1186 2733 1406 2767 venetorum
1431 2730 1608 2766 numisma
1634 2739 1764 2774 σηοως
