1832 3112
356 144 430 185 na
469 140 728 185 camMoN.
765 140 947 181 Anm
977 140 1203 182 amm.
1237 143 1271 181 1.
1297 141 1339 187 9.
1503 123 1578 178 63

125 260 194 296 τες
220 243 291 288 τὸν
320 245 499 300 βασιλέα
521 242 584 300 μὴ
615 241 808 292 πεσόντες
836 242 975 294 κάτω,
1014 241 1125 284 νεύει
1159 241 1186 284 ὅ
1215 242 1492 299 πραιπόσιτος
1519 245 1579 302 τῷ

123 311 199 367 τῆς
227 310 541 363 καταστάσεως,
581 306 771 359 κᾶκεῖνος
793 310 905 362 λέγει
956 307 1250 362 ‚mandante-’³
1290 306 1415 352 αὖτοί
1444 311 1491 352 δὲ
1528 308 1576 352 τὸ
1592 319 1620 353 C

121 377 215 430 »εἷς
244 374 426 425 πολλούς
453 373 637 432 χρόνους
672 377 746 416 καί
773 374 1005 429 ἆγαθούς.”
1069 375 1116 416 ἐν
1148 375 1197 416 δὲ
1227 372 1363 434 ταύτῃ
1389 376 1441 433 τῇ
1473 377 1579 432 δοχῇ

121 444 316 485 ἵστανται
348 439 790 498 σπαθαροκανδιδάτοι
814 442 886 484 καί
911 437 950 481 οἱ
979 438 1210 496 σπαθάριοι
1235 439 1357 484 ἔνθεν
1387 442 1576 495 κάκεῖσε,

94 504 198 550 ὅκαί
236 506 278 550 οἱ
302 508 383 562 μὲν
411 504 852 563 σπαθαροκανδιδάτοι
881 504 955 547 καί
979 504 1018 547 οἱ
1045 507 1279 561 σπαθάριοι
1301 507 1576 563 κατέρχονται

119 571 175 614 τοὶ
195 571 403 630 γραδὴλια
438 575 515 614 τοῦ
548 574 871 628 κονσιστωριόυ,
922 571 961 613 οἱ
998 573 1078 625 μὲν
1106 572 1164 612 ἐκ.
1182 574 1352 626 δεξιῶν,
1394 572 1432 614 οἱ
1462 575 1508 616 δὲ
1531 575 1578 624 ἐξ

119 637 355 693 εὐωνύμων
379 641 464 682 τοῖν
490 641 648 681 πυλῶν.
694 637 732 680 οἱ
761 639 808 680 δὲ
826 636 1036 693 πατρίκιοι
1058 637 1133 679 καί
1158 639 1198 680 οἱ
1222 641 1447 694 στρατηγοί
1467 639 1583 696 διέρ-

45 737 50 742 .
96 714 98 721 ·
118 719 270 758 χονται
298 703 375 760 τὴν
403 707 538 760 μέσην
571 704 708 760 πύλην
734 706 808 746 καί
835 703 998 753 εύθέως
1037 703 1077 746 οἱ
1103 707 1184 758 μὲν
1220 703 1302 746 aad
1329 707 1467 756 δεξιᾶς
1496 724 1580 748 πα-

118 769 274 826 τρίκιοι
300 770 374 813 καὶ
415 769 644 827 στρατηγοὶ
673 771 947 826 κατέρχονται
983 768 1035 811 τὰ
1066 771 1276 826 γραδήλια
1308 773 1382 827 τῆς
1412 769 1578 828 ἄριστε-

69 837 199 891 ιορᾶς
218 836 365 892 πύλης.
393 833 416 878 ὅ
435 838 482 878 δὲ
498 834 699 890 βασιλεὺς
724 835 1046 891 δηριγευόμενος
1068 833 1151 878 ὖπὸ
1171 838 1247 878 τοῦ
1265 838 1576 892 κουβουκλείου,

117 903 367 957 κατέρχεται
401 899 448 943 τὸ
470 901 724 955 πούλπιτον,
769 901 844 942 καί
878 902 1048 943 ἵσταται
1081 900 1165 943 ὑπὸ
1205 900 1253 944 τὸ
1294 902 1574 957 καμελαύκιον

117 969 168 1011 ἐν
199 969 258 1025 τῷ
289 969 497 1027 πορφυρῷ
530 967 662 1026 λίθῳ,
708 965 783 1008 καὶ
805 968 997 1021 δέχονται
1033 964 1166 1026 αύτὸν
1199 970 1333 1012 ἐκεῖσε
1360 973 1615 1026 πατρίκιοιι)

117 1032 194 1076 καὶ
219 1033 452 1092 στρατηγοὶ
469 1031 579 1087 μετὰ
611 1036 684 1090 τῆς
718 1032 967 1089 συγκλήτου.
1007 1033 1083 1076 καί
1101 1035 1481 1092 προσκυνησάντων
1502 1028 1576 1080 τὸν

75 1132 78 1135 ⁴
116 1101 297 1156 βασιλέα
325 1098 386 1156 μὴ
419 1100 632 1142 πεσόντων
659 1098 798 1153 κάτω,
835 1098 948 1142 νεύει
980 1099 1005 1142 ὅ
1030 1101 1303 1156 πραιπόσιτος
1325 1097 1407 1144 cim}
1433 1101 1576 1145 κελεύ-

67 1166 224 1215 ιόσεως
241 1167 303 1223 τῷ
322 1166 596 1223 σιλεντιαράρ,
615 1161 802 1214 κάκεῖνος
820 1166 930 1221 λέγει
954 1163 1246 1220 ,,κελε’ύσατε.”
1275 1170 1363 1227 (Ε.)
1378 1168 1474 1211 Καὶ
1490 1169 1572 1211 ιῖπό

113 1232 200 1275 τῶν
227 1232 361 1274 ἐκεῖσε
383 1230 702 1289 δηριγευόμενος
723 1229 746 1274 ὃ
767 1230 967 1287 βασιλεὺς
990 1230 1061 1275 ὕπ’
1090 1229 1232 1276 αὖτῶν
1253 1235 1434 1289 πάντων,
1461 1235 1575 1290 διέρ-

113 1314 239 1354 χεται
258 1296 331 1340 διὰ
348 1300 435 1340 τῶν
461 1297 747 1352 ἕκσκουβίτων
760 1297 834 1340 καὶ
851 1300 937 1342 τῶν
958 1301 1134 1354 σχολῶν,
1163 1299 1236 1342 καὶ
1253 1301 1470 1357 ἐξέρχεται
1496 1301 1574 1356 την

114 1362 300 1420 μεγάλην
335 1362 488 1419 πύλην,
539 1363 613 1406 καὶ
635 1364 904 1421 διερχόμενος
940 1364 1013 1408 διὰ
1054 1368 1188 1419 μέσου
1220 1368 1296 1408 τοῦ
1325 1369 1467 1420 μιλίου
1501 1369 1576 1408 καί

116 1431 198 1471 τοῦ
227 1429 514 1484 αὖγουστέως,
558 1431 794 1486 εἰσέρχεται
816 1432 862 1473 ἐν
894 1433 945 1488 τῇ
978 1431 1087 1490 πύλῃ
1118 1433 1195 1473 τοῦ
1228 1431 1455 1488 ὦρολογίου
1493 1434 1571 1487 τῆς

61 1493 298 1551 ῃομεγάλης
320 1494 554 1551 ἕκκλησώις.
611 1498 747 1538 ἰστέον
778 1497 838 1548 δὲ,
867 1492 934 1539 ὅτι
956 1497 1002 1539 ἐν
1026 1499 1078 1554 τῇ
1108 1494 1232 1555 διόδῳ
1260 1500 1336 1539 τοῦ
1360 1499 1569 1552 βασιλέως

55 1582 58 1585 ·
114 1562 335 1603 τελοῦνται
363 1557 528 1603 ἅπαντα
569 1558 620 1603 τά
652 1559 770 1603 αἴσια
797 1561 1060 1615 ἀκολούθως,
1111 1561 1156 1604 ὃν
1187 1562 1342 1619 τρόπον
1370 1563 1567 1618 ἀνωτέρω

115 1627 163 1668 ἐν
191 1627 244 1683 τῇ
265 1624 448 1668 καθόλου
480 1628 723 1682 προελεύσει
748 1630 823 1682 τῆς
849 1631 1043 1683 Χριστοῦ
1065 1627 1291 1684 γεννήσεως
1320 1630 1564 1680 ἐξεθέμεθα.
1575 1639 1636 1672 Ed.
1646 1639 1686 1679 L,
1697 1642 1742 1686 39

115 1690 192 1734 καὶ
215 1690 472 1740 εἰσελθόντος
504 1692 580 1733 τοῦ
611 1695 819 1755 βασιλέως
854 1694 900 1734 ἐν
941 1695 992 1750 τῇ
1024 1695 1300 1751 προειρημένῃ
1338 1693 1450 1752 πύλῃ
1494 1697 1568 1735 τοῦ

213 1816 266 1840 ιι.
291 1805 465 1839 ἵστανται
488 1806 569 1842 cod.
666 1806 717 1850 14.
742 1803 939 1840 πεσόντων
950 1806 990 1841 R.
1019 1817 1064 1840 ex
1088 1805 1304 1852 compendio
1330 1804 1408 1839 cod.
1446 1814 1569 1840 πεσον

210 1852 454 1898 superscripto
476 1863 509 1894 τ,
532 1852 715 1889 πεσόντες
739 1852 794 1886 ed.

117 1944 268 1985 hausit,
293 1948 331 1978 et
353 1943 392 1977 in
417 1941 537 1977 medio
565 1941 717 1978 duarlun
736 1942 984 1976 columnarum
1009 1948 1091 1978 stat.
1149 1942 1194 1978 In
1215 1943 1400 1990 onopodio
1421 1944 1566 1988 patricii

85 1991 87 1994 ’
116 1997 156 2027 et
177 1991 323 2036 strategi
343 1991 599 2035 Imperatorem
614 1990 841 2034 suscipiunt,
867 2001 984 2037 eoque
1007 1990 1180 2031 adorato,
1204 2002 1278 2026 non
1306 2003 1417 2036 prono
1442 1997 1565 2024 tamen

113 2040 155 2072 in
186 2043 317 2072 terram
350 2047 522 2082 corpore,
546 2038 775 2082 praepositus
802 2038 1054 2071 cerimoniario
1086 2038 1227 2082 signum
1258 2038 1342 2078 dat,
1370 2039 1432 2084 qui
1456 2038 1563 2072 dicit:

111 2085 259 2128 Ῑιιὸετις
282 2083 323 2116 1ιί
343 2095 452 2119 vero:
476 2085 523 2117 1η
544 2084 659 2117 multa
685 2082 866 2129 etselicia
886 2093 1060 2129 tempora.
1109 2085 1152 2117 ln
1174 2084 1242 2117 hac
1264 2086 1491 2128 Imperatoris
1504 2097 1565 2118 so-

112 2132 217 2166 lenni
237 2132 447 2176 receptione
473 2129 535 2163 hic
554 2136 591 2164 et
611 2131 689 2164 illic
712 2130 1069 2175 spatharocandidati
1092 2137 1130 2164 et
1153 2130 1329 2176 spatharii
1355 2137 1471 2172 stant,
1499 2133 1578 2177 qui·

113 2189 181 2224 per
197 2178 310 2212 scalas
333 2177 561 2218 consistorii,
591 2177 646 2210 illi
671 2177 818 2224 quidem
838 2189 903 2222 per
929 2179 1125 2218 sinistram,
1150 2177 1190 2210 hi
1209 2189 1275 2223 per
1297 2178 1460 2211 dextram
1482 2191 1565 2223 pur-

113 2231 211 2265 um,
236 2223 472 2258 descendunt.
520 2224 666 2257 Patricii
693 2229 730 2257 et
749 2225 896 2269 strategi
926 2236 992 2270 per
1018 2224 1176 2257 mediam
1210 2231 1348 2269 portam
1382 2227 1536 2258 veniunt
1552 2249 1562 2261 ,

113 2275 154 2305 et
173 2283 293 2305 rursus
314 2273 379 2318 qui
401 2270 446 2304 ad
464 2273 628 2307 dextram
651 2270 792 2304 adstant
824 2282 889 2316 per
915 2270 1043 2316 gradus
1064 2272 1231 2304 sinistrae
1256 2277 1382 2317 portae
1410 2271 1562 2304 descen-

114 2317 217 2352 dunt-
262 2318 462 2363 Imperator
495 2331 516 2352 a
542 2317 772 2351 cubiculariis
794 2319 970 2363 stipatus,
998 2329 1062 2362 per
1082 2318 1266 2364 pulpitum
1292 2317 1500 2357 descendit,
1527 2323 1564 2350 et

113 2363 181 2398 sub
205 2365 423 2398 camelaucio
441 2366 481 2399 in
504 2364 629 2409 lapide
649 2364 758 2397 rubro
780 2370 875 2404 stat,
910 2375 1065 2409 eumque
1091 2365 1237 2409 patricii
1259 2370 1297 2398 et
1317 2366 1462 2409 strategi
1482 2376 1562 2397 cum

114 2415 245 2445 senatu
265 2410 319 2444 ibi
343 2413 543 2456 excipiunt,
590 2412 782 2456 Postquam
806 2413 1086 2455 Imperatorem,
1113 2410 1210 2444 haud
1233 2412 1339 2457 proni
1371 2417 1488 2443 tamen
1523 2410 1561 2442 in
1584 2446 1590 2451 ¹

113 2463 265 2496 terram,
297 2457 516 2500 adorarunt,
552 2458 778 2502 praepositus
809 2470 829 2491 a
861 2457 1032 2491 mamiato
1059 2459 1201 2502 signum
1233 2458 1435 2491 silentiario
1473 2456 1559 2491 dat,

115 2504 179 2549 qui
195 2501 307 2536 dicit:
332 2505 466 2539 Iubere.
515 2504 589 2550 (V.)
612 2505 702 2538 Inde
723 2504 768 2537 ab
795 2503 852 2537 his
876 2503 1043 2537 omnibus
1070 2506 1223 2549 stipatus
1248 2506 1468 2549 Imperator,
1495 2513 1558 2545 per

114 2549 284 2583 excubias
305 2549 518 2597 scholasque
541 2551 721 2584 transiens
735 2577 744 2591 ‚
767 2561 904 2597 perque
932 2562 1096 2594 magnam
1122 2556 1280 2594 portam,
1313 2550 1471 2582 medium
1483 2549 1558 2581 Mi-

112 2595 157 2630 lii
182 2600 220 2628 et
242 2595 437 2640 Augustale
464 2609 692 2643 progressus,
719 2603 862 2641 portam
896 2596 1076 2642 horologii
1100 2598 1219 2641 magni
1251 2596 1374 2640 templi
1397 2594 1558 2639 ingredi-

113 2647 183 2676 tur.
230 2641 436 2676 Notandum
457 2653 542 2677 vero
566 2649 641 2684 est,
663 2645 753 2677 ritus
778 2654 902 2677 omnes
928 2654 971 2677 eo
996 2643 1126 2683 modo,
1152 2655 1258 2688 quem
1284 2654 1390 2686 supra
1416 2643 1454 2675 in
1477 2643 1559 2674 uni-

112 2688 241 2722 versali
265 2689 494 2733 processione
524 2691 654 2724 natalis
691 2691 842 2723 Domini
878 2691 1134 2734 exposuimus,
1158 2691 1198 2722 in
1233 2689 1301 2722 hae'
1326 2689 1556 2733 processione

114 2734 344 2780 Imperatoris
365 2735 557 2771 observari.
616 2737 817 2782 ingressum
838 2730 902 2782 per
922 2736 1054 2770 dictam
1083 2735 1263 2781 horologii
1282 2740 1422 2781 portam
1444 2735 1554 2768 factio
