1748 3126
249 610 427 662 amice,
457 620 551 671 pro
578 621 712 653 more
744 606 933 670 ingenii
941 626 958 665 ,-
993 618 1179 671 meque,
1227 617 1326 650 non
1358 617 1463 650 esse
1489 602 1697 667 provin-

251 707 378 751 ciam
400 719 539 753 suam
562 720 708 771 quam
734 701 1047 750 autumabam
1061 739 1073 760 ‚
1099 699 1321 755 edocuit,
1339 696 1698 748 commendavit

251 811 413 848 autem
444 800 514 849 ad
541 799 845 866 perficienda
879 815 1004 867 quae
1048 814 1294 863 cuperem,
1340 795 1698 845 SAzomom-

250 913 393 945 DEM.
478 897 580 963 Qui
633 896 848 944 laborem
900 894 1035 944 baud
1094 905 1381 943 cunctanter
1422 906 1699 960 susceptum

251 1012 397 1062 quam
436 993 629 1049 sedulo,
675 1012 821 1063 quam
862 1004 1091 1042 accurate
1131 1003 1368 1041 executus
1412 995 1506 1047 sit,
1554 1009 1700 1059 quam

253 1103 450 1140 strenue
482 1095 646 1141 enisus
689 1103 769 1147 ut,
829 1092 1036 1141 sublatis
1076 1091 1266 1139 mendis
1305 1091 1534 1157 plurimis
1575 1108 1702 1158 quae

237 1190 515 1256 festinanti
544 1188 746 1238 Reisltio
771 1189 1126 1248 adhaeserant,
1159 1189 1376 1238 limatius
1401 1192 1507 1255 ipso
1529 1191 1700 1239 arche-

251 1290 372 1353 typo
413 1286 641 1352 prodiret
689 1286 823 1354 quod
866 1288 991 1334 mibi
1031 1285 1346 1352 comparabat
1401 1289 1703 1354 exemplum,

255 1395 374 1451 quot
404 1383 710 1433 eruditionis
758 1387 810 1432 in
857 1387 1091 1433 universo
1138 1388 1335 1450 negotio
1370 1385 1584 1434 ediderit
1616 1386 1703 1434 do-

258 1492 501 1542 cumenta,
535 1466 738 1547 longum
753 1481 903 1548 foret
936 1499 1170 1531 enarrare
1181 1505 1198 1543 ,-
1233 1483 1379 1532 silere
1410 1484 1474 1534 de
1507 1487 1704 1534 iuvenis

255 1582 455 1644 'egregii
487 1568 699 1636 meritis,
732 1580 891 1647 nefas.
932 1578 1216 1629 ·.Reisltiani
1234 1581 1353 1631 libri
1384 1578 1524 1632 usum
1556 1583 1703 1633 liber-

258 1678 461 1731 rimum,
496 1688 550 1725 ut
583 1679 628 1724 is
659 1687 759 1725 tam
790 1689 1019 1726 accurate
1047 1691 1215 1744 posset
1246 1681 1531 1742 transcribi,
1583 1699 1703 1732 con-

260 1774 406 1820 cessit
433 1773 966 1830 WERLAUFFIUS,
1005 1774 1074 1824 V.
1103 1776 1188 1825 cl.:
1222 1780 1305 1825 cui
1326 1782 1542 1830 rationes
1569 1799 1703 1831 meas

259 1869 442 1934 dignas
473 1868 642 1916 videri
674 1886 797 1935 quas
827 1869 1056 1926 adiuvet,
1091 1883 1139 1920 et
1169 1873 1353 1931 laetor,
1400 1887 1449 1924 et
1476 1879 1701 1942 inprimis

259 1967 384 2013 mihi
407 1965 731 2029 honorificum
763 1980 868 2012 esse
900 1964 1027 2013 duco
1036 1987 1053 2026 ‚-
1089 1983 1290 2036 eumque
1315 1967 1462 2036 rogo‘,
1498 1983 1552 2020 ut
1583 1991 1700 2039 gra-

260 2066 358 2111 tias
390 2079 535 2129 quam
576 2061 902 2137 amplissimas
944 2061 1043 2109 sibi
1084 2067 1174 2129 agi
1215 2068 1347 2114 sinat
1355 2088 1374 2126 ,·
1422 2085 1590 2137 meque
1623 2071 1700 2120 de

260 2160 352 2208 tali
405 2159 710 2208 moderatore
762 2160 1089 2224 gratulantem
1153 2161 1497 2225 bibliothecae,
1520 2198 1523 2202 ι
1551 2186 1699 2236 quam

261 2241 428 2308 vetere
480 2273 646 2305 amore
698 2258 990 2322 amplector,
1050 2263 1220 2327 aequis
1261 2262 1466 2312 auribus
1510 2265 1698 2315 audiat.

269 2353 328 2434 V
324 2371 380 2403 os
427 2365 585 2403 autem
604 2391 620 2409 ,
666 2357 773 2402 viri
813 2355 1098 2412 clarissimi,
1147 2358 1336 2414 valete,
1361 2360 1700 2435 favoremque

263 2467 360 2518 quo
394 2468 467 2501 me
499 2456 735 2509 ornastis,
767 2464 963 2504 servate
997 2457 1120 2503 mihi
1135 2469 1431 2524 perpetuum.
