<?xml version="1.0" encoding="UTF-8"?>
<!DOCTYPE html PUBLIC "-//W3C//DTD XHTML 1.0 Transitional//EN"
    "http://www.w3.org/TR/xhtml1/DTD/xhtml1-transitional.dtd">
<html xmlns="http://www.w3.org/1999/xhtml" xml:lang="en" lang="en">
 <head>
  <title>
</title>
<meta http-equiv="Content-Type" content="text/html;charset=utf-8" />
  <meta name='ocr-system' content='tesseract 3.04.00' />
  <meta name='ocr-capabilities' content='ocr_page ocr_carea ocr_par ocr_line ocrx_word'/>
</head>
<body>
  <div class='ocr_page' id='page_1' title='image "./corpusscriptorum07niebuoft_0583.png"; bbox 0 0 1878 3112; ppageno 0'>
   <div class='ocr_carea' id='block_1_1' title="bbox 343 119 1583 200">
    <p class='ocr_par' dir='ltr' id='par_1_1' title="bbox 343 119 1583 200">
     <span class='ocr_line' id='line_1_1' title="bbox 343 119 1583 200; baseline -0.002 -17"><span class='ocrx_word' id='word_1_1' title='bbox 343 119 414 183; x_wconf 68' lang='lat' dir='ltr'><strong>DE</strong></span> <span class='ocrx_word' id='word_1_2' title='bbox 450 142 703 185; x_wconf 75' lang='lat' dir='ltr'><strong>OERmoN.</strong></span> <span class='ocrx_word' id='word_1_3' title='bbox 739 142 918 186; x_wconf 73' lang='lat' dir='ltr'>AULAE</span> <span class='ocrx_word' id='word_1_4' title='bbox 953 145 1172 185; x_wconf 71' lang='lat' dir='ltr'><strong>BYzANT.</strong></span> <span class='ocrx_word' id='word_1_5' title='bbox 1212 146 1264 185; x_wconf 88' lang='lat'><strong>11.</strong></span> <span class='ocrx_word' id='word_1_6' title='bbox 1463 125 1583 200; x_wconf 71' lang='lat'><strong>5171</strong></span> 
     </span>
    </p>
   </div>
   <div class='ocr_carea' id='block_1_2' title="bbox 99 240 1767 1406">
    <p class='ocr_par' dir='ltr' id='par_1_2' title="bbox 151 240 1767 494">
     <span class='ocr_line' id='line_1_2' title="bbox 153 240 1575 301; baseline 0.001 -16"><span class='ocrx_word' id='word_1_7' title='bbox 153 244 403 286; x_wconf 69' lang='grc' dir='ltr'><em>ἀσύντακτον</em></span> <span class='ocrx_word' id='word_1_8' title='bbox 429 245 646 298; x_wconf 78' lang='grc' dir='ltr'><strong><em>παριδεῖν,</em></strong></span> <span class='ocrx_word' id='word_1_9' title='bbox 684 244 777 296; x_wconf 80' lang='grc' dir='ltr'><strong>καί,</strong></span> <span class='ocrx_word' id='word_1_10' title='bbox 807 240 905 286; x_wconf 81' lang='grc' dir='ltr'><strong><em>ὅσον</em></strong></span> <span class='ocrx_word' id='word_1_11' title='bbox 932 243 1063 299; x_wconf 76' lang='grc' dir='ltr'><strong><em>δήπου</em></strong></span> <span class='ocrx_word' id='word_1_12' title='bbox 1091 244 1138 286; x_wconf 84' lang='grc' dir='ltr'><strong>τὸ</strong></span> <span class='ocrx_word' id='word_1_13' title='bbox 1167 245 1234 301; x_wconf 81' lang='grc' dir='ltr'><strong>ἐφ’</strong></span> <span class='ocrx_word' id='word_1_14' title='bbox 1260 244 1382 300; x_wconf 75' lang='grc' dir='ltr'><strong><em>ἡμῖν,</em></strong></span> <span class='ocrx_word' id='word_1_15' title='bbox 1421 244 1474 287; x_wconf 78' lang='grc' dir='ltr'><strong>τὰ</strong></span> <span class='ocrx_word' id='word_1_16' title='bbox 1499 248 1575 301; x_wconf 81' lang='grc' dir='ltr'><strong>τῆς</strong></span> 
     </span>
     <span class='ocr_line' id='line_1_3' title="bbox 151 302 1767 371; baseline 0.003 -21"><span class='ocrx_word' id='word_1_17' title='bbox 151 311 365 364; x_wconf 76' lang='grc' dir='ltr'><strong><em>βασιλικῆς</em></strong></span> <span class='ocrx_word' id='word_1_18' title='bbox 418 307 539 371; x_wconf 79' lang='grc' dir='ltr'><strong><em>δόξης</em></strong></span> <span class='ocrx_word' id='word_1_19' title='bbox 585 312 825 351; x_wconf 79' lang='grc' dir='ltr'><em>καταλιπεῖν</em></span> <span class='ocrx_word' id='word_1_20' title='bbox 870 302 1259 365; x_wconf 74' lang='grc' dir='ltr'><strong><em>α’κρωτηριάζεσθαι</em></strong></span> <span class='ocrx_word' id='word_1_21' title='bbox 1303 312 1461 367; x_wconf 88' lang='grc' dir='ltr'><strong><em>καίρια.</em></strong></span> <span class='ocrx_word' id='word_1_22' title='bbox 1516 310 1638 362; x_wconf 55' lang='lat' dir='ltr'><strong>&amp;cI-211.</strong></span> <span class='ocrx_word' id='word_1_23' title='bbox 1651 321 1767 369; x_wconf 55' lang='grc' dir='ltr'><strong>μορε</strong></span> 
     </span>
     <span class='ocr_line' id='line_1_4' title="bbox 152 371 1572 432; baseline 0.001 -17"><span class='ocrx_word' id='word_1_24' title='bbox 152 374 257 429; x_wconf 71' lang='grc' dir='ltr'><strong><em>γὰρ,</em></strong></span> <span class='ocrx_word' id='word_1_25' title='bbox 286 375 332 416; x_wconf 73' lang='grc' dir='ltr'><strong><em>ἐν</em></strong></span> <span class='ocrx_word' id='word_1_26' title='bbox 357 371 528 426; x_wconf 79' lang='grc' dir='ltr'><strong><em>σώματί</em></strong></span> <span class='ocrx_word' id='word_1_27' title='bbox 546 389 630 415; x_wconf 85' lang='grc' dir='ltr'><strong><em>τινι</em></strong></span> <span class='ocrx_word' id='word_1_28' title='bbox 655 375 728 427; x_wconf 79' lang='grc' dir='ltr'><strong>τῆς</strong></span> <span class='ocrx_word' id='word_1_29' title='bbox 751 376 932 429; x_wconf 84' lang='grc' dir='ltr'><strong><em>κεφαλῆς</em></strong></span> <span class='ocrx_word' id='word_1_30' title='bbox 958 377 1144 430; x_wconf 78' lang='grc' dir='ltr'><strong><em>πονηρῶς</em></strong></span> <span class='ocrx_word' id='word_1_31' title='bbox 1171 374 1368 430; x_wconf 79' lang='grc' dir='ltr'><strong><em>ἐχούσης,</em></strong></span> <span class='ocrx_word' id='word_1_32' title='bbox 1398 372 1423 416; x_wconf 78' lang='lat'><strong><em>3</em></strong></span> <span class='ocrx_word' id='word_1_33' title='bbox 1447 391 1494 431; x_wconf 75' lang='grc' dir='ltr'><strong><em>γε</em></strong></span> <span class='ocrx_word' id='word_1_34' title='bbox 1510 375 1572 432; x_wconf 78' lang='grc' dir='ltr'><strong>μὴ</strong></span> 
     </span>
     <span class='ocr_line' id='line_1_5' title="bbox 153 436 1575 494; baseline 0.004 -14"><span class='ocrx_word' id='word_1_35' title='bbox 153 438 203 480; x_wconf 80' lang='grc' dir='ltr'><strong>τὰ</strong></span> <span class='ocrx_word' id='word_1_36' title='bbox 229 436 334 493; x_wconf 75' lang='grc' dir='ltr'><strong><em>πρὸς</em></strong></span> <span class='ocrx_word' id='word_1_37' title='bbox 358 439 587 494; x_wconf 79' lang='grc' dir='ltr'><strong><em>θεραπείαν</em></strong></span> <span class='ocrx_word' id='word_1_38' title='bbox 613 436 746 479; x_wconf 79' lang='grc' dir='ltr'><strong><em>πάντα</em></strong></span> <span class='ocrx_word' id='word_1_39' title='bbox 774 437 1046 494; x_wconf 78' lang='grc' dir='ltr'><strong><em>προσαγαγών</em></strong></span> <span class='ocrx_word' id='word_1_40' title='bbox 1072 437 1178 480; x_wconf 76' lang='grc' dir='ltr'><strong><em>κατὰ</em></strong></span> <span class='ocrx_word' id='word_1_41' title='bbox 1205 442 1279 481; x_wconf 80' lang='grc' dir='ltr'><strong>τοῦ</strong></span> <span class='ocrx_word' id='word_1_42' title='bbox 1304 439 1455 492; x_wconf 78' lang='grc' dir='ltr'><strong><em>παντὸς</em></strong></span> <span class='ocrx_word' id='word_1_43' title='bbox 1481 441 1575 485; x_wconf 75' lang='grc' dir='ltr'><strong><em>ἔτυ-</em></strong></span> 
     </span>
    </p>

    <p class='ocr_par' dir='ltr' id='par_1_3' title="bbox 127 500 1604 824">
     <span class='ocr_line' id='line_1_6' title="bbox 127 500 1576 559; baseline 0.003 -14"><span class='ocrx_word' id='word_1_44' title='bbox 127 510 204 558; x_wconf 81' lang='grc' dir='ltr'><strong><em>5χε</em></strong></span> <span class='ocrx_word' id='word_1_45' title='bbox 237 500 308 545; x_wconf 83' lang='grc' dir='ltr'><strong><em>τὸν</em></strong></span> <span class='ocrx_word' id='word_1_46' title='bbox 342 503 529 545; x_wconf 77' lang='grc' dir='ltr'><strong><em>κίνδυνον</em></strong></span> <span class='ocrx_word' id='word_1_47' title='bbox 565 504 796 559; x_wconf 76' lang='grc' dir='ltr'><em>ἐπιφέρων,</em></span> <span class='ocrx_word' id='word_1_48' title='bbox 847 502 977 552; x_wconf 73' lang='grc' dir='ltr'><strong><em>οὕτως</em></strong></span> <span class='ocrx_word' id='word_1_49' title='bbox 1014 501 1131 557; x_wconf 82' lang='grc' dir='ltr'><strong><em>οἶμαι</em></strong></span> <span class='ocrx_word' id='word_1_50' title='bbox 1169 504 1242 547; x_wconf 79' lang='grc' dir='ltr'><strong><em>καὶ</em></strong></span> <span class='ocrx_word' id='word_1_51' title='bbox 1281 504 1304 547; x_wconf 82' lang='grc' dir='ltr'>ὅ</span> <span class='ocrx_word' id='word_1_52' title='bbox 1331 508 1409 547; x_wconf 81' lang='grc' dir='ltr'><strong>τοῦ</strong></span> <span class='ocrx_word' id='word_1_53' title='bbox 1434 509 1576 549; x_wconf 73' lang='grc' dir='ltr'><strong><em>κοινοῦ</em></strong></span> 
     </span>
     <span class='ocr_line' id='line_1_7' title="bbox 149 565 1574 630; baseline 0.004 -22"><span class='ocrx_word' id='word_1_54' title='bbox 149 569 272 609; x_wconf 77' lang='grc' dir='ltr'><strong><em>τοῦδε</em></strong></span> <span class='ocrx_word' id='word_1_55' title='bbox 307 568 380 622; x_wconf 84' lang='grc' dir='ltr'><strong>τῆς</strong></span> <span class='ocrx_word' id='word_1_56' title='bbox 416 569 515 609; x_wconf 77' lang='grc' dir='ltr'><strong><em>καθ’</em></strong></span> <span class='ocrx_word' id='word_1_57' title='bbox 560 565 670 623; x_wconf 75' lang='grc' dir='ltr'><strong><em>ἡμᾶς</em></strong></span> <span class='ocrx_word' id='word_1_58' title='bbox 708 570 917 617; x_wconf 74' lang='grc' dir='ltr'><em>πολιτείας</em></span> <span class='ocrx_word' id='word_1_59' title='bbox 954 569 1147 622; x_wconf 79' lang='grc' dir='ltr'><strong><em>σώματος</em></strong></span> <span class='ocrx_word' id='word_1_60' title='bbox 1182 570 1239 628; x_wconf 76' lang='grc' dir='ltr'><strong>τῷ</strong></span> <span class='ocrx_word' id='word_1_61' title='bbox 1273 572 1574 630; x_wconf 71' lang='grc' dir='ltr'><strong><em>μεγαλειοτέρῳ</em></strong></span> 
     </span>
     <span class='ocr_line' id='line_1_8' title="bbox 148 633 1604 693; baseline 0.003 -19"><span class='ocrx_word' id='word_1_62' title='bbox 148 635 268 687; x_wconf 81' lang='grc' dir='ltr'><strong><em>μέρει</em></strong></span> <span class='ocrx_word' id='word_1_63' title='bbox 305 635 378 674; x_wconf 82' lang='grc' dir='ltr'>καί</span> <span class='ocrx_word' id='word_1_64' title='bbox 412 633 659 688; x_wconf 70' lang='grc' dir='ltr'><strong><em>ὑπερέχοντι</em></strong></span> <span class='ocrx_word' id='word_1_65' title='bbox 697 636 833 683; x_wconf 77' lang='grc' dir='ltr'><strong><em>κακῶς</em></strong></span> <span class='ocrx_word' id='word_1_66' title='bbox 874 633 1013 688; x_wconf 81' lang='grc' dir='ltr'><strong><em>ἔχοντι</em></strong></span> <span class='ocrx_word' id='word_1_67' title='bbox 1046 633 1105 690; x_wconf 77' lang='grc' dir='ltr'><strong>μὴ</strong></span> <span class='ocrx_word' id='word_1_68' title='bbox 1133 634 1187 690; x_wconf 79' lang='grc' dir='ltr'><strong>τὰ</strong></span> <span class='ocrx_word' id='word_1_69' title='bbox 1213 637 1318 691; x_wconf 84' lang='grc' dir='ltr'><strong><em>πρὸς</em></strong></span> <span class='ocrx_word' id='word_1_70' title='bbox 1343 639 1604 693; x_wconf 75' lang='grc' dir='ltr'><strong><em>θεραπείανΒ</em></strong></span> 
     </span>
     <span class='ocr_line' id='line_1_9' title="bbox 147 694 1571 757; baseline 0.004 -17"><span class='ocrx_word' id='word_1_71' title='bbox 147 713 191 740; x_wconf 81' lang='grc' dir='ltr'><strong><em>τε</em></strong></span> <span class='ocrx_word' id='word_1_72' title='bbox 228 697 303 740; x_wconf 76' lang='grc' dir='ltr'><strong><em>καὶ</em></strong></span> <span class='ocrx_word' id='word_1_73' title='bbox 338 696 584 753; x_wconf 75' lang='grc' dir='ltr'><strong><em>ὁλοκληρίαν</em></strong></span> <span class='ocrx_word' id='word_1_74' title='bbox 624 697 904 754; x_wconf 74' lang='grc' dir='ltr'><strong><em>προσενεγκών</em></strong></span> <span class='ocrx_word' id='word_1_75' title='bbox 941 702 1014 741; x_wconf 82' lang='grc' dir='ltr'><strong><em>καί</em></strong></span> <span class='ocrx_word' id='word_1_76' title='bbox 1048 694 1111 741; x_wconf 54' lang='grc' dir='ltr'><strong>τοι</strong></span> <span class='ocrx_word' id='word_1_77' title='bbox 1135 699 1251 755; x_wconf 72' lang='grc' dir='ltr'><strong><em>παρὰ</em></strong></span> <span class='ocrx_word' id='word_1_78' title='bbox 1289 701 1361 757; x_wconf 77' lang='grc' dir='ltr'><strong><em>τὴν</em></strong></span> <span class='ocrx_word' id='word_1_79' title='bbox 1398 699 1571 752; x_wconf 67' lang='grc' dir='ltr'><strong><em>ἀταξίαν</em></strong></span> 
     </span>
     <span class='ocr_line' id='line_1_10' title="bbox 147 760 1573 824; baseline 0.004 -20"><span class='ocrx_word' id='word_1_80' title='bbox 147 760 350 816; x_wconf 78' lang='grc' dir='ltr'><strong><em>κάμνοντα</em></strong></span> <span class='ocrx_word' id='word_1_81' title='bbox 386 762 576 818; x_wconf 77' lang='grc' dir='ltr'><strong><em>συνάγων</em></strong></span> <span class='ocrx_word' id='word_1_82' title='bbox 611 766 685 806; x_wconf 81' lang='grc' dir='ltr'><em>καί</em></span> <span class='ocrx_word' id='word_1_83' title='bbox 731 767 967 820; x_wconf 78' lang='grc' dir='ltr'><strong><em>συγκροτῶν</em></strong></span> <span class='ocrx_word' id='word_1_84' title='bbox 1004 768 1082 806; x_wconf 80' lang='grc' dir='ltr'><strong>τοῦ</strong></span> <span class='ocrx_word' id='word_1_85' title='bbox 1115 781 1158 807; x_wconf 87' lang='grc' dir='ltr'><strong><em>τε</em></strong></span> <span class='ocrx_word' id='word_1_86' title='bbox 1186 763 1319 821; x_wconf 74' lang='grc' dir='ltr'><strong><em>δήμου</em></strong></span> <span class='ocrx_word' id='word_1_87' title='bbox 1356 769 1475 824; x_wconf 83' lang='grc' dir='ltr'><strong><em>κοινῇ</em></strong></span> <span class='ocrx_word' id='word_1_88' title='bbox 1498 767 1573 818; x_wconf 67' lang='grc' dir='ltr'><strong><em>καί</em></strong></span> 
     </span>
    </p>

    <p class='ocr_par' dir='ltr' id='par_1_4' title="bbox 102 827 1599 952">
     <span class='ocr_line' id='line_1_11' title="bbox 102 827 1571 888; baseline 0.001 -16"><span class='ocrx_word' id='word_1_89' title='bbox 102 830 223 884; x_wconf 83' lang='grc' dir='ltr'><strong>ιοτῆς</strong></span> <span class='ocrx_word' id='word_1_90' title='bbox 249 827 457 878; x_wconf 74' lang='grc' dir='ltr'><strong><em>πολιτείας</em></strong></span> <span class='ocrx_word' id='word_1_91' title='bbox 483 828 698 884; x_wconf 82' lang='grc' dir='ltr'><strong><em>η’μεληκώς</em></strong></span> <span class='ocrx_word' id='word_1_92' title='bbox 735 828 854 871; x_wconf 78' lang='grc' dir='ltr'><strong><em>ἔσται</em></strong></span> <span class='ocrx_word' id='word_1_93' title='bbox 890 831 963 872; x_wconf 84' lang='grc' dir='ltr'><em>καί</em></span> <span class='ocrx_word' id='word_1_94' title='bbox 987 828 1035 872; x_wconf 85' lang='grc' dir='ltr'><strong>τὸ</strong></span> <span class='ocrx_word' id='word_1_95' title='bbox 1063 830 1234 883; x_wconf 80' lang='grc' dir='ltr'><strong><em>σύμπαν</em></strong></span> <span class='ocrx_word' id='word_1_96' title='bbox 1266 829 1357 885; x_wconf 72' lang='grc' dir='ltr'><strong><em>ἅμα</em></strong></span> <span class='ocrx_word' id='word_1_97' title='bbox 1384 834 1571 888; x_wconf 60' lang='grc' dir='ltr'><strong><em>καθῃρηκ</em></strong></span> 
     </span>
     <span class='ocr_line' id='line_1_12' title="bbox 147 891 1599 952; baseline 0.002 -17"><span class='ocrx_word' id='word_1_98' title='bbox 147 892 242 943; x_wconf 72' lang='grc' dir='ltr'><strong><em>κῶς.</em></strong></span> <span class='ocrx_word' id='word_1_99' title='bbox 296 891 367 934; x_wconf 78' lang='grc' dir='ltr'><strong>διὰ</strong></span> <span class='ocrx_word' id='word_1_100' title='bbox 395 896 531 936; x_wconf 81' lang='grc' dir='ltr'><strong><em>ταῦτα</em></strong></span> <span class='ocrx_word' id='word_1_101' title='bbox 560 893 612 948; x_wconf 70' lang='grc' dir='ltr'><strong>δὴ</strong></span> <span class='ocrx_word' id='word_1_102' title='bbox 640 893 713 935; x_wconf 79' lang='grc' dir='ltr'><em>καί</em></span> <span class='ocrx_word' id='word_1_103' title='bbox 747 893 850 950; x_wconf 84' lang='grc' dir='ltr'><strong><em>πρὸς</em></strong></span> <span class='ocrx_word' id='word_1_104' title='bbox 875 893 949 949; x_wconf 80' lang='grc' dir='ltr'><strong><em>τὴν</em></strong></span> <span class='ocrx_word' id='word_1_105' title='bbox 986 898 1200 951; x_wconf 84' lang='grc' dir='ltr'><strong><em>παροῦσαν</em></strong></span> <span class='ocrx_word' id='word_1_106' title='bbox 1235 895 1439 952; x_wconf 71' lang='grc' dir='ltr'><strong><em>συλλογὴν</em></strong></span> <span class='ocrx_word' id='word_1_107' title='bbox 1465 894 1572 938; x_wconf 67' lang='lat' dir='ltr'><strong>‘tati-</strong></span> <span class='ocrx_word' id='word_1_108' title='bbox 1596 944 1599 952; x_wconf 33' lang='grc'>1</span> 
     </span>
    </p>

    <p class='ocr_par' dir='ltr' id='par_1_5' title="bbox 145 954 1574 1016">
     <span class='ocr_line' id='line_1_13' title="bbox 145 954 1574 1016; baseline 0.002 -16"><span class='ocrx_word' id='word_1_109' title='bbox 145 975 219 1014; x_wconf 79' lang='grc' dir='ltr'><strong><em>την</em></strong></span> <span class='ocrx_word' id='word_1_110' title='bbox 244 959 319 999; x_wconf 82' lang='grc' dir='ltr'>καί</span> <span class='ocrx_word' id='word_1_111' title='bbox 347 955 407 1012; x_wconf 84' lang='grc' dir='ltr'><strong>μή</strong></span> <span class='ocrx_word' id='word_1_112' title='bbox 428 974 534 1000; x_wconf 88' lang='grc' dir='ltr'><strong><em>τισι.</em></strong></span> <span class='ocrx_word' id='word_1_113' title='bbox 550 961 800 1013; x_wconf 79' lang='grc' dir='ltr'><strong><em>πονηθεῖσαν</em></strong></span> <span class='ocrx_word' id='word_1_114' title='bbox 843 954 983 1010; x_wconf 71' lang='grc' dir='ltr'><strong><em>ἄλλοις</em></strong></span> <span class='ocrx_word' id='word_1_115' title='bbox 1021 961 1092 1014; x_wconf 80' lang='grc' dir='ltr'><strong>τῆς</strong></span> <span class='ocrx_word' id='word_1_116' title='bbox 1128 963 1317 1016; x_wconf 78' lang='grc' dir='ltr'><strong><em>τακτικῆς</em></strong></span> <span class='ocrx_word' id='word_1_117' title='bbox 1358 962 1574 1015; x_wconf 79' lang='grc' dir='ltr'><strong><em>διανέστη-</em></strong></span> 
     </span>
    </p>

    <p class='ocr_par' dir='ltr' id='par_1_6' title="bbox 145 1021 1607 1147">
     <span class='ocr_line' id='line_1_14' title="bbox 145 1021 1607 1081; baseline 0.001 -17"><span class='ocrx_word' id='word_1_118' title='bbox 145 1039 223 1076; x_wconf 86' lang='grc' dir='ltr'><strong>μεν</strong></span> <span class='ocrx_word' id='word_1_119' title='bbox 247 1021 460 1076; x_wconf 76' lang='grc' dir='ltr'><strong><em>μεθόδου,</em></strong></span> <span class='ocrx_word' id='word_1_120' title='bbox 499 1022 575 1078; x_wconf 70' lang='grc' dir='ltr'><strong><em>τήν</em></strong></span> <span class='ocrx_word' id='word_1_121' title='bbox 606 1026 684 1076; x_wconf 79' lang='grc' dir='ltr'><strong><em>μὲν</em></strong></span> <span class='ocrx_word' id='word_1_122' title='bbox 721 1024 939 1077; x_wconf 84' lang='grc' dir='ltr'><strong><em>βασιλείαν</em></strong></span> <span class='ocrx_word' id='word_1_123' title='bbox 971 1022 1104 1081; x_wconf 82' lang='grc' dir='ltr'><strong><em>ταύτῃ</em></strong></span> <span class='ocrx_word' id='word_1_124' title='bbox 1146 1027 1470 1080; x_wconf 84' lang='grc' dir='ltr'><strong><em>βασιλικωτέραν</em></strong></span> <span class='ocrx_word' id='word_1_125' title='bbox 1497 1026 1607 1072; x_wconf 77' lang='grc' dir='ltr'><strong>καίο</strong></span> 
     </span>
     <span class='ocr_line' id='line_1_15' title="bbox 147 1088 1571 1147; baseline -0.001 -17"><span class='ocrx_word' id='word_1_126' title='bbox 147 1090 451 1144; x_wconf 79' lang='grc' dir='ltr'><strong><em>φωβερωτέραν</em></strong></span> <span class='ocrx_word' id='word_1_127' title='bbox 491 1088 826 1138; x_wconf 70' lang='grc' dir='ltr'><strong><em>ἀποδεικνύντες·</em></strong></span> <span class='ocrx_word' id='word_1_128' title='bbox 881 1091 939 1147; x_wconf 73' lang='grc' dir='ltr'><strong>τῷ</strong></span> <span class='ocrx_word' id='word_1_129' title='bbox 976 1092 1022 1132; x_wconf 76' lang='grc' dir='ltr'><strong>δὲ</strong></span> <span class='ocrx_word' id='word_1_130' title='bbox 1049 1091 1301 1146; x_wconf 69' lang='grc' dir='ltr'><strong><em>συγκλητικιῇ</em></strong></span> <span class='ocrx_word' id='word_1_131' title='bbox 1327 1088 1571 1145; x_wconf 75' lang='grc' dir='ltr'><strong><em>πληρώματι</em></strong></span> 
     </span>
    </p>

    <p class='ocr_par' dir='ltr' id='par_1_7' title="bbox 99 1151 1766 1406">
     <span class='ocr_line' id='line_1_16' title="bbox 99 1151 1571 1211; baseline 0 -15"><span class='ocrx_word' id='word_1_132' title='bbox 99 1156 222 1197; x_wconf 76' lang='grc' dir='ltr'><strong>ιόκαὶ</strong></span> <span class='ocrx_word' id='word_1_133' title='bbox 257 1153 381 1195; x_wconf 80' lang='grc' dir='ltr'><strong><em>παντὶ</em></strong></span> <span class='ocrx_word' id='word_1_134' title='bbox 427 1155 484 1210; x_wconf 70' lang='grc' dir='ltr'><strong>τῷ</strong></span> <span class='ocrx_word' id='word_1_135' title='bbox 510 1151 674 1211; x_wconf 77' lang='grc' dir='ltr'><strong><em>ὑπηκόῳ</em></strong></span> <span class='ocrx_word' id='word_1_136' title='bbox 701 1152 769 1195; x_wconf 85' lang='grc' dir='ltr'><strong><em>τὸν</em></strong></span> <span class='ocrx_word' id='word_1_137' title='bbox 794 1153 899 1207; x_wconf 76' lang='grc' dir='ltr'><strong><em>μετὰ</em></strong></span> <span class='ocrx_word' id='word_1_138' title='bbox 942 1157 1015 1209; x_wconf 83' lang='grc' dir='ltr'><strong>τῆς</strong></span> <span class='ocrx_word' id='word_1_139' title='bbox 1055 1151 1248 1204; x_wconf 70' lang='grc' dir='ltr'><strong><em>εὐταξίας</em></strong></span> <span class='ocrx_word' id='word_1_140' title='bbox 1281 1155 1375 1208; x_wconf 88' lang='grc' dir='ltr'><strong><em>βίον</em></strong></span> <span class='ocrx_word' id='word_1_141' title='bbox 1400 1156 1474 1196; x_wconf 78' lang='grc' dir='ltr'><em>καί</em></span> <span class='ocrx_word' id='word_1_142' title='bbox 1496 1153 1571 1209; x_wconf 64' lang='grc' dir='ltr'><strong><em>τὴν</em></strong></span> 
     </span>
     <span class='ocr_line' id='line_1_17' title="bbox 146 1214 1572 1275; baseline -0.001 -15"><span class='ocrx_word' id='word_1_143' title='bbox 146 1217 352 1273; x_wconf 67' lang='grc' dir='ltr'><strong><em>διαγωγήν</em></strong></span> <span class='ocrx_word' id='word_1_144' title='bbox 390 1219 597 1272; x_wconf 84' lang='grc' dir='ltr'><strong><em>νέμοντες,</em></strong></span> <span class='ocrx_word' id='word_1_145' title='bbox 638 1217 713 1275; x_wconf 71' lang='grc' dir='ltr'><strong>ὑφ’</strong></span> <span class='ocrx_word' id='word_1_146' title='bbox 742 1214 793 1274; x_wconf 85' lang='grc' dir='ltr'><strong>ἧς</strong></span> <span class='ocrx_word' id='word_1_147' title='bbox 834 1219 1081 1275; x_wconf 85' lang='grc' dir='ltr'><strong><em>σεμνότεροί</em></strong></span> <span class='ocrx_word' id='word_1_148' title='bbox 1110 1235 1154 1261; x_wconf 87' lang='grc' dir='ltr'><strong><em>τε</em></strong></span> <span class='ocrx_word' id='word_1_149' title='bbox 1194 1221 1268 1261; x_wconf 83' lang='grc' dir='ltr'>καί</span> <span class='ocrx_word' id='word_1_150' title='bbox 1301 1217 1572 1274; x_wconf 76' lang='grc' dir='ltr'><strong><em>κοσμιώτεροι</em></strong></span> 
     </span>
     <span class='ocr_line' id='line_1_18' title="bbox 144 1279 1766 1343; baseline -0.001 -19"><span class='ocrx_word' id='word_1_151' title='bbox 144 1281 440 1336; x_wconf 75' lang='grc' dir='ltr'><strong><em>καθιστάμενοι</em></strong></span> <span class='ocrx_word' id='word_1_152' title='bbox 476 1280 585 1326; x_wconf 82' lang='grc' dir='ltr'><strong><em>εἶναι</em></strong></span> <span class='ocrx_word' id='word_1_153' title='bbox 611 1279 662 1325; x_wconf 72' lang='grc' dir='ltr'><strong><em>ἂν</em></strong></span> <span class='ocrx_word' id='word_1_154' title='bbox 687 1285 762 1325; x_wconf 79' lang='grc' dir='ltr'>καί</span> <span class='ocrx_word' id='word_1_155' title='bbox 795 1282 1036 1338; x_wconf 71' lang='grc' dir='ltr'><strong><em>βασιλεῦσιν</em></strong></span> <span class='ocrx_word' id='word_1_156' title='bbox 1073 1285 1318 1343; x_wconf 66' lang='grc' dir='ltr'><strong><em>ἒπεραστοι,</em></strong></span> <span class='ocrx_word' id='word_1_157' title='bbox 1358 1285 1766 1339; x_wconf 70' lang='grc' dir='ltr'><strong><em>αἰδέσιμοι’ῌε.176.1»</em></strong></span> 
     </span>
     <span class='ocr_line' id='line_1_19' title="bbox 143 1346 1413 1406; baseline 0.002 -16"><span class='ocrx_word' id='word_1_158' title='bbox 143 1364 188 1390; x_wconf 84' lang='grc' dir='ltr'><strong><em>τε</em></strong></span> <span class='ocrx_word' id='word_1_159' title='bbox 215 1346 408 1406; x_wconf 75' lang='grc' dir='ltr'><strong><em>ἀλλήλοις</em></strong></span> <span class='ocrx_word' id='word_1_160' title='bbox 433 1350 509 1391; x_wconf 83' lang='grc' dir='ltr'><strong><em>καί</em></strong></span> <span class='ocrx_word' id='word_1_161' title='bbox 532 1349 656 1392; x_wconf 78' lang='grc' dir='ltr'><strong><em>παντὶ</em></strong></span> <span class='ocrx_word' id='word_1_162' title='bbox 678 1347 805 1405; x_wconf 29' lang='grc' dir='ltr'><strong><em>,ἔθνει</em></strong></span> <span class='ocrx_word' id='word_1_163' title='bbox 830 1351 1074 1404; x_wconf 74' lang='grc' dir='ltr'><strong><em>θαυμαστοί</em></strong></span> <span class='ocrx_word' id='word_1_164' title='bbox 1097 1351 1171 1391; x_wconf 78' lang='grc' dir='ltr'><strong><em>καί</em></strong></span> <span class='ocrx_word' id='word_1_165' title='bbox 1191 1351 1413 1406; x_wconf 81' lang='grc' dir='ltr'><strong><em>περίδοξοι.</em></strong></span> 
     </span>
    </p>
   </div>
   <div class='ocr_carea' id='block_1_3' title="bbox 84 1516 1575 2527">
    <p class='ocr_par' dir='ltr' id='par_1_8' title="bbox 84 1516 1575 2527">
     <span class='ocr_line' id='line_1_20' title="bbox 84 1516 1574 1562; baseline 0.001 -13"><span class='ocrx_word' id='word_1_166' title='bbox 84 1531 88 1537; x_wconf 87' lang='grc'>·</span> <span class='ocrx_word' id='word_1_167' title='bbox 148 1520 269 1549; x_wconf 75' lang='lat' dir='ltr'><strong>tantus</strong></span> <span class='ocrx_word' id='word_1_168' title='bbox 297 1520 335 1550; x_wconf 86' lang='lat' dir='ltr'><strong>et</strong></span> <span class='ocrx_word' id='word_1_169' title='bbox 356 1521 429 1550; x_wconf 87' lang='lat' dir='ltr'><strong>tam</strong></span> <span class='ocrx_word' id='word_1_170' title='bbox 451 1516 601 1561; x_wconf 86' lang='lat' dir='ltr'><strong>pulcher</strong></span> <span class='ocrx_word' id='word_1_171' title='bbox 635 1516 790 1550; x_wconf 87' lang='lat' dir='ltr'><strong>mundus</strong></span> <span class='ocrx_word' id='word_1_172' title='bbox 815 1522 923 1562; x_wconf 88' lang='lat' dir='ltr'><strong>atque</strong></span> <span class='ocrx_word' id='word_1_173' title='bbox 947 1516 1035 1550; x_wconf 84' lang='lat' dir='ltr'><strong>ordo</strong></span> <span class='ocrx_word' id='word_1_174' title='bbox 1070 1516 1405 1551; x_wconf 82' lang='lat' dir='ltr'><strong>subordinationum</strong></span> <span class='ocrx_word' id='word_1_175' title='bbox 1426 1519 1464 1550; x_wconf 86' lang='lat' dir='ltr'><strong>et</strong></span> <span class='ocrx_word' id='word_1_176' title='bbox 1486 1524 1574 1555; x_wconf 77' lang='lat' dir='ltr'><strong>con-</strong></span> 
     </span>
     <span class='ocr_line' id='line_1_21' title="bbox 131 1561 1575 1608; baseline 0.001 -14"><span class='ocrx_word' id='word_1_177' title='bbox 131 1563 379 1596; x_wconf 83' lang='lat' dir='ltr'><strong>-stitutionum</strong></span> <span class='ocrx_word' id='word_1_178' title='bbox 414 1563 643 1608; x_wconf 87' lang='lat' dir='ltr'><strong>politicarum</strong></span> <span class='ocrx_word' id='word_1_179' title='bbox 668 1563 893 1602; x_wconf 80' lang='lat' dir='ltr'><strong>inordinatus</strong></span> <span class='ocrx_word' id='word_1_180' title='bbox 915 1574 1022 1607; x_wconf 83' lang='lat' dir='ltr'><strong>porro</strong></span> <span class='ocrx_word' id='word_1_181' title='bbox 1048 1564 1206 1603; x_wconf 79' lang='lat' dir='ltr'><strong>iaceret,</strong></span> <span class='ocrx_word' id='word_1_182' title='bbox 1243 1569 1280 1596; x_wconf 89' lang='lat' dir='ltr'><strong>et</strong></span> <span class='ocrx_word' id='word_1_183' title='bbox 1303 1568 1345 1596; x_wconf 87' lang='lat' dir='ltr'><strong>ut</strong></span> <span class='ocrx_word' id='word_1_184' title='bbox 1367 1561 1492 1607; x_wconf 83' lang='lat' dir='ltr'><strong>(quod</strong></span> <span class='ocrx_word' id='word_1_185' title='bbox 1514 1573 1575 1595; x_wconf 78' lang='lat' dir='ltr'><strong>so-</strong></span> 
     </span>
     <span class='ocr_line' id='line_1_22' title="bbox 150 1608 1575 1655; baseline 0.001 -15"><span class='ocrx_word' id='word_1_186' title='bbox 150 1608 292 1640; x_wconf 81' lang='lat' dir='ltr'>cordiae</span> <span class='ocrx_word' id='word_1_187' title='bbox 324 1620 398 1641; x_wconf 92' lang='lat' dir='ltr'><strong>non</strong></span> <span class='ocrx_word' id='word_1_188' title='bbox 435 1609 550 1642; x_wconf 87' lang='lat' dir='ltr'><strong>dediti</strong></span> <span class='ocrx_word' id='word_1_189' title='bbox 581 1615 808 1654; x_wconf 81' lang='lat' dir='ltr'>potueramus</span> <span class='ocrx_word' id='word_1_190' title='bbox 834 1609 1048 1655; x_wconf 87' lang='lat' dir='ltr'><strong>impedire,)</strong></span> <span class='ocrx_word' id='word_1_191' title='bbox 1081 1608 1239 1641; x_wconf 89' lang='lat' dir='ltr'><strong>membra</strong></span> <span class='ocrx_word' id='word_1_192' title='bbox 1273 1608 1370 1641; x_wconf 84' lang='lat' dir='ltr'><strong>velut</strong></span> <span class='ocrx_word' id='word_1_193' title='bbox 1405 1608 1575 1653; x_wconf 83' lang='lat' dir='ltr'><strong>capitalia</strong></span> 
     </span>
     <span class='ocr_line' id='line_1_23' title="bbox 144 1653 1575 1702; baseline 0 -16"><span class='ocrx_word' id='word_1_194' title='bbox 144 1654 343 1698; x_wconf 81' lang='lat' dir='ltr'><strong>imperialis</strong></span> <span class='ocrx_word' id='word_1_195' title='bbox 360 1654 492 1702; x_wconf 73' lang='lat' dir='ltr'><strong>gloriae</strong></span> <span class='ocrx_word' id='word_1_196' title='bbox 506 1679 516 1694; x_wconf 92' lang='lat'>‚</span> <span class='ocrx_word' id='word_1_197' title='bbox 540 1666 734 1700; x_wconf 88' lang='lat' dir='ltr'><strong>necemque</strong></span> <span class='ocrx_word' id='word_1_198' title='bbox 760 1660 797 1687; x_wconf 90' lang='lat' dir='ltr'><strong>et</strong></span> <span class='ocrx_word' id='word_1_199' title='bbox 820 1657 959 1688; x_wconf 88' lang='lat' dir='ltr'><strong>ruinam</strong></span> <span class='ocrx_word' id='word_1_200' title='bbox 983 1655 1135 1699; x_wconf 88' lang='lat' dir='ltr'><strong>imperio</strong></span> <span class='ocrx_word' id='word_1_201' title='bbox 1150 1679 1160 1695; x_wconf 91' lang='lat'>‚</span> <span class='ocrx_word' id='word_1_202' title='bbox 1196 1655 1227 1687; x_wconf 85' lang='lat' dir='ltr'><strong>si</strong></span> <span class='ocrx_word' id='word_1_203' title='bbox 1250 1654 1503 1694; x_wconf 80' lang='lat' dir='ltr'><strong>vulnerentur,</strong></span> <span class='ocrx_word' id='word_1_204' title='bbox 1527 1653 1575 1687; x_wconf 84' lang='lat' dir='ltr'><strong>il·</strong></span> 
     </span>
     <span class='ocr_line' id='line_1_24' title="bbox 149 1699 1575 1745; baseline -0.001 -13"><span class='ocrx_word' id='word_1_205' title='bbox 149 1700 265 1732; x_wconf 77' lang='lat' dir='ltr'><strong>latura</strong></span> <span class='ocrx_word' id='word_1_206' title='bbox 297 1699 589 1733; x_wconf 79' lang='lat' dir='ltr'><strong>contrucarentu&#39;r</strong></span> <span class='ocrx_word' id='word_1_207' title='bbox 621 1712 803 1745; x_wconf 88' lang='lat' dir='ltr'><strong>unumque</strong></span> <span class='ocrx_word' id='word_1_208' title='bbox 834 1705 917 1745; x_wconf 84' lang='lat' dir='ltr'><strong>post</strong></span> <span class='ocrx_word' id='word_1_209' title='bbox 940 1701 1091 1733; x_wconf 85' lang='lat' dir='ltr'><strong>alterum</strong></span> <span class='ocrx_word' id='word_1_210' title='bbox 1128 1700 1338 1734; x_wconf 86' lang='lat' dir='ltr'><strong>defluerent.</strong></span> <span class='ocrx_word' id='word_1_211' title='bbox 1385 1701 1432 1733; x_wconf 91' lang='lat' dir='ltr'><strong>Ut</strong></span> <span class='ocrx_word' id='word_1_212' title='bbox 1454 1700 1575 1741; x_wconf 81' lang='lat' dir='ltr'><strong>enim,</strong></span> 
     </span>
     <span class='ocr_line' id='line_1_25' title="bbox 147 1746 1574 1791; baseline 0.001 -13"><span class='ocrx_word' id='word_1_213' title='bbox 147 1746 176 1778; x_wconf 88' lang='lat' dir='ltr'><strong>si</strong></span> <span class='ocrx_word' id='word_1_214' title='bbox 201 1747 281 1791; x_wconf 82' lang='lat' dir='ltr'><strong>quis</strong></span> <span class='ocrx_word' id='word_1_215' title='bbox 305 1747 414 1790; x_wconf 86' lang='lat' dir='ltr'><strong>capiti</strong></span> <span class='ocrx_word' id='word_1_216' title='bbox 437 1747 530 1779; x_wconf 89' lang='lat' dir='ltr'><strong>male</strong></span> <span class='ocrx_word' id='word_1_217' title='bbox 555 1749 680 1780; x_wconf 79' lang='lat' dir='ltr'><strong>affecto</strong></span> <span class='ocrx_word' id='word_1_218' title='bbox 706 1746 882 1780; x_wconf 81' lang='lat' dir='ltr'><strong>medelam</strong></span> <span class='ocrx_word' id='word_1_219' title='bbox 897 1772 906 1786; x_wconf 96' lang='lat'>‚</span> <span class='ocrx_word' id='word_1_220' title='bbox 933 1758 1038 1791; x_wconf 89' lang='lat' dir='ltr'><strong>quam</strong></span> <span class='ocrx_word' id='word_1_221' title='bbox 1062 1752 1201 1790; x_wconf 86' lang='lat' dir='ltr'><strong>potest,</strong></span> <span class='ocrx_word' id='word_1_222' title='bbox 1226 1757 1367 1779; x_wconf 89' lang='lat' dir='ltr'><strong>omnem</strong></span> <span class='ocrx_word' id='word_1_223' title='bbox 1389 1758 1463 1780; x_wconf 91' lang='lat' dir='ltr'><strong>non</strong></span> <span class='ocrx_word' id='word_1_224' title='bbox 1485 1747 1574 1779; x_wconf 79' lang='lat' dir='ltr'><strong>affe-</strong></span> 
     </span>
     <span class='ocr_line' id='line_1_26' title="bbox 149 1792 1571 1838; baseline -0.001 -14"><span class='ocrx_word' id='word_1_225' title='bbox 149 1797 226 1830; x_wconf 81' lang='lat' dir='ltr'><strong>rat,</strong></span> <span class='ocrx_word' id='word_1_226' title='bbox 259 1797 375 1825; x_wconf 90' lang='lat' dir='ltr'><strong>totum</strong></span> <span class='ocrx_word' id='word_1_227' title='bbox 397 1804 522 1836; x_wconf 86' lang='lat' dir='ltr'><strong>corpus</strong></span> <span class='ocrx_word' id='word_1_228' title='bbox 547 1793 586 1825; x_wconf 89' lang='lat' dir='ltr'><strong>in</strong></span> <span class='ocrx_word' id='word_1_229' title='bbox 610 1793 743 1826; x_wconf 74' lang='lat' dir='ltr'><strong>excidii</strong></span> <span class='ocrx_word' id='word_1_230' title='bbox 770 1793 968 1836; x_wconf 88' lang='lat' dir='ltr'><strong>periculum</strong></span> <span class='ocrx_word' id='word_1_231' title='bbox 994 1794 1165 1826; x_wconf 89' lang='lat' dir='ltr'><strong>coniicit:</strong></span> <span class='ocrx_word' id='word_1_232' title='bbox 1204 1793 1256 1825; x_wconf 84' lang='lat' dir='ltr'><strong>ita</strong></span> <span class='ocrx_word' id='word_1_233' title='bbox 1279 1793 1385 1824; x_wconf 87' lang='lat' dir='ltr'><strong>etiam</strong></span> <span class='ocrx_word' id='word_1_234' title='bbox 1409 1792 1571 1838; x_wconf 80' lang='lat' dir='ltr'><strong>quisquis</strong></span> 
     </span>
     <span class='ocr_line' id='line_1_27' title="bbox 149 1838 1571 1883; baseline 0.001 -15"><span class='ocrx_word' id='word_1_235' title='bbox 149 1840 347 1872; x_wconf 79' lang='lat' dir='ltr'><strong>communis</strong></span> <span class='ocrx_word' id='word_1_236' title='bbox 380 1839 488 1872; x_wconf 85' lang='lat' dir='ltr'><strong>huius</strong></span> <span class='ocrx_word' id='word_1_237' title='bbox 527 1845 668 1872; x_wconf 82' lang='lat' dir='ltr'><strong>nostrae</strong></span> <span class='ocrx_word' id='word_1_238' title='bbox 703 1850 820 1872; x_wconf 87' lang='lat' dir='ltr'><strong>rerum</strong></span> <span class='ocrx_word' id='word_1_239' title='bbox 866 1839 1026 1872; x_wconf 89' lang='lat' dir='ltr'><strong>civilium</strong></span> <span class='ocrx_word' id='word_1_240' title='bbox 1058 1838 1325 1883; x_wconf 78' lang='lat' dir='ltr'><strong>gubernationis</strong></span> <span class='ocrx_word' id='word_1_241' title='bbox 1358 1849 1483 1882; x_wconf 86' lang='lat' dir='ltr'><strong>corpus</strong></span> <span class='ocrx_word' id='word_1_242' title='bbox 1518 1838 1571 1871; x_wconf 87' lang='lat' dir='ltr'><strong>ita</strong></span> 
     </span>
     <span class='ocr_line' id='line_1_28' title="bbox 149 1884 1570 1930; baseline -0.001 -13"><span class='ocrx_word' id='word_1_243' title='bbox 149 1884 321 1928; x_wconf 84' lang='lat' dir='ltr'><strong>negligit,</strong></span> <span class='ocrx_word' id='word_1_244' title='bbox 354 1890 396 1918; x_wconf 91' lang='lat' dir='ltr'><strong>ut</strong></span> <span class='ocrx_word' id='word_1_245' title='bbox 419 1886 496 1918; x_wconf 86' lang='lat' dir='ltr'><strong>eius</strong></span> <span class='ocrx_word' id='word_1_246' title='bbox 536 1885 765 1918; x_wconf 77' lang='lat' dir='ltr'><strong>eminentiori</strong></span> <span class='ocrx_word' id='word_1_247' title='bbox 791 1890 897 1930; x_wconf 85' lang='lat' dir='ltr'><strong>atque</strong></span> <span class='ocrx_word' id='word_1_248' title='bbox 923 1884 1127 1929; x_wconf 87' lang='lat' dir='ltr'><strong>capitaliori</strong></span> <span class='ocrx_word' id='word_1_249' title='bbox 1158 1885 1253 1928; x_wconf 86' lang='lat' dir='ltr'><strong>parti</strong></span> <span class='ocrx_word' id='word_1_250' title='bbox 1295 1885 1494 1929; x_wconf 79' lang='lat' dir='ltr'><strong>aegrotanti</strong></span> <span class='ocrx_word' id='word_1_251' title='bbox 1527 1894 1570 1916; x_wconf 83' lang='lat' dir='ltr'><strong>ea</strong></span> 
     </span>
     <span class='ocr_line' id='line_1_29' title="bbox 149 1930 1571 1976; baseline -0.001 -12"><span class='ocrx_word' id='word_1_252' title='bbox 149 1931 293 1970; x_wconf 87' lang='lat' dir='ltr'><strong>onmia,</strong></span> <span class='ocrx_word' id='word_1_253' title='bbox 326 1942 418 1976; x_wconf 88' lang='lat' dir='ltr'><strong>quae</strong></span> <span class='ocrx_word' id='word_1_254' title='bbox 442 1932 569 1964; x_wconf 85' lang='lat' dir='ltr'><strong>vitium</strong></span> <span class='ocrx_word' id='word_1_255' title='bbox 606 1942 729 1964; x_wconf 85' lang='lat' dir='ltr'><strong>sanare</strong></span> <span class='ocrx_word' id='word_1_256' title='bbox 756 1937 792 1963; x_wconf 85' lang='lat' dir='ltr'><strong>et</strong></span> <span class='ocrx_word' id='word_1_257' title='bbox 822 1932 1062 1975; x_wconf 82' lang='lat' dir='ltr'><strong>integritatem</strong></span> <span class='ocrx_word' id='word_1_258' title='bbox 1094 1941 1306 1964; x_wconf 78' lang='lat' dir='ltr'><strong>conservare</strong></span> <span class='ocrx_word' id='word_1_259' title='bbox 1324 1930 1464 1969; x_wconf 83' lang='lat' dir='ltr'><strong>valent,</strong></span> <span class='ocrx_word' id='word_1_260' title='bbox 1495 1939 1571 1962; x_wconf 88' lang='lat' dir='ltr'><strong>non</strong></span> 
     </span>
     <span class='ocr_line' id='line_1_30' title="bbox 149 1975 1571 2022; baseline 0 -14"><span class='ocrx_word' id='word_1_261' title='bbox 149 1976 326 2020; x_wconf 82' lang='lat' dir='ltr'><strong>applicet,</strong></span> <span class='ocrx_word' id='word_1_262' title='bbox 364 1977 628 2022; x_wconf 84' lang='lat' dir='ltr'><strong>defluviumque</strong></span> <span class='ocrx_word' id='word_1_263' title='bbox 667 1978 842 2009; x_wconf 79' lang='lat' dir='ltr'><strong>minantia</strong></span> <span class='ocrx_word' id='word_1_264' title='bbox 875 1982 911 2009; x_wconf 90' lang='lat' dir='ltr'><strong>et</strong></span> <span class='ocrx_word' id='word_1_265' title='bbox 936 1976 982 2009; x_wconf 95' lang='lat' dir='ltr'><strong>ob</strong></span> <span class='ocrx_word' id='word_1_266' title='bbox 1013 1976 1195 2009; x_wconf 80' lang='lat' dir='ltr'><strong>turbatum</strong></span> <span class='ocrx_word' id='word_1_267' title='bbox 1230 1975 1392 2009; x_wconf 83' lang='lat' dir='ltr'><strong>ordinem</strong></span> <span class='ocrx_word' id='word_1_268' title='bbox 1415 1975 1571 2009; x_wconf 84' lang='lat' dir='ltr'><strong>resoluta</strong></span> 
     </span>
     <span class='ocr_line' id='line_1_31' title="bbox 149 2021 1570 2067; baseline 0 -13"><span class='ocrx_word' id='word_1_269' title='bbox 149 2022 345 2066; x_wconf 80' lang='lat' dir='ltr'><strong>pendentia</strong></span> <span class='ocrx_word' id='word_1_270' title='bbox 376 2034 450 2056; x_wconf 88' lang='lat' dir='ltr'><strong>non</strong></span> <span class='ocrx_word' id='word_1_271' title='bbox 482 2029 582 2067; x_wconf 84' lang='lat' dir='ltr'><strong>cogat</strong></span> <span class='ocrx_word' id='word_1_272' title='bbox 608 2028 644 2056; x_wconf 91' lang='lat' dir='ltr'><strong>et</strong></span> <span class='ocrx_word' id='word_1_273' title='bbox 676 2025 896 2067; x_wconf 83' lang='lat' dir='ltr'><strong>compingat:</strong></span> <span class='ocrx_word' id='word_1_274' title='bbox 930 2022 992 2055; x_wconf 87' lang='lat' dir='ltr'><strong>ille</strong></span> <span class='ocrx_word' id='word_1_275' title='bbox 1016 2034 1094 2055; x_wconf 91' lang='lat' dir='ltr'><strong>meo</strong></span> <span class='ocrx_word' id='word_1_276' title='bbox 1129 2021 1272 2067; x_wconf 87' lang='lat' dir='ltr'><strong>quidem</strong></span> <span class='ocrx_word' id='word_1_277' title='bbox 1294 2021 1428 2054; x_wconf 87' lang='lat' dir='ltr'><strong>iudicio</strong></span> <span class='ocrx_word' id='word_1_278' title='bbox 1451 2032 1570 2066; x_wconf 82' lang='lat' dir='ltr'><strong>popu·</strong></span> 
     </span>
     <span class='ocr_line' id='line_1_32' title="bbox 150 2067 1569 2114; baseline -0.001 -14"><span class='ocrx_word' id='word_1_279' title='bbox 150 2068 224 2101; x_wconf 89' lang='lat' dir='ltr'><strong>lum</strong></span> <span class='ocrx_word' id='word_1_280' title='bbox 249 2080 394 2114; x_wconf 85' lang='lat' dir='ltr'><strong>quoque</strong></span> <span class='ocrx_word' id='word_1_281' title='bbox 418 2070 533 2112; x_wconf 84' lang='lat' dir='ltr'><strong>ipsum</strong></span> <span class='ocrx_word' id='word_1_282' title='bbox 558 2069 728 2114; x_wconf 81' lang='lat' dir='ltr'><strong>negligit,</strong></span> <span class='ocrx_word' id='word_1_283' title='bbox 769 2074 805 2102; x_wconf 86' lang='lat' dir='ltr'><strong>et</strong></span> <span class='ocrx_word' id='word_1_284' title='bbox 827 2073 943 2101; x_wconf 87' lang='lat' dir='ltr'><strong>totum</strong></span> <span class='ocrx_word' id='word_1_285' title='bbox 966 2069 1080 2101; x_wconf 82' lang='lat' dir='ltr'><strong>civilis</strong></span> <span class='ocrx_word' id='word_1_286' title='bbox 1105 2067 1212 2101; x_wconf 78' lang='lat' dir='ltr'><strong>huius</strong></span> <span class='ocrx_word' id='word_1_287' title='bbox 1236 2068 1416 2100; x_wconf 80' lang='lat' dir='ltr'><strong>societatis</strong></span> <span class='ocrx_word' id='word_1_288' title='bbox 1442 2077 1569 2111; x_wconf 82' lang='lat' dir='ltr'><strong>corpus</strong></span> 
     </span>
     <span class='ocr_line' id='line_1_33' title="bbox 150 2113 1570 2159; baseline -0.002 -11"><span class='ocrx_word' id='word_1_289' title='bbox 150 2114 255 2148; x_wconf 85' lang='lat' dir='ltr'><strong>simul</strong></span> <span class='ocrx_word' id='word_1_290' title='bbox 279 2114 441 2148; x_wconf 83' lang='lat' dir='ltr'><strong>destruit.</strong></span> <span class='ocrx_word' id='word_1_291' title='bbox 492 2116 598 2148; x_wconf 81' lang='lat' dir='ltr'><strong>Primi</strong></span> <span class='ocrx_word' id='word_1_292' title='bbox 622 2119 686 2149; x_wconf 84' lang='lat' dir='ltr'><strong>&#39;nos</strong></span> <span class='ocrx_word' id='word_1_293' title='bbox 712 2117 835 2159; x_wconf 88' lang='lat' dir='ltr'><strong>itaque</strong></span> <span class='ocrx_word' id='word_1_294' title='bbox 860 2115 904 2147; x_wconf 86' lang='lat' dir='ltr'><strong>ad</strong></span> <span class='ocrx_word' id='word_1_295' title='bbox 928 2113 1020 2147; x_wconf 88' lang='lat' dir='ltr'><strong>hanc</strong></span> <span class='ocrx_word' id='word_1_296' title='bbox 1044 2119 1212 2148; x_wconf 82' lang='lat' dir='ltr'><strong>tentatam</strong></span> <span class='ocrx_word' id='word_1_297' title='bbox 1235 2114 1406 2147; x_wconf 88' lang='lat' dir='ltr'><strong>hactenus</strong></span> <span class='ocrx_word' id='word_1_298' title='bbox 1432 2113 1570 2146; x_wconf 82' lang='lat' dir='ltr'><strong>nemini</strong></span> 
     </span>
     <span class='ocr_line' id='line_1_34' title="bbox 149 2159 1568 2206; baseline 0 -14"><span class='ocrx_word' id='word_1_299' title='bbox 149 2166 285 2204; x_wconf 81' lang='lat' dir='ltr'><strong>partem</strong></span> <span class='ocrx_word' id='word_1_300' title='bbox 305 2163 389 2194; x_wconf 73' lang='lat' dir='ltr'><strong>&#39;eius</strong></span> <span class='ocrx_word' id='word_1_301' title='bbox 422 2161 655 2205; x_wconf 83' lang='lat' dir='ltr'><strong>disciplinae,</strong></span> <span class='ocrx_word' id='word_1_302' title='bbox 691 2172 785 2206; x_wconf 90' lang='lat' dir='ltr'><strong>quae</strong></span> <span class='ocrx_word' id='word_1_303' title='bbox 818 2161 863 2195; x_wconf 92' lang='lat' dir='ltr'><strong>de</strong></span> <span class='ocrx_word' id='word_1_304' title='bbox 886 2160 1024 2194; x_wconf 78' lang='lat' dir='ltr'><strong>vicibus</strong></span> <span class='ocrx_word' id='word_1_305' title='bbox 1047 2161 1266 2204; x_wconf 10' lang='lat' dir='ltr'><strong>muniisque?</strong></span> <span class='ocrx_word' id='word_1_306' title='bbox 1287 2159 1446 2192; x_wconf 82' lang='lat' dir='ltr'><strong>civilium</strong></span> <span class='ocrx_word' id='word_1_307' title='bbox 1470 2159 1568 2192; x_wconf 86' lang='lat' dir='ltr'><strong>ordi-</strong></span> 
     </span>
     <span class='ocr_line' id='line_1_35' title="bbox 139 2205 1568 2251; baseline -0.001 -13"><span class='ocrx_word' id='word_1_308' title='bbox 139 2208 236 2238; x_wconf 79' lang='lat' dir='ltr'><strong>&#39;num</strong></span> <span class='ocrx_word' id='word_1_309' title='bbox 269 2206 402 2247; x_wconf 84' lang='lat' dir='ltr'><strong>tradit,</strong></span> <span class='ocrx_word' id='word_1_310' title='bbox 435 2219 500 2240; x_wconf 83' lang='lat' dir='ltr'><strong>nos</strong></span> <span class='ocrx_word' id='word_1_311' title='bbox 532 2209 768 2248; x_wconf 85' lang='lat' dir='ltr'><strong>accinximus,</strong></span> <span class='ocrx_word' id='word_1_312' title='bbox 801 2218 844 2240; x_wconf 88' lang='lat' dir='ltr'><strong>ea</strong></span> <span class='ocrx_word' id='word_1_313' title='bbox 875 2208 1014 2240; x_wconf 86' lang='lat' dir='ltr'><strong>ratione</strong></span> <span class='ocrx_word' id='word_1_314' title='bbox 1049 2207 1200 2250; x_wconf 88' lang='lat' dir='ltr'><strong>imperio</strong></span> <span class='ocrx_word' id='word_1_315' title='bbox 1233 2205 1379 2251; x_wconf 86' lang='lat' dir='ltr'><strong>quidem</strong></span> <span class='ocrx_word' id='word_1_316' title='bbox 1418 2216 1460 2238; x_wconf 89' lang='lat' dir='ltr'><strong>eo</strong></span> <span class='ocrx_word' id='word_1_317' title='bbox 1487 2205 1568 2248; x_wconf 86' lang='lat' dir='ltr'><strong>plns</strong></span> 
     </span>
     <span class='ocr_line' id='line_1_36' title="bbox 151 2251 1569 2295; baseline -0.001 -12"><span class='ocrx_word' id='word_1_318' title='bbox 151 2253 343 2287; x_wconf 81' lang='lat' dir='ltr'><strong>maiestatis</strong></span> <span class='ocrx_word' id='word_1_319' title='bbox 382 2258 418 2286; x_wconf 91' lang='lat' dir='ltr'><strong>et</strong></span> <span class='ocrx_word' id='word_1_320' title='bbox 448 2255 593 2286; x_wconf 84' lang='lat' dir='ltr'><strong>terroris</strong></span> <span class='ocrx_word' id='word_1_321' title='bbox 626 2252 807 2295; x_wconf 80' lang='lat' dir='ltr'><strong>addituri3</strong></span> <span class='ocrx_word' id='word_1_322' title='bbox 848 2254 1027 2286; x_wconf 86' lang='lat' dir='ltr'><strong>senatorio</strong></span> <span class='ocrx_word' id='word_1_323' title='bbox 1061 2257 1177 2285; x_wconf 84' lang='lat' dir='ltr'><strong>autem</strong></span> <span class='ocrx_word' id='word_1_324' title='bbox 1211 2251 1331 2285; x_wconf 87' lang='lat' dir='ltr'><strong>coetui</strong></span> <span class='ocrx_word' id='word_1_325' title='bbox 1362 2251 1503 2295; x_wconf 87' lang='lat' dir='ltr'><strong>totique</strong></span> <span class='ocrx_word' id='word_1_326' title='bbox 1528 2252 1569 2282; x_wconf 89' lang='lat' dir='ltr'><strong>in</strong></span> 
     </span>
     <span class='ocr_line' id='line_1_37' title="bbox 153 2292 1569 2343; baseline -0.001 -15"><span class='ocrx_word' id='word_1_327' title='bbox 153 2292 355 2331; x_wconf 43' lang='lat' dir='ltr'><strong>unirer-sum</strong></span> <span class='ocrx_word' id='word_1_328' title='bbox 384 2300 530 2343; x_wconf 85' lang='lat' dir='ltr'><strong>&#39;parenti</strong></span> <span class='ocrx_word' id='word_1_329' title='bbox 553 2299 779 2332; x_wconf 87' lang='lat' dir='ltr'><strong>multitudini</strong></span> <span class='ocrx_word' id='word_1_330' title='bbox 803 2299 899 2332; x_wconf 82' lang='lat' dir='ltr'><strong>vitae</strong></span> <span class='ocrx_word' id='word_1_331' title='bbox 929 2305 1038 2343; x_wconf 87' lang='lat' dir='ltr'><strong>atque</strong></span> <span class='ocrx_word' id='word_1_332' title='bbox 1062 2297 1330 2332; x_wconf 79' lang='lat' dir='ltr'><strong>consuetudinis</strong></span> <span class='ocrx_word' id='word_1_333' title='bbox 1358 2303 1503 2329; x_wconf 87' lang='lat' dir='ltr'><strong>mutuae</strong></span> <span class='ocrx_word' id='word_1_334' title='bbox 1527 2295 1569 2327; x_wconf 88' lang='lat' dir='ltr'><strong>in</strong></span> 
     </span>
     <span class='ocr_line' id='line_1_38' title="bbox 153 2341 1568 2390; baseline -0.001 -16"><span class='ocrx_word' id='word_1_335' title='bbox 153 2341 280 2376; x_wconf 84' lang='lat' dir='ltr'><strong>decoro</strong></span> <span class='ocrx_word' id='word_1_336' title='bbox 305 2343 429 2377; x_wconf 85' lang='lat' dir='ltr'><strong>ordine</strong></span> <span class='ocrx_word' id='word_1_337' title='bbox 453 2349 560 2389; x_wconf 85' lang='lat' dir='ltr'><strong>atque</strong></span> <span class='ocrx_word' id='word_1_338' title='bbox 583 2345 852 2390; x_wconf 83' lang='lat' dir='ltr'><strong>,tranquillitate</strong></span> <span class='ocrx_word' id='word_1_339' title='bbox 875 2345 1121 2389; x_wconf 78' lang='lat' dir='ltr'><strong>transigendae</strong></span> <span class='ocrx_word' id='word_1_340' title='bbox 1152 2345 1288 2388; x_wconf 87' lang='lat' dir='ltr'><strong>copiam</strong></span> <span class='ocrx_word' id='word_1_341' title='bbox 1312 2343 1463 2381; x_wconf 83' lang='lat' dir='ltr'><strong>facturi,</strong></span> <span class='ocrx_word' id='word_1_342' title='bbox 1496 2351 1568 2385; x_wconf 88' lang='lat' dir='ltr'><strong>quo</strong></span> 
     </span>
     <span class='ocr_line' id='line_1_39' title="bbox 153 2387 1567 2435; baseline -0.001 -16"><span class='ocrx_word' id='word_1_343' title='bbox 153 2388 422 2431; x_wconf 74' lang='lat' dir='ltr'><strong>spectabiliores</strong></span> <span class='ocrx_word' id='word_1_344' title='bbox 441 2390 736 2435; x_wconf 84' lang='lat' dir='ltr'><strong>honestioresque</strong></span> <span class='ocrx_word' id='word_1_345' title='bbox 762 2391 911 2431; x_wconf 87' lang='lat' dir='ltr'><strong>redditi,</strong></span> <span class='ocrx_word' id='word_1_346' title='bbox 949 2391 1150 2434; x_wconf 84' lang='lat' dir='ltr'><strong>principum</strong></span> <span class='ocrx_word' id='word_1_347' title='bbox 1173 2400 1314 2431; x_wconf 65' lang='lat' dir='ltr'><strong>suorum</strong></span> <span class='ocrx_word' id='word_1_348' title='bbox 1338 2398 1490 2420; x_wconf 87' lang='lat' dir='ltr'><strong>amorem</strong></span> <span class='ocrx_word' id='word_1_349' title='bbox 1514 2387 1567 2419; x_wconf 87' lang='lat' dir='ltr'><strong>ci-</strong></span> 
     </span>
     <span class='ocr_line' id='line_1_40' title="bbox 152 2433 1567 2480; baseline 0.003 -16"><span class='ocrx_word' id='word_1_350' title='bbox 152 2434 322 2479; x_wconf 76' lang='lat' dir='ltr'><strong>viumquc</strong></span> <span class='ocrx_word' id='word_1_351' title='bbox 350 2440 386 2468; x_wconf 88' lang='lat' dir='ltr'><strong>et</strong></span> <span class='ocrx_word' id='word_1_352' title='bbox 407 2437 611 2480; x_wconf 84' lang='lat' dir='ltr'><strong>aequalium</strong></span> <span class='ocrx_word' id='word_1_353' title='bbox 634 2436 900 2470; x_wconf 86' lang='lat' dir='ltr'><strong>venerationem</strong></span> <span class='ocrx_word' id='word_1_354' title='bbox 923 2441 1135 2479; x_wconf 86' lang='lat' dir='ltr'><strong>mereantur,</strong></span> <span class='ocrx_word' id='word_1_355' title='bbox 1162 2437 1290 2471; x_wconf 74' lang='lat' dir='ltr'><strong>exteris</strong></span> <span class='ocrx_word' id='word_1_356' title='bbox 1312 2439 1431 2469; x_wconf 82' lang='lat' dir='ltr'><strong>autem</strong></span> <span class='ocrx_word' id='word_1_357' title='bbox 1454 2433 1493 2468; x_wconf 79' lang='lat' dir='ltr'><strong>iu</strong></span> <span class='ocrx_word' id='word_1_358' title='bbox 1506 2442 1567 2465; x_wconf 68' lang='lat'><strong>⁹¹⁸</strong></span> 
     </span>
     <span class='ocr_line' id='line_1_41' title="bbox 155 2480 639 2527; baseline 0.012 -16"><span class='ocrx_word' id='word_1_359' title='bbox 155 2484 262 2524; x_wconf 86' lang='lat' dir='ltr'><strong>atque</strong></span> <span class='ocrx_word' id='word_1_360' title='bbox 298 2480 530 2527; x_wconf 83' lang='lat' dir='ltr'><strong>admiratione</strong></span> <span class='ocrx_word' id='word_1_361' title='bbox 557 2483 639 2517; x_wconf 82' lang='lat' dir='ltr'><strong>sint.</strong></span> 
     </span>
    </p>
   </div>
  </div>
 </body>
</html>
