1878 3112
296 137 322 193 7
337 137 406 192 70
565 132 924 177 CONSTANTINI
962 129 1447 173 PORPHYROGENITI

294 235 398 292 μετὰ
438 239 521 279 τῶν
551 236 712 278 οἰκείων
753 231 1069 286 α’λλαξιμάτων,
1117 230 1224 288 πλὴν
1256 234 1327 274 καί
1359 233 1584 286 χλανίδος·
1641 231 1741 282 τούς

257 306 343 347 (ἰδὲ
373 300 778 357 πρωτοσπαθαρίους
806 298 916 354 μετὰ
945 298 1123 341 σπεκίων
1151 300 1223 340 καί
1246 298 1390 354 ῥωέων
1418 297 1588 354 σαγίων·
1643 297 1741 348 τούς

295 372 341 413 δὲ
379 365 618 424 βασιλικοὺς
655 365 760 420 μετὰ
803 369 888 408 τῶν
923 363 1249 420 σκαραμαγγίων
1285 363 1356 406 καί
1388 364 1529 418 μόνον.
1583 366 1656 406 ἐπὶ
1694 365 1742 407 δὲ

289 443 385 486 ταῖς
412 435 522 477 κάτω
547 436 752 489 τέσσαρσι
778 434 861 474 τῶν
899 433 1102 487 καμαρῶν
1139 431 1369 487 τραπέζαις
1408 432 1478 472 δεῖ
1498 429 1614 486 ἡμᾶς
1641 446 1742 485 συγ-

295 507 436 544 καλεῖν
463 498 710 556 βασιλικούς
747 495 1025 546 κανδιδάτους
1064 496 1137 539 καὶ
1172 493 1443 553 μανδάτορας
1470 498 1543 538 καί
1564 495 1768 553 μικρούς5

287 565 507 625 ἄρχοντας
533 567 609 609 τοῦ
635 565 841 620 τάγματος
869 566 953 606 τῶν
983 559 1146 618 σχολῶν
1163 597 1175 616 ,
1211 562 1284 606 τὸν
1312 560 1499 620 ἀριθμὸν
1527 560 1600 617 οβ’·
1657 563 1744 605 εἷσ-

291 633 407 689 άγειν
438 635 485 676 δὲ
515 630 671 681 αὕτοὺς
709 628 819 685 μετὰ
856 632 938 673 τῶν
964 631 1126 672 οἰκείων
1165 629 1489 685 σκαραμαγγίων
1517 627 1591 671 καὶ
1614 630 1746 671 ἄλλα·

292 698 495 755 ξιμάτων.
550 700 602 756 τῇ
631 699 677 740 δὲ
703 695 877 754 τετάρτῃ
908 696 1046 754 ἡμέρᾳ
1077 697 1148 750 τῆς
1187 695 1317 750 αὐτῆς
1354 695 1538 750 εὐωχίας
1565 699 1746 738 τελεῖται

294 766 448 821 ὅμοίως
477 767 718 822 προέλευσις
757 760 922 818 παγανὴ
949 760 1057 816 μετὰ
1088 761 1379 815 ἄλλαξιμάτων
1417 759 1534 804 ἔνδον
1561 764 1638 804 τοῦ
1658 780 1746 804 -πα-

297 836 472 887 λατίου,
518 833 591 874 καί
627 828 859 885 εἰσάγονται
899 827 951 871 τοὶ
981 830 1230 884 φωτίσματα
1269 827 1352 870 ὑπὸ
1382 830 1459 871 τοῦ
1487 827 1800 886 ὄρφανοτρό-ιο

297 917 408 959 (pov,
453 898 525 941 καί
560 902 739 940 τελεῖται
775 895 820 939 τὸ
860 895 1085 951 κλητιόριον
1114 897 1158 937 ἐν
1186 897 1244 953 τῷ
1271 894 1386 953 αὐτῷ
1419 897 1746 954 χρυσοτρικλίνῳ

297 969 367 1010 ἐπὶ
393 968 467 1021 τῆς
496 965 661 1021 χρυσῆς
685 964 903 1019 τραπέζης.
944 961 1019 1004 καί
1045 963 1115 1004 δεῖ
1136 959 1247 1016 ἡμᾶς
1277 957 1534 1019 εὐτρεπίζειν
1559 961 1620 1011 εἷς
1647 978 1748 1003 συν-

258 1035 490 1076 Βεστίασιν
528 1033 610 1073 τῶν
651 1031 860 1084 βασιλέων
886 1030 1061 1085 φίλους,
1109 1024 1192 1069 ἀπὸ
1230 1029 1301 1083 τῆς
1337 1027 1489 1079 τάξεως
1515 1029 1597 1070 τῶν
1622 1026 1749 1082 μαγί-

298 1115 460 1154 στρων,
497 1098 725 1152 πατρικίων
762 1093 843 1137 σύν
883 1094 958 1136 τοῦ
991 1095 1234 1147 ὃομεστίκου
1263 1094 1346 1136 τῶν
1372 1094 1649 1148 ἔξσκουβίτων
1676 1095 1750 1135 καί

100 1178 167 1213 Ms.
183 1176 288 1222 2541)
301 1167 382 1207 τῶν
411 1164 540 1205 αὐτοῦ
567 1158 810 1218 σκριβώνων
837 1159 943 1202 κατοὶ
973 1159 1047 1203 τὸν
1075 1162 1364 1216 προλεχθέντα
1391 1158 1543 1214 τύπον,
1571 1158 1800 1205 naida-15

297 1231 416 1286 α’γειν
445 1226 599 1276 αὕτοὺς
645 1228 718 1268 καί
744 1226 934 1280 ἐξάγειν,
974 1224 1089 1268 καθὰ
1119 1223 1298 1281 εἴρηται.
1354 1225 1427 1268 ἐπὶ
1452 1227 1500 1268 δὲ
1525 1230 1617 1274 ταῖς
1643 1222 1748 1267 κατὰ

295 1299 379 1339 τῶν
406 1296 611 1350 καμαρῶν
651 1294 879 1349 τραπέζαις
907 1293 978 1333 δεῖ
999 1291 1112 1346 ἡμᾶς
1138 1295 1360 1345 συγκαλεῖν
1388 1293 1434 1333 ἐκ
1461 1293 1547 1334 τῶν
1573 1293 1750 1345 λεχθέν-

299 1374 384 1406 των
421 1362 650 1417 βασιλικῶν
698 1357 938 1413 ἀνθρώπων
995 1357 1069 1400 καί
1106 1359 1192 1400 τῶν
1231 1358 1391 1413 μικρῶν
1428 1354 1647 1412 ἀρχόντων
1673 1357 1750 1398 τοῦ

300 1430 566 1482 ἔξσκουβίτου
609 1424 680 1468 τὸν
712 1423 898 1480 ἀριθμὸν
927 1422 1000 1478 οβ’,
1044 1422 1118 1465 καὶ
1143 1420 1325 1478 εἰσάγειν
1362 1418 1514 1473 αὖτοῦς
1540 1419 1644 1464 κατὰ
1673 1419 1749 1464 τὸν

300 1494 587 1549 προλεχθέντα
626 1487 769 1534 τύπον.
822 1492 875 1548 τῇ
906 1490 953 1531 δέ
980 1489 1144 1547 πέμπτῃ
1173 1487 1308 1547 ἡμέρα
1337 1491 1413 1545 τῆς
1441 1485 1568 1545 αὖτῆς
1594 1489 1803 1532 narde-20

302 1562 397 1608 σίας
426 1560 659 1614 εἰσέρχεται
690 1554 712 1598 ὃ
740 1555 1002 1612 πατριάρχης
1033 1553 1137 1610 μετὰ
1163 1556 1245 1598 τῶν
1273 1555 1409 1596 αὕτοῦ
1434 1555 1750 1611 μητροπολιτῶν

108 1626 456 1681 Ειι.ῑ,.446ὃοῦναι
493 1623 656 1679 ἀγάπην
683 1625 743 1680 τῷ
769 1625 962 1677 βασιλεῖ,
1008 1620 1081 1664 καί
1103 1625 1278 1664 τελεῖται
1308 1621 1553 1677 προέλευσις
1582 1616 1747 1674 παγανῆ

309 1772 422 1805 cimus
461 1774 498 1804 et
534 1771 739 1812 educimus,
790 1770 990 1803 senatorios
1026 1768 1175 1815 quidem
1218 1768 1314 1803 viros
1348 1768 1532 1814 campagia
1567 1769 1749 1812 gestantes

309 1829 432 1853 omncs
458 1819 496 1851 in
520 1819 592 1851 suis
618 1817 843 1858 mutatoriis,
867 1816 1006 1862 absque
1024 1817 1176 1859 tunicis;
1199 1815 1510 1861 protospatharios
1531 1820 1653 1849 autem
1668 1823 1749 1847 cum

310 1866 441 1910 speciis
467 1869 504 1898 et
522 1864 632 1898 russis
656 1865 767 1910 sagis3
791 1864 998 1910 imperiales
1022 1863 1187 1897 homines
1213 1874 1293 1896 cum
1315 1862 1569 1907 scaramangiis
1593 1866 1748 1895 tantum.

310 1913 366 1946 Ad
391 1912 581 1945 inferiores
607 1917 728 1945 autem
760 1916 914 1956 quatuor
946 1911 1126 1944 fornicum
1149 1921 1290 1944 mensas
1317 1909 1497 1943 invitandi
1521 1914 1607 1942 suut
1629 1906 1751 1952 impe-

311 1960 418 1992 riales
445 1957 650 2000 candidati,
686 1957 912 1992 mandatores
951 1962 987 1990 ct
1010 1958 1168 1991 minores
1193 1957 1420 2001 magistratus
1445 1955 1583 1990 ordinis
1605 1954 1752 1988 schola—

312 2017 410 2045 rum,
442 2005 481 2038 in
507 2005 713 2038 universum
746 2005 975 2049 septuaginta
1001 2003 1085 2037 duo.
1133 2003 1418 2037 Introducuntur
1443 2009 1480 2037 et
1502 2002 1542 2036 hi
1568 2013 1648 2035 cum
1674 2001 1751 2034 suis

313 2052 566 2095 scaramaugiis
599 2057 636 2084 ct
671 2053 889 2084 mutatoriis.
938 2051 1078 2096 Quarto
1118 2049 1178 2085 die
1215 2049 1378 2084 eiusdem
1410 2048 1625 2084 universalis
1659 2047 1752 2090 regii
1803 2082 1815 2094 ‚

313 2098 469 2132 convivii
495 2099 677 2142 peragitur
702 2099 884 2142 processio
917 2108 1038 2133 rursus
1062 2107 1201 2142 pagana
1234 2098 1274 2129 in
1299 2097 1503 2130 mutatoriis
1525 2095 1622 2129 intra
1647 2093 1751 2138 pala-

313 2145 427 2184 tium,
465 2149 502 2176 ct
525 2144 807 2178 introducuntur
841 2143 1057 2188 photismata
1084 2145 1171 2187 [seu
1195 2145 1299 2188 pueri
1325 2142 1478 2188 orphani
1502 2141 1542 2174 in
1565 2141 1660 2174 albis
1683 2140 1751 2174 ba—

312 2189 543 2235 ptismalibus
568 2190 721 2224 indusiis
739 2215 748 2231 ‚
783 2201 903 2223 cereos
928 2189 1139 2236 tenentes,]
1167 2190 1212 2222 ab
1238 2187 1557 2234 orphanotropho,
1580 2192 1619 2221 et
1641 2187 1751 2221 insti·

311 2239 427 2270 tuitur
451 2237 653 2271 convivium
681 2237 719 2269 in
743 2237 822 2281 ipso
848 2235 1120 2278 chrysotriclino
1145 2246 1255 2281 super
1278 2246 1388 2268 aurea
1412 2235 1557 2277 tabula3
1582 2233 1629 2268 ad
1651 2233 1752 2280 quod

311 2282 494 2316 invitandi
519 2282 623 2316 nobis
649 2287 734 2316 sunt
755 2283 861 2316 amici
886 2283 1116 2327 Imperatoris
1142 2282 1188 2315 ab
1219 2282 1346 2316 ordine
1380 2281 1466 2316 inde
1502 2283 1752 2326 magistrorum

313 2337 350 2364 et
378 2330 430 2362 sic
450 2339 557 2374 porro
583 2330 746 2374 patricii,
782 2328 1000 2363 domesticus
1027 2328 1278 2363 excubitorum
1310 2330 1461 2375 eiusque
1485 2327 1670 2363 scribones
1693 2338 1753 2361 se-

313 2376 472 2410 cundum
495 2376 686 2409 formulam
712 2376 990 2422 praescriptam,
1016 2387 1151 2421 eosque
1175 2381 1319 2421 oportet
1341 2376 1449 2410 modo
1474 2376 1545 2410 iam
1571 2374 1668 2408 dicto
1693 2376 1752 2408 in-

312 2423 502 2456 troducere
516 2427 553 2455 ct
565 2421 727 2456 educere.
751 2421 807 2456 Ad
831 2434 972 2456 mensas
997 2434 1082 2457 vero
1107 2423 1299 2456 inferiores
1324 2422 1391 2456 sub
1415 2421 1616 2457 fornicibus
1632 2421 1752 2457 eollo·

314 2475 409 2503 catas
445 2479 613 2503 vocamus
645 2469 808 2503 homines
841 2472 1070 2515 septuaginta
1095 2469 1166 2504 duo
1193 2468 1237 2503 de
1262 2469 1389 2504 ordine
1414 2467 1610 2503 eorundem
1633 2469 1752 2512 impe-

313 2517 460 2550 rialium
498 2516 686 2550 hominum
733 2521 770 2548 et
803 2517 983 2550 minorum
1015 2518 1288 2562 magistratuum
1325 2516 1585 2551 excubitorum.
1632 2514 1752 2550 Etiam

313 2563 353 2596 hi
388 2563 485 2596 dicto
524 2562 632 2595 modo
665 2562 944 2597 introducuntur
980 2569 1017 2598 et
1052 2564 1264 2600 educuntur.
1317 2563 1456 2607 Quinto
1490 2562 1552 2596 die
1586 2559 1752 2595 eiusdem

317 2609 532 2643 universalis
569 2609 660 2654 regii
693 2610 848 2650 convivii
880 2611 1026 2644 advenit
1055 2610 1255 2657 patriarcha
1293 2622 1374 2644 cum
1405 2611 1478 2644 suis
1509 2607 1751 2654 metropolitis

318 2656 363 2689 ad
390 2656 547 2689 dandum
574 2656 787 2701 Imperatori
813 2667 950 2702 agapen
985 2668 1047 2691 seu
1074 2657 1234 2691 osculum
1265 2658 1384 2702 pacis,
1408 2657 1664 2701 peragiturque
1685 2664 1753 2698 pa-

315 2715 404 2748 gana
430 2704 612 2749 processio
640 2703 678 2736 in
710 2705 914 2739 mutatoriis
952 2705 1044 2739 intra
1078 2704 1277 2751 palatium3
1313 2703 1519 2750 assidctque
1547 2699 1752 2748 patriarcha
