1884 3112
850 0 886 37 Ι

255 67 363 133 248
529 85 887 126 CONSTANTINI
926 82 1411 127 PORPHYROGENITI

240 185 324 229 'rofi
349 188 571 240 μέλλοντος
597 188 912 242 προβληθῆναι,
953 184 978 226 ὅ
1000 187 1046 228 δὲ
1077 183 1344 242 πραιπὸσιτος
1377 189 1545 230 ἵσταται
1568 188 1696 240 μέσον

248 257 326 295 τοῦ
366 253 581 308 σεκρέτου,
631 250 706 292 καί
738 250 1053 306 προσκυνήσας,
1091 251 1273 302 ἐξελθών
1307 251 1413 306 μετά
1438 249 1520 294 ’δύο
1553 253 1720 294 ‹forta-'³

252 319 386 373 ρίων,
409 320 723 373 ’προσκαλεῖται
764 315 914 369 αὐτόν,
959 317 1034 359 καὶ
1070 316 1253 372 εἰσάγει,
1299 319 1511 375 φοροῦντα
1550 319 1717 372 σαγίον

255 384 371 440 ῥοῆς.
425 383 627 438 κρατοῦσι
654 382 700 423 δὲ
727 380 856 424 αὐτὸν
877 378 958 435 ὁζτε
977 384 1050 438 τῆς
1069 381 1360 434 καταστάσεως
1391 385 1467 426 καί
1493 379 1698 426 σιλεντιά-

255 466 367 504 ριος,
416 447 489 489 καί
521 447 685 490 ἱστᾶσιν
723 447 852 491 αὐτὸν
881 451 1010 502 μέσον
1033 452 1110 491 τοῦ
1141 452 1334 506 σεκρέτου
1362 448 1599 506 ἔμπροσθεν
1621 453 1723 501 τοῦ5

253 516 484 570 βασιλέως,
515 511 536 554 ὃ
566 515 613 555 δὲ
642 515 916 570 πραιπόσιτος
943 514 1144 557 εἰσελθών
1171 517 1216 557 ἐν
1237 518 1288 573 τῇ
1315 513 1487 573 καμάρᾳ
1523 515 1596 557 καὶ
1621 513 1699 564 τάς

253 581 416 630 πλάκας
440 578 556 636 παρά
585 581 663 622 τοῦ
696 581 897 637 δευτέρου
930 579 1095 634 λαβών,
1125 581 1367 624 §mammam
1387 580 1519 630 αὐτάς
1546 583 1603 639 τῷ
1619 584 1701 635 βα..

253 651 376 689 σιλεῖ.
433 640 582 702 ἄγουσι
609 648 654 689 δὲ
689 645 761 690 τὸν
789 649 992 700 μέλλοντα
1022 649 1316 704 προβληθῆναι
1346 647 1369 690 ὅ
1393 650 1467 704 τῆς
1491 647 1701 690 καταστά-

251 728 359 762 σεως
387 713 462 755 καί
487 710 830 769 ὃσιλεντιάριος,
858 715 933 755 καί
959 713 1181 770 ῥίπτουσιν
1209 712 1338 756 αὐτὸν
1365 715 1425 765 εἷς
1440 714 1540 764 τούς
1566 711 1700 762 πόδας

195 785 197 787 ’
215 793 242 828 c
257 781 334 820 τοῦ
352 780 571 834 βασιλέως,
599 780 674 821 καί
691 779 983 836 προσκυνήσας
1005 776 1236 832 ἇσπάζεται
1257 777 1424 834 αὖτούς,
1447 777 1537 823 εἶτα
1551 778 1604 822 τὰ
1627 779 1752 836 γό-ἰο

251 862 358 888 νατα
384 841 541 899 αὐτοῦ,
570 841 661 887 εἶτα
689 843 831 900 λαβών
857 845 933 896 τὰς
959 848 1121 895 πλάκας
1149 845 1231 888 α’πὸ
1259 849 1335 888 τοῦ
1360 848 1588 900 βασιλέως,
1627 861 1719 902 ‹pt--

254 915 325 953 λεΐ
345 913 419 952 καί
443 910 518 960 τὰς
543 917 694 968 χεῖρας
721 913 869 954 αὗτοῦ.
923 914 997 955 καί
1032 910 1232 967 λαβόντες
1259 909 1387 955 αὖτόν
1414 913 1703 969 ἀποφέρουσιν

255 973 578 1034 ὂπισθοφανῶς,
618 978 693 1020 καί
717 977 890 1021 ἱστῶσιν
918 977 1049 1021 αὐτὸν
1085 979 1215 1032 μέσον
1241 981 1317 1021 τοῦ
1353 979 1551 1035 σεκρὲτου
1599 978 1705 1020 ἄνα-

253 1041 411 1096 μεταξὺ
442 1045 525 1084 τῶν
551 1046 627 1085 τοῦ
653 1045 952 1097 κουβουκλειόυ
988 1042 1226 1101 α’ρχόντων,
1257 1045 1570 1100 διαμερίζονται
1597 1044 1644 1085 δὲ
1662 1040 1703 1084 οἱ

255 1107 550 1167 σιλεντιάριοι,
581 1107 619 1150 οἱ
644 1111 723 1162 μὲν
752 1111 797 1151 ἐκ
825 1111 997 1163 δεξιῶν,
1037 1109 1077 1152 οἱ
1105 1110 1150 1152 δὲ
1180 1111 1224 1161 ἐξ
1250 1110 1499 1163 εὐωνύμων,
1531 1110 1607 1151 καί
1628 1113 1758 1164 lot-15

254 1172 342 1228 βῶν
370 1173 394 1216 ὅ
425 1173 560 1226 δεξιὸς
587 1173 659 1218 τὸν
685 1178 849 1232 πρῶτον
873 1176 1137 1232 μάγιστρον,
1163 1171 1256 1231 ἄγει
1287 1173 1418 1218 αὕτὸν
1444 1177 1519 1217 καί
1543 1177 1715 1231 ἵστησιν

255 1241 301 1283 ἓν
339 1240 398 1298 τῷ
444 1243 565 1298 δεξιῷ
600 1242 723 1298 μέρει
759 1242 838 1282 τοῦ
878 1244 1185 1298 προβληθέντος
1227 1242 1470 1297 πατρικίου,
1517 1242 1705 1290 κάκεΐνος

255 1305 573 1362 προσκυνήσας,
617 1306 923 1363 ὑπερεύχονται
963 1305 1032 1350 τὸν
1073 1309 1279 1362 βασιλέα,
1327 1307 1401 1349 καί
1439 1303 1548 1349 εἶθ-’ἶ
1568 1303 1705 1356 οὕτως

257 1372 490 1429 άπὲρχεται
516 1373 562 1414 ἐν
589 1374 640 1430 τῇ
668 1373 799 1415 αὐτοῦ
829 1371 977 1416 στάσει
1002 1389 1046 1415 τε
1073 1375 1148 1415 καί
1166 1371 1295 1425 τάξει.
1322 1373 1397 1415 καί
1413 1371 1534 1428 ἧνίκα
1557 1372 1726 1429 τελέσῃᾱ

255 1437 333 1493 τὴν
362 1436 494 1494 εὐχὴν
519 1438 595 1480 καί
619 1441 895 1496 εὔχαριστίαν
922 1439 946 1481 ὅ
973 1442 1135 1496 πρῶτος
1160 1437 1409 1495 μάγιστρος,
1437 1439 1600 1487 εὐθέως
1626 1452 1767 1488 new-20·

223 1501 518 1559 Βταλαμβάνει
546 1502 567 1546 ὃ
597 1503 811 1560 ειῖιόνυμος
853 1504 1151 1563 σιλεντιάριος,
1190 1507 1368 1559 εἰσάγων
1402 1502 1632 1561 μάγιστρον
1658 1505 1716 1548 ἐκ·

255 1566 332 1610 τοῦ
361 1567 504 1627 ἑτέρου
530 1572 706 1628 μέρους,
733 1572 810 1614 καὶ
833 1572 993 1628 ἵστησιν
1021 1570 1151 1614 αὕτὸν
1178 1572 1223 1623 ἐξ
1250 1568 1583 1625 εὖωνὺμωντοῢ
1602 1585 1708 1626 προ-

256 1637 478 1691 βληθέντος
519 1639 763 1695 πατρικίου,
812 1639 887 1681 καί
928 1638 1058 1688 αὐτὸς
1095 1637 1377 1694 ὗπερεύχεται
1418 1634 1491 1679 τὸν
1525 1637 1706 1690 βασιλέα

258 1703 602 1759 εἰπευχαριστῶν,
629 1703 748 1761 ἡνίκα
778 1706 824 1747 δὲ
854 1707 1000 1759 μέλλει
1036 1706 1220 1756 ἐξελθεῖν
1247 1703 1268 1746 ὅ
1293 1702 1420 1752 αὐτὸς
1451 1700 1713 1758 μάγιστρος,·

351 1792 383 1826 5.
407 1797 450 1826 et
470 1795 520 1828 13.
547 1795 699 1830 ἵστασιν
723 1794 778 1828 ed.
855 1807 904 1829 ιο.
921 1788 968 1828 τά
988 1805 1058 1828 om.
1086 1793 1165 1827 cod,
1185 1798 1221 1827 et
1247 1792 1302 1826 ed.
1378 1796 1429 1829 18.
1457 1790 1708 1838 ὕπερεύχεται

352 1840 444 1874 coni.
470 1841 507 1874 R.
623 1843 678 1886 24.
703 1842 883 1884 ἐξελθεῖν,
909 1841 932 1877 o‘
955 1836 1071 1880 αὕτός
1093 1841 1311 1888 μα’γιστρος
1334 1839 1466 1878 acatal..
1493 1838 1550 1872 ed.

259 1929 302 1952 eo
327 1923 515 1960 remanet,
553 1921 750 1966 Imperator
779 1932 865 1956 vero
901 1922 1150 1967 praepositum
1181 1924 1286 1956 vocat
1317 1930 1359 1953 ae
1390 1929 1524 1953 nomen
1557 1927 1706 1964 promo-

257 1966 367 2000 vendi
391 1966 463 2011 ipsi
489 1966 646 2009 indicat,
669 1969 898 2014 praepositus
923 1968 963 2002 in
986 1969 1108 2002 medio
1135 1972 1274 2000 secreto
1291 1966 1439 2007 adorat,
1465 1964 1598 1998 deinde
1623 1974 1705 1997 cum

258 2011 402 2045 duobus
428 2012 586 2046 ostiariis
613 2025 792 2057 egressus,
819 2026 903 2048 eum
935 2016 1085 2048 arcessit
1110 2024 1308 2058 sagumque
1333 2012 1483 2045 rubrum
1504 2015 1705 2056 gestantem

257 2057 419 2092 adducit.
469 2059 752 2095 Cerimoniarius
777 2066 813 2094 et
836 2062 1060 2095 silentiarius
1086 2071 1168 2093 eum
1194 2060 1434 2099 comitantur,
1458 2063 1495 2091 et
1519 2059 1559 2090 in
1582 2057 1706 2090 medio

231 2110 397 2143 ηκτοι-εἰσ
422 2116 542 2138 coram
553 2107 772 2152 Imperatore
797 2108 1034 2149 constituunt,
1057 2107 1285 2153 praepositus
1311 2115 1488 2138 cameram
1513 2105 1706 2149 ingressus,

256 2151 401 2185 tabulas
417 2163 438 2184 a
462 2153 712 2187 secundicerio
749 2156 858 2188 sumit
875 2166 1007 2200 easque
1029 2153 1241 2198 Imperatori
1260 2152 1382 2185 tradit.
1406 2150 1602 2185 Adducunt
1618 2161 1709 2185 vero

258 2198 492 2232 candidatum
510 2201 783 2234 cerimoniarius
793 2213 833 2234 ac
845 2201 1079 2242 silentiarius,
1090 2210 1245 2246 eumque
1260 2205 1344 2232 ante
1355 2197 1465 2243 pedes
1475 2197 1706 2243 Imperatoris

256 2251 505 2291 prosternunt,
523 2258 628 2292 quos,
650 2247 862 2281 adoratione
883 2249 990 2289 facta,
1011 2258 1127 2294 aeque
1147 2258 1188 2279 ac
1205 2257 1332 2291 genua,
1351 2245 1484 2278 deinde
1509 2250 1547 2278 et
1565 2255 1706 2286 manus,

257 2292 395 2326 tabulis
409 2293 578 2338 acceptis,
596 2295 790 2327 osculatur.
817 2296 920 2329 Tunc
935 2295 1053 2340 ipsum
1068 2299 1164 2328 retro
1178 2292 1373 2326 abductum
1397 2292 1436 2324 in
1453 2292 1574 2325 medio
1591 2301 1709 2325 secre-

257 2344 297 2372 to
317 2340 414 2374 inter
450 2339 609 2373 cubiculi
630 2341 832 2385 praefectos
859 2342 1096 2382 constituunt,
1114 2341 1184 2386 ipsi
1203 2339 1397 2373 silentiarii
1416 2339 1548 2384 partim
1562 2338 1609 2372 ad
1623 2337 1711 2372 dex-

258 2391 364 2428 tram,
386 2387 519 2432 partim
541 2386 588 2420 ad
607 2387 790 2422 sinistram
810 2387 1013 2429 discedunt,
1034 2398 1189 2433 quorum
1210 2388 1240 2419 is
1253 2413 1262 2427 ,
1280 2386 1345 2432 qui
1366 2384 1412 2418 ad
1429 2385 1592 2418 dextram
1614 2385 1710 2426 stat,

258 2433 418 2478 primum
434 2433 643 2478 magistrum
668 2435 787 2476 ducit,
811 2440 848 2467 et
864 2435 910 2468 ad
930 2435 1090 2469 dextram
1106 2434 1265 2479 promoti
1289 2433 1436 2478 patricii
1459 2433 1606 2473 statuit,
1631 2432 1710 2477 qui,

261 2480 476 2513 adoratione
494 2479 600 2522 saeta,
618 2482 833 2526 Imperatori
851 2493 1020 2527 prospera
1039 2485 1274 2526 apprecatur,
1297 2479 1429 2512 deinde
1449 2478 1497 2512 ad
1515 2480 1711 2512 stationem

262 2538 363 2560 suam
383 2526 623 2574 ordinemque
640 2528 728 2562 abit.
754 2528 922 2562 Precibus
942 2534 1063 2562 autem
1084 2533 1120 2560 et
1141 2527 1283 2561 solenni
1304 2527 1497 2571 gratiarum
1521 2525 1664 2559 actione
1688 2535 1710 2557 a

260 2574 378 2617 primo
403 2574 575 2619 magistro
601 2576 778 2619 peractiS,
817 2577 938 2609 statim
964 2575 1186 2609 silentiarius
1213 2573 1260 2606 ad
1284 2574 1466 2606 sinistram
1492 2573 1711 2606 constitutus

261 2621 471 2663 magistrum
498 2621 543 2654 ab
570 2622 644 2656 alio
669 2622 783 2655 latere
811 2621 980 2663 adducit,
1006 2632 1162 2667 eumque
1187 2622 1232 2654 ad
1257 2620 1439 2653 sinistram
1463 2618 1622 2665 promoti
1644 2629 1712 2664 pa·-

262 2667 357 2699 tricii
383 2667 498 2710 sistit,
525 2669 603 2714 ipse
628 2668 796 2706 solennes
816 2670 1028 2716 Imperatori
1045 2669 1174 2715 gratias
1201 2668 1297 2713 agit,
1321 2667 1512 2714 faustaque
1531 2667 1711 2713 precatui-3
