1878 3112
869 0 901 35 U

296 59 411 136 5278
530 79 928 124 iscoNs'rAN'nNt
969 80 1453 126 PORPHYROGENJT!
1504 98 1508 102 -

256 176 528 236 Βραμάγγιον
559 176 738 234 ἔστησαν
776 178 950 228 ἕκαστος
986 177 1093 236 πρὸς
1128 178 1178 222 τὸ
1216 179 1325 223 ἴδιον
1367 183 1442 237 τῆς
1482 183 1633 237 ’χροιᾶς
1660 182 1751 224 καί-

289 246 367 287 τοῦ
403 247 622 298 ἐξεμπλιου
662 243 999 301 σκαραμάγγιον,
1056 242 1184 301 ἤγουν
1222 247 1262 288 οἱ
1297 245 1397 296 τούς
1438 249 1730 304 πρασινοροὸιέ-

288 326 384 360 νους
412 309 560 358 ἀετούς
588 312 812 366 φοροῦντες
839 309 959 353 ἔνθεν
993 307 1207 366 κάκεῖθεν,
1248 311 1288 354 οἷ
1324 311 1420 362 τούς
1456 311 1618 370 βόφους
1657 315 1732 356 καί

287 375 388 426 τους
414 374 675 431 πολυγύρους
702 374 870 431 chronic,
920 376 1075 430 ὁμοίως
1104 376 1143 419 οἱ
1171 376 1248 429 τοὶς
1273 380 1507 432 θαλάσσας,
1534 380 1607 421 καί
1631 377 1729 428 τούς

285 441 573 491 λευκολὲοντας
599 439 767 495 ὁμοίως.
815 444 886 484 καί
916 441 1059 492 ἅπλῶς
1083 444 1228 498 εἰπεῖν,
1257 443 1401 494 καθώς
1428 442 1602 499 εἴρηται,
1629 445 1753 490 Sua—5

283 523 381 556 στος
407 506 516 563 πρὸς
545 506 590 549 τὸ
620 506 728 550 ἴδιον
753 509 1069 564 σκαραμάγγιον
1096 508 1191 565 ἔστη
1208 545 1219 556 .
1275 508 1313 552 οἱ
1341 511 1389 553 δὲ
1415 509 1657 552 κανδιδάτοι
1683 507 1727 551 ἔ-

281 590 436 629 στησαν
462 575 510 616 ἐν
537 576 596 632 τῷ
623 573 716 632 ἰδίιιο
745 574 938 632 τρικλίνῳ
967 574 1088 618 ἔνθεν
1123 571 1316 618 κᾶκεῖθεν
1351 574 1461 630 μετὰ
1499 577 1581 618 τῶν
1608 575 1726 617 ἰδίων

280 641 629 695 σκαραμαγγίων,
669 643 899 697 φοροῦντες
925 639 977 683 τὰ
1008 640 1316 696 κανὸιδατίκια,
1344 643 1416 685 καί
1440 635 1614 685 ὄπισθεν
1640 642 1724 685 τῶν

278 707 418 747 αὐτῶν
445 703 702 748 κανδιὸάτων
739 705 918 761 ἔστησαν
954 704 1077 749 ἔνθεν
1112 704 1305 750 κάκεῖθεν
1344 706 1385 750 οἱ
1419 709 1494 750 τοῦ
1535 708 1738 763 ἀριθμοῦ,

273 771 551 827 μανδατωρες
591 772 699 825 μετὰ
737 775 932 816 σπαθίων
969 772 1043 815 καὶ
1082 775 1362 830 σκουταρίων.
1419 772 1457 816 οἶ
1495 774 1542 816 δὲ
1577 773 1775 817 ἐλάταιιο

278 839 362 879 τῶν
387 841 616 891 βασιλικῶν
645 840 878 894 ὃρομονίων
905 838 1085 895 ἔστησαν
1113 838 1237 883 ἔνθεν
1263 841 1458 882 κάκεῖθεν
1485 839 1531 881 ἐν
1557 839 1615 896 τῷ
1643 839 1720 880 αὕ-

213 906 218 909 ’
239 906 337 961 0τῷ
362 906 552 962 τρικλίνῳ
580 905 663 946 τῶν
690 904 954 947 κανδιδάτων
989 905 1047 955 ὥς
1075 905 1181 961 πρὸς
1206 903 1252 948 τὸ
1280 907 1410 962 μέρος
1435 905 1510 960 τῆς
1532 903 1720 960 ἐκκλησί-

279 985 329 1019 ας
355 972 431 1012 τοῦ
459 971 626 1025 Κυρίου
668 970 741 1012 καί
779 971 839 1020 εἷς
866 969 938 1013 τὸν
963 970 1188 1026 τρίκλινον,
1232 972 1278 1014 ἐν
1304 964 1335 1030 ᾧ
1365 969 1413 1012 τὸ
1441 969 1719 1024 καμελαύκιον

78 1041 143 1076 Mu.
161 1037 448 1086 ι96.3ῗσταται
476 1036 549 1077 καί
575 1035 615 1078 οἱ
640 1035 864 1092 μάγιστροι
890 1038 1087 1091 γίνονται,
1117 1036 1191 1079 καί
1215 1037 1275 1086 εἰς
1301 1034 1373 1078 τὸν
1401 1033 1593 1078 ὄνόποδα.
1645 1037 1720 1078 καί

275 1100 380 1156 μετὰ
407 1099 582 1150 τούτους
610 1103 669 1152 εἰς
688 1100 761 1144 τὸν
788 1101 974 1158 πόρτηκα
1001 1104 1078 1145 τοῦ
1104 1103 1380 1157 αὖγουστέως,
1408 1097 1535 1158 ἤγουν
1562 1102 1622 1152 εἰς
1642 1099 1775 1157 τὴνιξὶ

274 1170 442 1224 χρυσῆν
468 1173 607 1223 χεῖρα,
638 1166 813 1223 ἔστησαν
841 1167 961 1211 ἔνθεν
988 1170 1183 1211 κάκεῖθεν
1208 1167 1259 1211 τά
1301 1165 1715 1223 ἆρχοντογεννὴματα

275 1232 348 1275 κ”αἰ
373 1232 412 1275 οἱ
441 1236 704 1276 σαπωνῐσταί
724 1236 800 1276 τοῦ
826 1234 1068 1290 βεστιαρίου
1097 1234 1171 1276 καί
1195 1234 1234 1276 οἱ
1261 1235 1338 1276 τοῦ
1365 1234 1606 1290 τραπεζίου,
1635 1248 1715 1290 φο-

274 1300 442 1356 ροῦντες
485 1298 538 1341 τὰ
566 1301 647 1353 μὲν·
680 1299 1091 1356 ἆρχοντογεννὴματα
1133 1298 1183 1343 τά
1221 1298 1385 1342 ἑαυτῶν
1417 1297 1712 1355 σκαραμάγγια

271 1367 346 1407 καί
373 1366 558 1418 σπαθία,
615 1364 655 1407 οἱ
695 1367 741 1407 δὲ
781 1365 1042 1408 σαπωνισταί
1077 1365 1335 1422 βεστιαρή-αι
1373 1362 1427 1407 τὰ
1454 1362 1711 1421 ἄτραβατικὰ

268 1432 491 1485 χλανίδια,
549 1429 588 1472 οἱ
627 1433 674 1473 δὲ
713 1433 790 1474 τοῦ
827 1433 1048 1487 τραπεζίου
1088 1430 1140 1474 τὰ
1178 1432 1386 1486 ψευδοξέα
1423 1429 1775 1484 κοντομάνικααο·

269 1495 426 1548 ἔξωθεν
453 1499 500 1539 δὲ
527 1498 600 1553 τῆς
624 1498 783 1553 χαλκῆς
817 1498 950 1553 πύλης
985 1499 1060 1540 τοῦ
1095 1498 1302 1554 τρικλίνου
1335 1497 1418 1540 τῶν
1450 1492 1710 1541 κανδιδάῑων

270 1667 291 1690 a
315 1655 617 1702 protospathariis
644 1656 730 1691 inde
766 1667 882 1703 usque
913 1656 958 1690 ad
994 1661 1191 1690 extremum
1225 1656 1400 1689 famulum
1444 1655 1496 1689 ita
1539 1654 1710 1695 stabant,

271 1709 313 1737 ut
336 1704 495 1737 colorum
512 1705 771 1749 *unusquisque
797 1709 834 1736 et
858 1704 1103 1749 exemplorum
1130 1702 1291 1737 vestibus
1322 1703 1542 1737 intextorum
1574 1712 1709 1734 unum-

271 1749 443 1796 quodque
467 1762 595 1795 corpus
621 1763 732 1785 unum
760 1750 923 1784 efficeret.
971 1750 1134 1795 Exempli
1161 1760 1264 1783 causa
1292 1748 1379 1782 hinc
1403 1749 1508 1783 illinc
1530 1748 1718 1782 consiste-¹

269 1796 360 1830 haul:
383 1809 455 1830 uno
484 1798 607 1842 aliquo
633 1797 712 1831 loco
738 1797 816 1837 illi,
852 1798 915 1842 qui
939 1800 1038 1830 aiitos
1063 1807 1125 1830 seu
1150 1797 1291 1842 aquilas
1316 1794 1404 1842 [sagi
1431 1806 1542 1840 genus
1566 1795 1617 1828 ita
1646 1793 1706 1828 di-

271 1844 398 1890 citur-,J
435 1846 703 1888 prasinoroseas
729 1843 936 1890 gestabant3
973 1844 1070 1884 alio,
1103 1844 1166 1888 qui
1201 1844 1254 1876 sic
1287 1842 1402 1876 dictos
1434 1843 1562 1883 boves;
1591 1840 1704 1881 alibi,

267 1891 331 1934 qui
362 1891 486 1923 multis
510 1892 602 1935 gyris
635 1892 692 1924 vel
717 1891 926 1924 canaliculis
953 1896 1093 1936 rugatus
1127 1894 1249 1931 aetos3
1284 1889 1398 1929 alibi,
1432 1889 1495 1966 Ἣιὶ
1531 1887 1704 1921 thalassan

269 1948 334 1969 seu
359 1939 492 1978 maria3
508 1938 613 1978 alibi,
634 1940 697 1983 qui
723 1938 967 1971 leucoleontes
986 1950 1048 1971 seu
1074 1936 1177 1970 albos
1199 1936 1322 1969 leones
1347 1940 1442 1980 gesta
1471 1940 1543 1970 ant.
1565 1933 1701 1972 Verbo,

270 1985 522 2029 unusquisque
548 1984 668 2018 stabat
690 1984 768 2026 ibi,
803 1984 868 2016 ubi
904 1985 1015 2017 ceteri
1051 1983 1198 2016 stabant
1223 1982 1386 2016 eiusdem
1418 1992 1538 2015 secum
1569 1979 1710 2013 coloris·

269 2032 550 2075 ncaramangium
575 2036 611 2064 et
633 2033 672 2064 in
698 2043 740 2064 eo
774 2030 935 2063 eiusdem
959 2032 1012 2064 rei
1045 2031 1232 2063 simulacra
1257 2033 1447 2072 gestantes.
1506 2025 1713 2060 candidati·

270 2075 417 2109 stabant
441 2078 479 2109 in
502 2089 566 2110 suo
590 2078 773 2117 triclinio,
799 2076 1069 2110 candidatorum
1095 2086 1224 2119 nempe
1258 2074 1354 2107 dicto
1369 2098 1378 2115 ‚
1416 2072 1502 2106 hinc
1525 2078 1563 2106 et
1586 2072 1701 2112 illinc,

270 2132 351 2154 cum
379 2123 452 2156 suis
481 2125 731 2168 scaramangiis
760 2124 867 2156 etiam
893 2122 1133 2156 candidaticia
1158 2126 1347 2165 gestantes.
1401 2120 1496 2153 Pone
1530 2117 1596 2152 hos
1626 2123 1702 2152 sta-

268 2167 360 2201 bant
385 2169 430 2201 ab
455 2174 609 2215 utraque
632 2176 734 2214 parte
766 2169 991 2202 mandatores
1035 2167 1182 2201 arithmi
1226 2175 1305 2200 cum
1336 2166 1474 2211 spathis
1508 2170 1546 2198 el.
1577 2166 1698 2198 scutis.

269 2214 434 2259 Remiges
458 2216 698 2259 imperialium
724 2215 993 2249 dromoniorum
1019 2214 1163 2248 stabant
1186 2212 1272 2246 hinc
1297 2218 1333 2246 et
1364 2213 1466 2245 illinc
1497 2213 1538 2246 in
1571 2211 1708 2245 eodem'

269 2261 542 2295 candidatorum
569 2263 728 2296 triclinio
753 2273 874 2295 versus
888 2267 1039 2295 tractum
1063 2261 1235 2293 ecclesiae
1248 2259 1418 2300 Domini3
1442 2259 1586 2292 stabant
1607 2269 1700 2304 quo-

271 2319 343 2354 que
368 2309 479 2342 iidem
505 2309 543 2342 in
570 2308 635 2342 illo
671 2309 855 2350 triclinio,
886 2309 925 2341 in
951 2318 1023 2353 quo
1056 2307 1311 2340 camelaucium
1353 2311 1423 2339 stat
1463 2311 1500 2339 et
1536 2305 1699 2350 magistri

265 2361 454 2397 creantur3
486 2356 539 2389 uti
565 2356 674 2390 etiam
698 2357 736 2389 in
761 2354 940 2401 onopode.
988 2354 1071 2386 Post
1094 2364 1154 2387 eos
1178 2353 1322 2387 stabant
1345 2353 1385 2385 in
1408 2353 1549 2396 porticu
1580 2356 1698 2396 augu-

264 2404 401 2436 siconis
439 2413 525 2441 seu,
574 2401 673 2447 quod
712 2402 809 2435 idem
846 2407 923 2441 est,
960 2401 999 2434 in
1032 2411 1140 2433 aurea
1171 2411 1300 2440 manu,
1333 2398 1379 2431 ab
1411 2405 1566 2444 utraque
1594 2402 1697 2442 parte

265 2448 652 2493 archontogennemata
674 2460 735 2481 seu
764 2449 871 2481 valeti
898 2447 1118 2488 nobiliores,
1143 2452 1184 2480 et'
1204 2447 1407 2491 saponistae
1432 2446 1490 2479 vel
1523 2443 1696 2477 candida-

262 2498 359 2528 tores
393 2496 553 2529 lintearii
585 2495 746 2528 vestiarii
781 2500 818 2528 et
854 2495 979 2527 famuli
1014 2503 1133 2527 sacrae
1171 2503 1326 2526 mensae.
1375 2492 1511 2525 Horum
1542 2491 1698 2525 archon-

263 2546 516 2586 togennemata
543 2542 688 2587 quidem
719 2543 892 2587 gerebant
915 2541 1155 2585 scaramangia
1180 2551 1243 2573 sua
1269 2544 1306 2573 et
1338 2538 1481 2583 spathas
1504 2548 1600 2578 suas3
1639 2547 1697 2570 sa-

260 2590 429 2631 ponistae
466 2589 670 2622 vestiaritae
702 2595 820 2622 aulem
862 2587 1002 2621 tunicas
1039 2586 1262 2620 atrabaticas.
1327 2585 1506 2618 Mensales
1550 2582 1696 2617 tandem

263 2636 509 2668 contomanica
546 2635 752 2680 pseudoxea
790 2646 851 2667 seu
878 2640 993 2668 vestes
1019 2645 1098 2667 cum
1127 2635 1236 2666 curtis
1261 2633 1411 2665 manicis
1435 2631 1556 2665 colore
1579 2629 1697 2673 diluto

259 2693 457 2729 purpureo.
505 2683 613 2716 Extra
639 2687 779 2728 portam
805 2692 951 2715 aeneam
974 2680 1126 2715 triclinii
1161 2678 1432 2714 candidatorum
1465 2675 1584 2712 stabat
1611 2674 1698 2710 hino
