1878 3112
324 160 680 204 consanum
717 157 914 199 Pomm.
952 157 1024 197 DE
1061 153 1322 199 mammon.
1425 132 1538 207 475

100 259 288 311 σιλικοῦς
313 260 385 304 καὶ
407 261 584 313 πάντας,
631 261 700 302 ἵνα
724 257 994 313 ὖπαντὴσωσι
1019 257 1073 313 τῇ
1101 257 1294 314 βασιλείᾳ
1319 248 1454 296 αὕτοῦ
1481 253 1575 302 εῖςΒ

102 326 285 381 Πύλας,
317 328 398 370 Υκαὶ
419 327 673 382 μαγίσι-ρους
699 326 773 366 καὶ
799 325 1043 379 πατρικίους
1069 320 1140 363 καί
1165 316 1341 372 ἄλλους,
1370 317 1444 368 οὓς
1471 334 1541 360 κε-

98 394 223 446 λεύει,
251 389 341 446 ἅμα
368 394 552 440 καὶτοῖς
579 390 868 446 πραιποσίτοις
896 386 1234 440 α’ναλαμβιένεται
1271 388 1365 439 μετ’
1405 380 1541 426 αὐτοῦ

106 459 170 508 εἷς
194 456 248 500 τὰ
276 455 500 513 δρομῶνια,
528 454 602 497 καὶ
626 451 707 496 οἷπὸ
738 454 884 496 ἱκανοῦ
911 451 1191 507 διαστήματος
1218 453 1294 493 τοῦ
1320 448 1537 504 βασιλείου

77 520 238 579 ὄὸρμου
263 521 491 577 γενόμενος,
522 517 630 563 ὥστε
658 516 784 562 αὐτὸν
810 521 1047 562 ἐπισκοπεῖν
1072 515 1148 572 τήν
1175 517 1307 570 πόλιν,
1337 514 1540 571 ἐγείρεται

101 587 184 630 α’πό
211 590 288 630 τοῦ
313 587 581 643 κραββάτου,
625 587 699 628 καὶ
724 587 892 628 ἵσταται
919 586 1007 625 κατ’
1045 581 1248 632 ἀνατολὰς
1281 580 1357 630 τὰς
1391 586 1540 635 χεῖρας

99 653 206 711 πρὸς
233 651 306 696 τὸν
336 653 513 709 οὐρανὸν
545 651 697 708 αἴρων,
732 650 807 693 καί
832 653 968 706 τρίτον
995 650 1048 706 τῇ
1073 646 1190 703 χειρὶ
1213 646 1289 702 τήν
1317 645 1436 688 πόλιν
1464 662 1544 686 κα-

42 769 46 773 .
99 721 401 776 τασφραγίσας,
429 713 597 772 εὔχεται
623 719 683 775 τῷ
713 718 805 776 Θεῷ
832 718 960 771 λέγων
986 712 1143 763 οὕτως·
1207 710 1380 767 ,,Κυ’ριε
1405 708 1543 766 Ἰησοῦ

101 787 276 841 Χριστὲ,
309 782 331 825 ὅ
363 781 470 832 Θεός
494 799 602 837 μου,
630 785 690 833 εἰς
713 781 863 838 χεῖράς
889 797 966 824 σου
994 781 1261 836 παρατίθημι
1283 776 1439 833 ταύτην
1467 776 1544 832 τὴν

54 850 228 892 ιοπόλιν
255 866 348 893 σου.
389 849 579 905 φύλαξον
606 847 740 905 αὐτὴν
767 845 850 890 cim}
879 846 1041 889 πάντων
1069 847 1154 888 τῶν
1179 845 1469 901 ἐπερχομένων
1500 845 1545 885 ἐν
1569 856 1574 859 ·

108 912 221 973 αὐτῇ
246 913 444 958 ἐναντίων
479 917 555 957 καί
592 915 832 969 δυσχερῶν,
892 913 1102 969 ἐμφυλίου
1126 907 1182 953 ’τε
1225 910 1410 962 πολέμου
1461 909 1574 950 xae'C

102 982 240 1023 ἐθνῶν
275 981 528 1036 ἐπιδρομῆς.
581 978 793 1022 ἀνάλωτον
822 976 954 1034 αὐτὴν
984 978 1163 1033 τήρησον
1192 978 1266 1018 καί
1292 972 1544 1031 ἀπόρθητον,

102 1043 168 1089 ὅτι
197 1048 243 1088 ἐν
269 1044 341 1089 σοὶ
362 1044 440 1095 τὰς
465 1046 638 1095 ἐλπίδας
674 1042 791 1100 ἡμῶν
818 1045 1079 1097 οἷνεθέμεθα,
1121 1041 1193 1084 καὶ
1231 1040 1285 1083 σύ
1328 1037 1371 1083 εἶ
1402 1037 1547 1095 κύριος

99 1114 180 1153 τοῦ
207 1113 350 1161 ἐλέους
374 1109 450 1155 καὶ
476 1109 610 1166 πατὴρ
653 1113 735 1152 τῶν
765 1111 987 1166 οἰκτιρμῶν
1014 1110 1087 1150 καὶ
1113 1105 1217 1156 θεὸς
1242 1103 1378 1161 πάσης
1406 1121 1546 1159 παρα-

53 1175 307 1232 ι5κλήσεως,
349 1174 424 1217 καί
451 1174 523 1219 σόν
550 1177 639 1218 ἐστι
669 1174 717 1218 τὸ
746 1177 875 1217 ἐλεεῖν
904 1174 977 1217 καὶ
1005 1174 1155 1224 σώζειν
1195 1172 1268 1214 καί
1291 1169 1476 1227 ῥύεσθαι
1499 1171 1547 1210 ἐκ

98 1242 341 1298 πειρασμῶν
366 1240 440 1282 καί
483 1240 686 1284 κινδύνων
732 1243 808 1284 νῦν
865 1240 939 1283 καὶ
978 1239 1047 1282 αἐἰ
1081 1240 1155 1282 καί
1178 1239 1240 1288 εἰς
1264 1235 1361 1287 τούς
1390 1237 1546 1284 αἰῶνας

103 1307 189 1348 τῶν
215 1304 392 1352 αἰώνων.
443 1307 589 1364 cinth?
653 1305 726 1350 καὶ
762 1305 872 1361 μετὰ
901 1305 947 1349 τὸ
979 1304 1236 1360 διαπεράσαι
1265 1300 1336 1344 τὸν
1362 1302 1544 1356 βασιλέα

95 1375 256 1428 θεωρεῖ
273 1371 351 1427 τῆν
375 1375 663 1429 προμοσέλλαν
711 1374 761 1415 τά
804 1388 851 1414 τε
886 1373 1099 1428 παρίππια
1132 1368 1207 1412 καί
1243 1367 1296 1411 τὰ
1334 1366 1546 1421 μωλάρια,

98 1435 173 1478 καὶ
198 1438 467 1482 διατάσσεται
497 1439 556 1496 τῷ
582 1439 656 1480 τοῦ
698 1435 881 1491 στάβλου
925 1435 1078 1491 κόμητι
1120 1435 1194 1476 καί
1217 1435 1277 1489 τῷ
1299 1435 1546 1486 χαρτουλα-

46 1501 189 1559 ςιορίῳ,
217 1504 299 1555 ἵνα,
329 1504 473 1551 καθώς
498 1506 716 1558 κατωτέρω
739 1501 982 1556 ῥηθήσεται,
1011 1495 1263 1553 κομπινεύσῃ
1291 1495 1343 1538 τά
1381 1511 1424 1537 τε
1460 1511 1544 1536 σα-

96 1565 255 1624 γμάρια
279 1566 353 1608 καὶ
378 1567 431 1608 τὰ
461 1566 686 1623 παρίππια.
717 1569 790 1608 καί
815 1564 921 1607 κατὰ
949 1564 1184 1620 σαγμάριον
1211 1561 1374 1618 ὀφειλει
1407 1562 1579 1616 παρέ-Π

195 1668 228 1702 8.
251 1666 405 1700 ΣΧοΛ.
435 1657 539 1710 nep)
571 1667 638 1698 ‘tofi
663 1664 852 1709 βασιιέως.

101 1766 186 1789 vero
201 1755 249 1789 ad
262 1755 459 1802 Sangarum
477 1761 515 1788 et
531 1757 565 1790 S.
576 1756 765 1793 Sabinum,
788 1754 989 1789 Praemittit
1010 1758 1131 1787 autem
1152 1754 1351 1798 Imperator
1370 1751 1541 1787 basilicos

99 1808 138 1837 et
154 1813 279 1836 omnes
304 1803 465 1848 refiquos
491 1803 683 1839 convenire
709 1803 799 1834 illuc
822 1801 927 1834 iubet
949 1801 1048 1843 ideo,
1074 1805 1116 1833 ut
1139 1804 1329 1833 occurrant
1350 1809 1437 1831 suae
1462 1809 1542 1830 ma-

99 1849 222 1884 iestati
249 1850 288 1881 in
302 1849 407 1893 Pylis.
455 1850 644 1895 Magistros
669 1854 790 1881 autem
812 1853 848 1881 et
871 1848 1044 1893 patricios
1070 1852 1107 1879 et
1130 1847 1234 1886 alios,
1260 1856 1351 1892 quos
1374 1845 1455 1878 vult
1482 1850 1542 1878 at-

97 1907 170 1942 que
203 1894 391 1941 designat,
426 1907 494 1928 nec
522 1907 595 1929 non
621 1896 869 1941 praepositos,
904 1895 1015 1928 sumit
1046 1905 1165 1927 secum
1187 1894 1226 1925 in
1261 1893 1468 1933 dromonia3
1501 1897 1541 1924 et

96 1943 184 1980 satis
209 1943 337 1986 procul
367 1947 510 1975 avectus
552 1954 572 1975 a
597 1948 705 1987 portu
745 1942 868 1986 regio,
901 1942 952 1974 ita
982 1947 1023 1974 ut
1041 1941 1111 1973 iam
1136 1945 1251 1973 totam
1275 1939 1403 1972 urbem
1427 1939 1539 1974 simul

73 2024 75 2026 ,
97 1988 263 2022 contueri
285 1989 422 2033 possit,
447 1989 562 2033 surgit
585 2000 604 2023 e
630 1987 826 2030 crabbato,
850 1990 925 2032 [est
946 1987 1042 2020 illud
1067 1987 1295 2027 cubiculum,
1319 1985 1420 2032 quod
1434 1985 1536 2018 navis

94 2035 279 2080 praefecto
305 2039 343 2068 et
364 2036 534 2068 nauclero
562 2036 600 2068 in
624 2036 740 2081 puppi
764 2035 925 2068 construi
950 2039 987 2066 et
1021 2034 1133 2066 incoli
1158 2034 1291 2077 solet‚]
1316 2034 1354 2065 et
1376 2037 1475 2064 stans
1496 2032 1537 2069 iu

95 2086 192 2115 tecto
222 2082 349 2122 navis,
385 2083 490 2115 vultu
524 2093 648 2116 versus
684 2082 863 2115 orientem
887 2091 1058 2114 converso
1075 2106 1085 2122 ,
1110 2081 1209 2114 tollit
1227 2090 1354 2112 manus
1379 2078 1427 2111 ad
1453 2089 1537 2110 coe-

96 2127 191 2168 lum,
224 2127 423 2174 dextraque
458 2134 514 2162 ter
536 2128 670 2162 Urbem
706 2130 824 2173 signat
859 2129 973 2161 crucis
1007 2128 1130 2173 siguo,
1168 2127 1350 2172 simulque
1375 2126 1430 2170 pii
1456 2125 1535 2158 voti

95 2173 188 2206 hanc
211 2174 402 2207 formulam
425 2177 656 2220 pronuntiat:
687 2177 746 2209 Mi
759 2177 883 2215 Deus,
914 2175 1067 2208 Domine
1102 2174 1183 2208 lesu
1203 2174 1368 2213 Chr-iste,
1394 2173 1435 2206 in
1456 2183 1535 2205 ma-

98 2231 168 2253 nus
192 2229 273 2254 tuas
295 2221 499 2256 commendo
524 2231 560 2256 et
584 2221 725 2268 depono
751 2222 847 2256 hanc
870 2230 971 2254 tuam
992 2222 1124 2255 urbem.
1174 2222 1359 2254 conserva
1382 2231 1461 2252 eam
1486 2219 1532 2250 ab

94 2267 260 2300 omnibus
290 2279 368 2302 eam
398 2269 588 2303 invasuris
615 2269 777 2303 hostibus
804 2276 840 2302 et
861 2268 1158 2306 calamitatibus,
1190 2279 1213 2300 a
1230 2267 1324 2300 bello
1350 2266 1460 2299 civili
1495 2273 1532 2298 et

92 2312 344 2347 incursatione
373 2317 531 2359 gentium
551 2325 779 2355 exterarum,
799 2315 873 2361 sac
897 2323 940 2348 ut
974 2315 1086 2360 capi,
1124 2321 1165 2346 ut
1192 2314 1338 2346 vastari
1358 2319 1531 2356 nequeat.

93 2357 140 2390 In
165 2365 200 2391 te
230 2360 431 2394 collocatas
451 2361 622 2395 habemus
644 2373 725 2407 spes
741 2369 908 2395 nostras:
934 2369 975 2394 tu
997 2373 1034 2395 es
1051 2359 1220 2394 dominus
1248 2357 1527 2392 misericordiae

93 2411 131 2438 et
159 2411 267 2448 pater
293 2408 642 2442 commiserationum
674 2416 708 2442 et
732 2408 830 2442 Deus
856 2409 973 2442 omnis
1000 2407 1277 2441 consolationis.
1327 2406 1442 2438 Tuum
1473 2411 1528 2435 est

94 2452 342 2484 commisereri
368 2460 403 2485 et
426 2465 576 2488 ser-vare
605 2463 640 2488 et
661 2455 803 2498 eripere
829 2466 849 2488 e
880 2453 1144 2488 tentationibus
1174 2460 1211 2486 et
1234 2452 1411 2497 periculis
1427 2459 1528 2482 nunc

93 2503 130 2548 §³²
144 2507 282 2548 semper·
298 2505 334 2530 et
357 2498 398 2530 in
420 2501 570 2534 saecula
604 2502 844 2535 saeculorum.
891 2502 1014 2534 Amen.
1069 2501 1263 2544 Postquam
1295 2497 1427 2529 fretum
1451 2500 1528 2526 tras

92 2548 220 2575 ioeerit
253 2543 473 2586 Imperator,
497 2545 628 2579 lustrat
653 2546 910 2591 promosellam
946 2557 1009 2578 seu
1035 2546 1240 2591 equitatum
1260 2554 1362 2575 suum
1387 2541 1528 2573 sellari-

92 2598 153 2619 um
187 2592 224 2620 et
249 2588 441 2634 parhippia
473 2601 536 2624 seu
556 2602 667 2638 equos
706 2592 922 2625 veredarios·
943 2597 982 2624 et
1011 2593 1152 2632 mulos,
1176 2596 1214 2623 et
1235 2588 1382 2622 mandat
1402 2587 1527 2619 comiti

88 2633 229 2666 stabuli
245 2639 283 2667 et
300 2634 518 2668 chartulario
538 2639 692 2677 stabuli,
719 2644 759 2671 ut
789 2649 832 2671 eo
852 2638 980 2679 modo,
1004 2638 1049 2670 (lc
1070 2649 1142 2684 quo
1172 2637 1340 2679 deinceps
1364 2643 1528 2678 expone-

91 2685 171 2720 tur,
218 2681 335 2713 mulos
371 2687 408 2714 et
441 2682 632 2728 parhippia
659 2684 889 2726 combinent,
926 2683 995 2717 hoc
1015 2690 1071 2717 est
1097 2681 1321 2716 mulionibus
1354 2691 1426 2712 una
1445 2690 1526 2717 cum

94 2726 190 2775 legia
221 2731 354 2763 tessera
394 2728 441 2765 ad
468 2730 743 2783 requisitionem
783 2730 1017 2769 monstranda
1051 2729 1288 2766 committant.
1337 2725 1524 2765 Domesti-
