1884 3112
362 114 434 154 nn
474 110 734 154 cmmon.
771 109 952 151 AULAE
988 108 1211 151 amm.
1251 110 1286 151 1.
1314 110 1382 156 28.
1483 89 1589 164 159

153 216 285 261 τελῶν
310 215 445 258 ἐκεῖσε
462 212 540 270 τήν
558 215 679 256 θείαν
695 213 974 268 λειτουργίαν·
1030 213 1076 254 ἐν
1108 210 1238 270 ταύτῃ
1268 210 1351 268 γὰρ
1379 213 1431 271 τῇ
1454 211 1590 269 ἡμέρᾳ

154 283 215 330 εἰς
244 279 293 323 τὸ
323 277 630 335 θυσιαστήριον
658 278 683 320 ὅ
714 276 915 332 βασιλεὺς
943 279 1018 319 οιῖκ
1039 279 1283 333 εἰσέρχεται.
1341 278 1451 335 (Γ.)
1488 275 1590 332 Χρὴ

156 348 203 388 δὲ
227 348 395 400 εἰδέναι,
419 343 486 389 ὅτι
506 347 552 388 ἐν
569 346 648 399 μὲν
674 347 726 403 τῇ
747 341 910 402 προόδῳ
942 347 1024 386 τῶν
1049 345 1177 399 ἁγίων
1195 345 1265 386 καὶ
1292 346 1337 386 ἐν
1367 347 1419 402 τῇ
1448 342 1589 400 α’γιίπῃ

153 415 238 456 τῶν
265 414 412 468 θυρῶν
447 412 523 452 οὐκ
557 412 795 466 ἐξέρχεται,
829 411 875 452 ἐν
906 411 952 451 δὲ
985 412 1037 467 τῇ
1066 411 1259 468 κοινωνίᾳ
1279 410 1492 465 ἐξέρχεται
1520 410 1595 451 καί

125 484 358 532 5κοινωνεῖ,
389 479 463 520 καὶ
478 479 551 532 τῆς
569 478 691 527 θείας
715 477 975 533 λειτουργίας
999 477 1276 531 τελεσθείσης,
1318 478 1531 532 ἐξέρχεται
1566 475 1589 517 ὅ

148 542 350 600 βασιλεῦς
368 542 452 586 α’πὸ
476 545 554 585 τοῦ
574 545 844 599 μητατωρίου
865 546 940 585 καί
960 539 1126 585 ἑνοῦται
1148 544 1206 601 τῷ
1226 542 1483 600 πατριάρχῃ,
1513 542 1763 600 καίΕι1.Ι,.94

149 612 383 668 διέρχονται
410 608 642 666 α’μφότεροι
662 612 791 664 μέχρι
808 612 884 651 τοῦ
904 609 1024 663 ἁγίου
1048 611 1239 665 φρέατος,
1270 605 1651 663 προσκυνήσω-Μ,
1668 641 1722 675 77,
1736 628 1760 660 b

145 693 213 727 τες
232 677 279 720 δὲ
300 673 505 732 α’λλήλους
524 677 599 718 καί
618 673 933 729 α’σπασάμενοι,
975 676 1191 731 ἐξέρχεται
1214 673 1238 715 ὅ
1263 673 1466 727 βασιλεὺς
1501 674 1584 716 α’πό

146 745 232 786 τῶν
250 743 404 797 ἐκεῖσε,
450 741 525 785 καὶ
543 740 614 783 διὰ
635 744 712 784 τοῦ
733 744 871 796 χυτοῦ
893 743 968 796 τῆς
984 742 1140 797 μικρᾶς
1171 738 1305 796 πύλης
1329 743 1402 795 τῆς
1428 743 1590 795 χαλκῆς

96 806 370 862 Ιοεῖσελθών,
406 806 478 850 διά
508 823 552 850 τε
575 810 658 850 τῶν
678 810 842 861 σχολῶν
869 807 945 848 καὶ
967 808 1052 850 τῶν
1087 807 1334 860 ἐξκουβιῖων
1365 803 1589 862 διερχόμε-

144 889 234 928 νος,
275 876 459 929 λέγοντος
479 875 556 917 τοῦ
579 876 654 928 τῆς
679 870 969 922 καταστάσεως
1007 871 1221 926 ,,καπλάτε
1253 871 1457 928 Δόμηνι.”
1513 875 1590 916 καὶ

141 936 446 993 καταλαβόντος
465 941 511 982 ἐν
528 942 587 998 τῷ
605 939 910 997 κονσιστωρίῳ,
943 940 1061 992 μένει
1090 939 1323 991 μὲν-ἐκεῖσε
1348 938 1373 993 ἦ
1405 935 1586 994 σύγκλη-

140 1021 224 1060 τος,
251 1005 565 1062 ὖπερευχομένη
581 1003 655 1047 τόν
679 1004 882 1058 βασιλέα,
916 1003 939 1044 ὅ
963 1004 1010 1046 δὲ
1039 1005 1115 1059 τῆς
1133 1003 1426 1065 καταπόσεως
1446 1006 1521 1046 καί
1544 1002 1586 1046 οἶ

140 1068 408 1128 σιλεπιᾶριοι
426 1073 626 1125 μένουσιν
643 1073 704 1120 εἷς
722 1070 797 1114 τὸν
818 1067 1014 1124 ὀνόποδα,
1047 1068 1380 1126 ὑπερευχόμενοι
1400 1073 1475 1112 καί
1504 1072 1585 1113 αὖ..

90 1139 207 1184 15τοὶ
230 1137 408 1191 ὅμοίως.
459 1137 484 1179 ὅ
518 1140 565 1180 δὲ
583 1135 787 1192 βασιλεῦς
823 1138 1036 1194 διέρχεται
1074 1135 1147 1179 διὰ
1185 1139 1264 1180 τοῦ
1302 1138 1581 1192 αὕγουστέως,

136 1205 213 1247 καὶ
229 1205 463 1261 εἰσέρχεται
482 1205 528 1246 ἐν
550 1206 608 1263 τῷ
628 1206 829 1263 παλαι-ίῳ,
857 1205 934 1246 τοῦ
959 1205 1007 1245 δὲ
1025 1205 1256 1260 κλητωρίου
1280 1206 1583 1259 στοιχηθέντος,

135 1271 316 1324 γίνονται
340 1269 511 1324 μίνσαι,
553 1272 629 1312 καί
664 1270 826 1319 ειῖθέως
853 1266 1198 1311 α’παλλάσσουσιν
1229 1266 1429 1319 ἅπαντες.
1484 1270 1508 1312 ὅ
1534 1273 1621 1318 δὲΒ

132 1333 334 1389 βασιλεύς
358 1337 580 1387 καθέζεται
601 1337 674 1379 ε’πί
695 1338 769 1391 τῆς
803 1337 945 1389 τιμίας
969 1335 1104 1378 αὐτοῦ
1128 1337 1336 1391 τραπέζης
1365 1335 1450 1377 α’πό
1476 1353 1583 1378 σκα-

136 1403 393 1457 ραμαγγίου,
420 1403 495 1443 καί
522 1399 597 1451 οὓς
633 1403 823 1444 ἐκέλευσε
860 1403 1058 1455 καλέσαι,
1096 1403 1171 1443 καί
1199 1403 1324 1444 αὐτοὶ
1354 1400 1436 1443 α’πὸ
1476 1419 1581 1444 σκα-

82 1469 398 1524 αοραμαγγίων,
428 1466 468 1509 οἱ
490 1470 538 1511 δὲ
563 1469 638 1510 τοῦ
657 1469 951 1522 κουβουκλείου
974 1469 1019 1510 ἐν
1037 1469 1089 1525 τῇ
1116 1467 1253 1526 ἡμέρᾳ
1283 1469 1417 1525 ἐκεινῃ
1438 1485 1579 1524 παρα-

133 1531 334 1588 στάσιμον
357 1534 411 1575 ου’
432 1535 636 1576 ποιοῦσιν.
693 1535 783 1593 (Δ.)
840 1535 998 1587 Ἱστέον,
1028 1529 1093 1575 ὅτι
1112 1531 1158 1575 τό
1184 1531 1367 1575 παλαιόν
1389 1533 1413 1573 ὁ
1436 1536 1578 1574 τοιοῦ-

131 1614 201 1649 τος
227 1597 354 1648 τύπος
379 1594 443 1654 ἦν·
471 1603 547 1643 νῦν
576 1602 623 1643 δὲ
654 1600 677 1642 ὅ
703 1599 906 1655 βασιλεῦς
934 1598 987 1642 τοὶ
1021 1593 1130 1642 ἄλλα
1154 1595 1289 1640 πάντα
1322 1599 1481 1640 ἐκτελεί·
1498 1601 1578 1651 μέ-

129 1680 207 1721 χρι
239 1667 312 1720 τῆς
342 1662 508 1708 εἰσόδου
517 1707 532 1726 ‚
560 1665 714 1716 ’καθώς
759 1665 932 1722 εἴρηται.
962 1666 1022 1714 εἰς
1061 1666 1107 1706 δὲ
1137 1662 1214 1718 τὴν
1247 1661 1409 1705 εἴσοδον
1438 1664 1574 1719 εἰσέρ-

126 1746 252 1784 χεται
280 1731 341 1779 εἷς
366 1729 412 1773 τὸ
439 1733 557 1785 βῆμα
583 1729 724 1786 ἔνδον,
758 1733 833 1773 καί
849 1732 1132 1787 προσκυνοῦσι
1164 1728 1240 1784 τήν
1263 1729 1386 1784 ἁγίαν
1414 1728 1572 1786 τράπε-

221 1810 278 1843 23.
294 1810 448 1843 ΣΧΟΛ.
477 1811 596 1843 Τοῦτο
616 1809 777 1854 ἔσχατον
808 1808 992 1852 ἔτυπώθη.

122 1881 290 1921 perator,
314 1875 456 1910 divinos
484 1878 576 1912 ritus
602 1872 835 1923 peracturus,
861 1877 1094 1910 metatorium
1133 1877 1244 1922 petit:
1278 1876 1350 1909 hoc
1377 1877 1475 1909 euim
1503 1875 1566 1910 die

124 1925 318 1957 sacrarium
338 1924 474 1957 intrare
495 1935 568 1957 non
590 1925 693 1958 solet.
754 1925 845 1972 (ΙΙΙ.)
872 1926 979 1958 Porro
998 1923 1204 1965 sciendum,
1228 1925 1267 1956 in
1291 1934 1461 1969 processu
1479 1934 1563 1957 san-

123 1976 263 2004 ctorum
278 1977 316 2004 et
335 1981 447 2017 agape
464 1972 721 2017 Imperatorem
741 1982 787 2015 ex
800 1972 915 2017 portis
934 1972 1008 2004 illis
1030 1982 1103 2005 non
1119 1970 1288 2016 progredi
1301 1991 1326 2012 ,—
1344 1971 1382 2003 in
1400 1981 1563 2004 commu-

121 2017 233 2051 nione
249 2024 372 2052 autem
388 2018 534 2064 prodire
551 2025 588 2052 et
604 2019 867 2052 communicare
887 2019 1004 2051 solere
1015 2043 1026 2059 ,
1059 2018 1237 2065 finitaque
1263 2017 1383 2050 divina
1398 2018 1562 2063 liturgia,

123 2074 168 2097 ex
186 2066 378 2098 metatorio
396 2065 543 2111 prodire
572 2077 684 2113 seque
708 2064 935 2112 patriarchae
961 2065 1177 2110 adiungere,
1202 2064 1335 2098 deinde
1362 2071 1558 2112 utrumque

121 2111 169 2144 ad
185 2122 324 2146 sacrum
343 2118 495 2157 puteum
514 2112 729 2158 procedere,
755 2119 793 2148 et
807 2118 892 2158 post
905 2118 1068 2146 mutuam
1095 2111 1346 2145 adorationem
1363 2118 1400 2146 et
1415 2113 1555 2145 saluta-

118 2157 258 2192 tionem
279 2161 535 2203 Imperatorem
561 2171 626 2205 per
645 2160 765 2194 locum
786 2159 926 2193 editum
952 2170 1083 2204 parvae
1100 2159 1232 2192 ianuae
1251 2170 1385 2192 aeneae
1403 2159 1553 2201 intrare,

120 2202 251 2238 deinde
270 2217 334 2251 per
349 2205 488 2240 scholas
501 2212 539 2240 et
555 2205 724 2240 excubias
746 2207 911 2246 transire,
936 2206 1079 2240 dicente
1098 2206 1373 2240 cerimoniario:
1402 2208 1555 2254 captate

117 2250 277 2285 Domini.
325 2254 367 2286 In
383 2254 597 2287 consistorio
619 2259 765 2288 senatus
785 2254 915 2294 omnis,
939 2253 1058 2288 fausta
1077 2253 1292 2300 Imperatori
1305 2253 1467 2287 venienti
1488 2265 1554 2298 ap·

116 2307 287 2341 precans,
307 2300 477 2344 magister
497 2311 580 2334 vero
603 2301 880 2334 cerimoniarum
895 2305 934 2333 et
949 2301 1143 2335 silentiarii
1159 2301 1200 2334 in
1228 2300 1415 2346 onopode‚
1442 2300 1551 2333 honis

118 2343 302 2378 ominibus
330 2357 413 2380 eum
445 2353 726 2394 prosequentes,
765 2348 978 2381 consistunt.
1038 2349 1239 2394 Imperator
1262 2359 1329 2393 per
1360 2348 1550 2393 augustale

115 2389 294 2434 palatium
309 2392 439 2435 intrat,
463 2394 529 2427 ubi
553 2394 716 2428 convivio
743 2395 933 2436 instructo,
955 2395 1086 2429 missus
1107 2398 1326 2436 afferuntur,
1351 2395 1549 2441 statimque

117 2446 240 2470 omnes
250 2443 364 2472 vestes
374 2446 526 2474 mutant.
550 2443 750 2486 Imperator
766 2442 806 2475 in
817 2443 1060 2487 scaramangio
1071 2453 1187 2488 aeque
1204 2453 1246 2474 ac
1257 2443 1439 2482 convivae,
1455 2452 1548 2488 quos

114 2483 234 2516 vocari
245 2483 363 2526 iussit,
386 2487 565 2531 pretiosae
575 2498 719 2521 mensae
729 2488 907 2529 adsident,
917 2487 1262 2522 cuhiculariiautem
1275 2487 1343 2522 hoc
1353 2487 1411 2521 die
1423 2488 1456 2519 ci
1471 2498 1546 2521 nou

114 2529 255 2563 adstare
267 2532 395 2565 solent.
405 2532 495 2579 (IV.)
504 2533 696 2568 Sciendum
705 2546 852 2582 quoque
862 2540 928 2575 est,
937 2534 1002 2568 hos
1017 2535 1106 2569 ritus
1117 2536 1204 2569 olim
1213 2535 1362 2582 quidem
1376 2533 1545 2567 observa-

113 2580 182 2616 tos,
198 2587 297 2610 nunc
306 2589 390 2611 vero
407 2579 455 2612 ad
470 2580 660 2614 introitum
674 2593 787 2628 usque
797 2607 808 2624 ,
824 2587 867 2615 ut
875 2581 1011 2616 dictum
1021 2587 1094 2624 est,
1119 2582 1239 2616 omnia
1250 2582 1356 2614 aliter
1367 2580 1412 2612 ab
1424 2582 1544 2625 Impe-

112 2628 231 2656 ratore
246 2624 391 2658 institui
406 2625 533 2660 solere.
564 2628 608 2661 In
626 2627 780 2662 introitu
795 2639 879 2662 vero
898 2628 1005 2662 bema
1029 2629 1242 2674 ingreditur,
1266 2627 1331 2660 ubi
1349 2633 1386 2660 et
1405 2638 1542 2661 sacram

109 2680 271 2705 mensam
298 2676 336 2705 et
362 2670 554 2707 instratum
574 2673 702 2709 'adorat
726 2685 864 2723 perque
889 2675 1003 2709 latera
1027 2675 1149 2710 sacelli
1174 2679 1212 2709 et
1225 2673 1412 2716 cochleae,
1445 2685 1539 2722 quae
