1878 3112
847 0 879 34 Ι

326 83 432 157 572
562 103 938 145 *CONSTAN'an
993 105 1526 163 PORPHYROGENJTL·

322 202 360 244 α’
389 205 461 245 καί
508 202 815 259 πολυκάνὸηλον
845 203 896 246 α’.
955 207 1117 260 ἰστέον,
1148 202 1211 249 ’ὅτι
1241 207 1263 249 ὃ
1293 209 1498 264 τρίκλινος
1523 213 1616 253 ’ταῖν
1637 215 1778 256 narch-

297 274 299 277 ’
323 270 456 311 δάτων
477 269 712 324 ἐξωπλίσθη
730 268 846 324 παρὰ
875 273 949 312 τοῦ
976 275 1251 327 σακελλαρίου
1281 271 1361 317 άπὸ
1385 276 1595 329 βλαττίων
1622 287 1780 335 ’σκαρκ-

321 333 511 388 μαγγίων
539 335 733 388 μεγάλων
761 335 835 377 καί
861 335 942 378 ἀπὸ
971 341 1202 391 βασιλικῶν
1229 342 1684 399 διαφόρων-ἀργυρῶν
1709 342 1780 400 ἔρ»-

321 415 417 453 γων,
446 396 519 440 καὶ
544 399 868 456 ἐκρεμάσθησαν
908 403 952 443 ἐν
982 403 1098 461 αὕτῷ
1128 402 1331 448 άλυσίὸια
1359 405 1389 448 ε’
1417 410 1492 450 καί
1516 406 1778 464 πολυκάνδηα

284 468 378 508 Dia
407 459 575 520 άργυρᾶ
603 461 686 506 άπὸ
715 468 790 520 τῆς
817 469 913 518 νέας
941 470 1162 525 ἐκκλησίας
1189 469 1233 514 ε’.
1289 461 1448 526 ἰστέον,
1493 470 1560 515 ὅτι
1604 473 1650 516 τὰ
1689 473 1803 526 ἐξωῧ

324 531 401 571 τοῦ
430 529 618 572 σταύλου
646 533 730 574 τῶν
756 531 943 587 ἡμιόνων
972 537 1046 576 καί
1074 535 1151 591 τὴν
1184 535 1349 593 πρώτην
1375 538 1777 595 σχολὴνέξώπλισεν

324 595 345 636 ὁ
377 592 566 652 ὕπαρχος
593 594 712 639 ἔνθεν
738 595 928 641 κάκεῖθεν
956 599 1038 641 ἀπὸ
1066 603 1273 654 βλαττίων
1300 603 1374 646 καί
1399 603 1666 658 ἁπλωμάτων
1705 605 1780 648 καί

323 662 490 715 σενδὲς,
526 663 600 704 καί
641 663 724 704 άπὸ
760 667 849 706 ταῖν
877 667 1203 720 ε’ναποκειμὲνων
1231 664 1486 726 άναγλύφων
1514 667 1705 727 άσημίων
1731 673 1778 713 ἐν

324 732 411 778 τοῖς
439 730 586 778 ξενῶσι
616 731 688 772 καί
718 734 1014 786 γηροκωμειόις
1042 732 1115 775 καὶ
1152 738 1246 784 ταῖς
1283 735 1540 791 ἐκκλησίαις.
1596 736 1777 793 ἐκρεμά-

323 797 488 849 σθησαν
517 795 564 837 δὲ
595 795 796 839 άλυσίὸια
824 795 958 849 ἔξωθε
984 800 1064 852 μὲν
1089 801 1166 841 τοῦ
1194 799 1380 843 σταύλου
1408 804 1490 844 τῶν
1517 802 1705 857 ἡμιόνων
1731 802 1834 856 ε’,ῐκο

325 860 373 901 ἓν
402 861 448 902 δὲ
477 862 529 918 τῇ
563 861 706 918 πρώτῃ
748 865 883 919 σχολῇ
918 863 1050 917 μέσον
1088 867 1165 907 τοῦ
1204 865 1409 921 τρούλλου
1456 867 1516 909 α’·
1573 869 1694 910 ἕνδὲ
1721 871 1780 926 τῷ

326 928 521 985 τρικλίνῳ
550 929 634 968 τῶν
661 929 909 982 ἐξκουβίῑων
945 929 1269 988 ἐκρεμάσθησαν
1299 931 1500 975 ἁλυσιᾌια
1541 933 1588 986 ς’,
1627 936 1701 976 καί
1736 935 1783 976 ἐν

325 992 486 1042 τούτοις
513 992 835 1050 ἐκρεμάσθησαν
864 996 1157 1052 πολυκάνδηλα
1185 998 1350 1053 ἀργυροῖ
1378 997 1459 1040 άπὸ
1485 999 1559 1054 τῆς
1586 1001 1684 1049 νέας
1709 999 1780 1042 ἔκ·-

132 1058 526 1112 Ει1.ι.331κλησίας.
583 1059 740 1113 ἰστέον,
786 1057 849 1104 ὅτι
883 1060 930 1102 τὸ
970 1061 1263 1117 τριβουνάλιον
1291 1064 1515 1114 ἐξώπλισεν
1541 1063 1563 1107 ὅ
1590 1062 1780 1121 ὕπαρχος

327 1122 432 1165 κατά
462 1121 509 1164 τὸ
539 1123 690 1173 εἰωθὸς
730 1127 803 1181 τῆς
830 1126 1116 1182 προελεύσεως
1156 1128 1239 1170 ἀπό
1268 1145 1314 1171 τε
1340 1130 1546 1183 βλαττίων
1573 1128 1833 1184 &alumni-¹5

327 1204 411 1230 των
437 1190 511 1231 καί
536 1191 677 1240 σενδὲς
704 1190 778 1232 καί
804 1186 887 1232 άπὸ
925 1190 1058 1247 ἔργων
1097 1196 1274 1248 χρυσαῖν
1315 1196 1390 1237 καί
1434 1198 1670 1249 χειμευτῶν
1705 1197 1781 1238 καί

330 1253 585 1310 ἄναγλύφων
613 1250 821 1311 άργυρῶν,
853 1255 1042 1312 δηλονότι
1069 1260 1154 1300 τῶν
1182 1259 1516 1316 άργυροπρατῶν
1540 1262 1674 1302 ταῦτα
1695 1278 1779 1303 πα-

330 1318 563 1375 ρεχόντων.
618 1320 941 1377 ἐκρεμάσθησαν
981 1324 1028 1365 δὲ
1072 1323 1271 1366 ‹ii-votvm
1301 1323 1353 1378 ιβ’
1381 1327 1456 1368 καί
1489 1323 1779 1382 πολυκάνδηλα

136 1382 497 1441 Με.ι94.ειᾶργυριῖ
525 1381 608 1427 άπὸ
637 1389 710 1441 τῆς
737 1388 832 1436 νέας
860 1387 1077 1443 ἐκκλησίας
1109 1390 1287 1432 δώδεκα.
1326 1391 1473 1444 ἰστέον,
1500 1387 1564 1434 ὅτι
1591 1390 1663 1434 τὸν
1685 1391 1779 1448 τρί-

331 1456 468 1494 κλινον
495 1454 579 1494 τῶν
607 1455 771 1506 σχολῶν
799 1451 1025 1505 ἐξώπλισεν
1053 1455 1076 1497 ὁ
1109 1453 1300 1511 ὕπαρχος
1327 1454 1446 1499 ἐνθεν
1473 1458 1666 1501 κάκεῖθεν
1693 1454 1836 1500 ἆπὸαο

330 1515 537 1573 βλαττίων
564 1517 638 1560 καί
663 1518 931 1573 ἁπλωμάτων
959 1520 1033 1562 καί
1059 1522 1202 1570 σενδὲς
1245 1521 1319 1564 καί
1343 1521 1426 1564 ἀπὸ
1456 1525 1540 1566 τῶν
1567 1525 1778 1566 ἐναποκει-

330 1585 469 1638 μένων
499 1580 692 1640 ἇσημίων
720 1583 766 1628 ἔν
793 1602 839 1628 τε
866 1591 953 1636 τοῖς
982 1589 1129 1638 ξενῶσι
1158 1589 1232 1629 καί
1256 1588 1549 1644 γηροκωμείοις
1591 1588 1666 1632 καὶ
1688 1595 1780 1640 ταῖς

332 1648 592 1706 ἐκκλησίαις·
649 1651 973 1708 ἐκρεμάσθησαν
1015 1653 1062 1695 δὲ
1100 1653 1298 1696 ἁλυσίδια
1328 1654 1352 1696 ι’
1382 1653 1456 1697 καί
1489 1654 1782 1711 πολυκάνδηλα

334 1802 421 1832 tena
445 1809 515 1832 una
535 1810 614 1833 cum
633 1811 705 1833 uno
727 1800 979 1845 polycandelo.
1028 1801 1244 1834 Triennium
1269 1799 1542 1836 candidatorum
1566 1802 1782 1836 instructum

336 1849 374 1878 et
397 1851 562 1880 ornatum
588 1847 706 1880 fuerat
734 1858 755 1879 a
777 1848 965 1881 sacellario
989 1849 1125 1893 maguis
1152 1847 1300 1881 blatteis
1325 1849 1573 1894 scaramangiis
1597 1850 1779 1894 variisque

336 1894 515 1936 argenteis
540 1892 792 1940 imperialibus
819 1893 1011 1939 operibus,
1037 1901 1074 1936 et
1094 1893 1255 1936 habebat
1281 1895 1444 1941 quinque
1468 1901 1625 1936 catenas,
1649 1906 1670 1929 e
1693 1896 1779 1941 qui-

336 1938 406 1971 bus
435 1939 587 1974 totidem
613 1946 781 1985 argentea
805 1952 918 1975 novae
943 1941 1115 1975 ecclesiae
1134 1940 1372 1986 polycandela
1400 1940 1665 1985 dependebant.
1686 1941 1779 1986 Spa-

338 1986 455 2027 tium,
490 1986 589 2032 quod
615 1993 716 2020 extra
744 1986 922 2020 stabulum
949 1988 1129 2022 mulorum
1158 1994 1230 2028 est,
1256 1993 1293 2021 et
1318 1988 1468 2032 primam
1493 1986 1652 2020 scholam
1675 1998 1782 2021 orna-

337 2038 438 2069 verat
461 2034 661 2078 praefectus
687 2032 792 2067 Urbis
818 2035 946 2079 pannis
967 2036 1090 2068 sericis
1117 2039 1153 2068 et
1178 2033 1447 2078 haplomatibus
1471 2044 1535 2066 seu
1558 2034 1666 2068 vastis
1689 2034 1782 2067 alta-

338 2080 433 2112 rium
457 2081 597 2125 mappis
622 2085 658 2113 et
671 2080 819 2114 sindicis
844 2090 1101 2127 praetereaque
1129 2080 1260 2113 affabre
1286 2079 1386 2113 factis
1412 2084 1449 2112 et
1473 2080 1666 2124 exsculptis
1690 2092 1782 2126 ope-

338 2125 439 2159 ribus
463 2129 654 2170 argenteIS,
678 2125 724 2159 ad
742 2127 840 2160 varia
863 2127 1058 2172 hospitalia
1081 2127 1351 2171 peregrinorum
1379 2130 1416 2159 et
1439 2136 1565 2159 senum
1591 2132 1628 2160 et
1664 2128 1781 2161 eccle-

340 2173 410 2206 si'as
436 2173 728 2217 pertinentibus,
764 2178 801 2205 et
833 2173 922 2206 alias
954 2174 1007 2206 ibi
1041 2173 1227 2217 depositis.
1283 2173 1328 2206 Et
1357 2183 1476 2206 coram
1498 2172 1641 2206 stabulo
1663 2175 1782 2208 mulo-

340 2230 421 2253 rum
462 2219 610 2264 quidem
643 2219 900 2264 dependebant
929 2221 1091 2265 quinque
1123 2217 1358 2264 polycandela
1390 2230 1410 2252 e
1437 2219 1512 2252 suis
1550 2221 1704 2261 catenis,
1741 2221 1783 2255 in

340 2266 460 2312 prima
483 2276 567 2299 vcro
588 2265 709 2299 schola
731 2264 963 2311 dependebat
986 2272 1126 2300 tantum
1151 2276 1262 2298 unum
1288 2275 1308 2298 e
1329 2265 1450 2298 medio
1474 2265 1597 2300 trullo.
1645 2268 1688 2301 In
1715 2269 1784 2302 tri-

312 2347 316 2350 ,
343 2312 456 2346 clinio
482 2311 733 2347 excubitorum
767 2312 1024 2357 dependebant
1049 2325 1068 2347 e
1093 2324 1157 2346 sex
1179 2313 1314 2350 catenis
1349 2311 1502 2346 totidem
1525 2318 1692 2358 argentea
1713 2325 1783 2360 po-

342 2357 534 2403 lycandela
557 2371 601 2393 ex
625 2359 775 2393 ecclesia
799 2370 891 2393 nova
919 2361 1047 2404 petita.
1075 2359 1254 2394 Tribunal
1281 2357 1356 2403 {seu
1388 2358 1588 2393 triclinium
1619 2361 1700 2395 XIX
1723 2372 1786 2394 as>-

346 2406 551 2453 cubituum]
577 2412 766 2440 ornaverat
788 2406 991 2450 praefectus
1018 2406 1123 2440 Urbis
1150 2416 1191 2438 eo
1212 2404 1338 2446 modo,
1359 2411 1398 2438 ut
1418 2406 1497 2439 fieri
1521 2406 1615 2440 solet
1634 2406 1673 2440 in
1697 2419 1784 2453 pro·

346 2453 590 2494 cessionibus,
614 2464 745 2498 nempe
778 2452 952 2492 matteis,
976 2451 1244 2498 haplomatibus
1286 2457 1323 2485 et
1354 2452 1483 2486 sendes
1507 2452 1663 2498 pannis,
1693 2454 1784 2488 item

345 2498 519 2545 operibus
546 2502 663 2534 aureis
690 2505 858 2534 encausto
885 2501 1075 2534 artificiose
1102 2500 1207 2544 pictis
1231 2500 1482 2544 argenteisque
1515 2500 1695 2544 eleganter
1717 2511 1786 2534 ex-

344 2547 520 2591 sculptis‚
543 2558 636 2593 *quae
673 2546 908 2580 cambiatores
948 2546 1277 2592 suppeditaverant.
1343 2545 1480 2580 lbidem
1527 2545 1785 2590 dependebant

348 2592 540 2627 duodecim
565 2598 731 2638 argentea
760 2594 995 2638 polycandela
1022 2605 1041 2626 e
1068 2593 1219 2627 totidem
1254 2593 1404 2627 catenis.
1463 2592 1559 2626 Haec
1587 2591 1633 2626 ad
1656 2603 1785 2627 novam

349 2641 538 2674 ecclesiam
563 2640 804 2684 pertinebant.
855 2641 1069 2674 Triclinium
1093 2639 1292 2672 scholarum
1327 2644 1515 2673 ornaverat
1547 2638 1644 2672 idem
1673 2646 1780 2684 prae-

350 2687 464 2729 fectus
502 2686 607 2722 Urbis
644 2686 688 2720 ab
725 2693 878 2733 utraque
907 2692 1008 2733 parte
1038 2687 1185 2721 blatteis
1221 2691 1257 2720 et
1289 2685 1554 2733 haplomatibus
1579 2690 1616 2720 et
1652 2686 1782 2732 pannis
