1878 3112
290 121 398 177 582
563 141 919 182 CONSTANTlNl
959 128 1452 184 pomnrnocmni

281 240 448 293 ’ἰστέον’,
495 236 554 280 ὅτι
591 240 726 281 ταῦτα
765 239 814 281 τοὶ
855 242 952 295 τρία
990 243 1209 295 στέμματα
1254 240 1369 298 παρὰ
1400 244 1718 294 Κωνσταντίνσν

277 307 358 346 τοῦ
387 303 663 361 φιλοχρίστου
692 305 894 347 δεσπότου
924 307 1327 363 κατεσκευάσθησαν.
1383 309 1518 350 ἰστέον
1527 341 1541 360 ‚
1585 304 1647 350 ὅτι
1673 309 1719 351 ἐν

247 376 373 419 (Ξτοῐς
399 371 599 424 τέσσαρσι
640 372 932 425 μεσοκαρδώις
966 373 1043 414 τοῦ
1073 374 1353 428 μεσοπυργίου
1382 374 1460 415 τοῦ
1486 389 1722 430 πενταπυρ-

279 436 375 490 γιόυ
403 433 474 476 καί
501 436 559 484 εἰς
589 433 636 476 τὸ
667 434 903 492 ἔμπροσθεν
933 435 1211 493 μεσοκάρδιον
1247 441 1323 479 τοῦ
1351 437 1585 495 ἔμπροσθεν
1610 455 1719 494 πυρ-

277 502 369 556 γίου
396 502 468 542 καί
495 501 555 549 εἰς
581 502 655 543 τοῦ
683 503 821 552 δεξιοῦ
848 501 922 544 καί
950 503 1172 559 ἀριστεροῦ
1199 505 1378 558 πυργίον
1404 503 1453 546 τὰ
1481 502 1744 560 ἔμπροσθενό

275 565 529 622 μεσοκάρὸια
556 567 875 623 ἐκρεμάσθησαν
911 566 1095 625 διάφορα
1123 567 1375 624 ἐργομούκια
1403 566 1485 612 ἀπὸ
1511 573 1587 612 τοῦ
1613 573 1718 612 ναοῦ

275 635 351 675 τοῦ
379 631 499 687 ἁγίου
526 633 897 691 μεγαλομοίρτυρος
926 636 1173 690 Δημητρίου
1213 637 1286 676 καί
1324 637 1370 678 ἐκ
1397 637 1480 678 τῶν
1507 637 1718 678 ἐναποκει-

273 701 412 752 μένων
438 700 498 749 εἷς
523 698 593 742 τὸν
622 699 818 756 φύλακα.
872 702 916 743 ἐν
946 702 991 743 δὲ
1020 706 1105 750 τοῖς
1134 700 1312 751 ξυλίνοις
1339 702 1524 751 ἐκδὲταις
1550 708 1635 752 τοῖς
1666 701 1716 743 οἷ-

273 763 328 806 πὸ
349 763 394 807 τό
424 764 728 821 πενταπύργιον
755 768 799 808 ἐν
825 772 910 816 τοῖς
935 768 1088 820 τοίχοις
1110 767 1391 820 ἐκδεδεμένοις
1430 769 1719 822 συνεδέθησαν

272 828 324 872 τὰ
354 829 540 888 νυμφικά
574 830 757 887 ζωνάρια
786 830 838 874 τὰ
867 833 912 874 ἐκ
940 833 1072 874 λίθων
1110 833 1184 874 καί
1222 831 1453 889 μαργάρων
1479 828 1771 888 ἦμφιεσμέ-ιο

272 913 326 938 να
368 898 440 940 καὶ
474 896 527 939 τὰ
556 898 851 951 ἐναποκειμενα
898 899 943 940 ἐν
970 898 1028 956 τῷ
1057 895 1235 954 φύλακι.
1291 898 1445 951 ἰστέον,
1492 894 1555 940 ὅτι
1583 898 1641 948 εἷς
1667 897 1714 940 τὸ

269 964 399 1014 μέσον
442 962 748 1018 πολυκάνδηλον
790 965 867 1005 τοῦ
895 964 1251 1020 Ιχρυσοτρικλίνου
1298 961 1620 1020 ἐκρεμάσθησαν
1662 961 1715 1006 τοὶ

230 1026 351 1068 Βδύο
380 1024 657 1082 αὔγουστιακὰ
685 1027 1040 1085 στηθοκαράκαλα
1069 1028 1144 1071 καί
1167 1027 1210 1070 αἱ
1241 1027 1318 1070 δύο
1347 1019 1592 1083 διακοπταί,
1634 1030 1716 1083 μία

270 1093 298 1147 ἦ
328 1092 513 1149 νυμφική
544 1092 616 1135 καί
641 1091 763 1149 ἑτέρα
795 1093 820 1149 ἦ
850 1096 896 1136 ὲν
933 1096 992 1152 τῷ
1026 1093 1183 1150 φύλακι
1226 1090 1493 1150 ἀποκειμένη,
1550 1093 1624 1136 καὶ
1662 1092 1714 1136 τὰ

270 1158 349 1200 δύο
379 1155 663 1212 αὖγουστιακοὶ
693 1158 942 1202 κατασειστὰ
984 1160 1058 1200 καί
1084 1158 1136 1201 τοὶ
1178 1157 1254 1200 δύο
1294 1158 1579 1214 αὕγουστιακὰ
1621 1160 1767 1202 nrt-15

240 1239 242 1242 ’
269 1222 437 1280 κτάρια·
490 1224 534 1266 ἐν
562 1226 608 1266 δὲ
634 1226 694 1280 τῷ
716 1224 885 1281 μεγάλῳ
914 1223 1099 1279 κοσμὴτῃ
1114 1226 1192 1266 τοῦ
1218 1219 1350 1266 auito&
1372 1224 1713 1281 χρυσοτρικλίνου

269 1290 331 1338 εἷς
358 1288 459 1338 τούς
485 1291 617 1331 ἐκεῖσε
645 1289 848 1343 δαυγίτας
874 1290 1196 1346 ἐκρεμάσθησαν
1229 1289 1454 1345 μινσούρια
1492 1292 1567 1332 καί
1588 1305 1716 1344 μεσο-

269 1352 492 1397 exodum
534 1355 701 1410 α’ργυρᾶ
734 1353 896 1408 μεγάλα
936 1352 1159 1411 οἷνάγλυφα
1196 1355 1242 1396 ἐκ
1279 1357 1361 1397 τῶν
1388 1355 1715 1408 ἐναποκειμένων

269 1424 314 1464 ἐν
339 1422 394 1479 τῷ
411 1422 634 1478 βεστιαρύιυ
665 1421 741 1462 τοῦ
753 1422 1000 1476 Καριανοῦ.
1027 1415 1190 1463 ἄνωθεν
1214 1421 1260 1462 δὲ
1274 1418 1418 1470 εἰςτὰς
1432 1419 1481 1469 ις’
1511 1437 1715 1478 φωταγω-

268 1485 341 1542 γοῦ
349 1502 368 1535 ς
377 1486 569 1541 καμάρας
578 1488 652 1527 τοῦ
660 1484 860 1542 τροὺλλου
872 1487 948 1528 τοῦ
958 1487 1089 1529 αὐτοῦ
1095 1501 1281 1542 χρυσοτρ
1287 1486 1442 1528 ικλίνου
1451 1483 1767 1542 ἐκρεμάσθη-πο

270 1569 349 1594 σαν
382 1549 434 1593 τοὶ
477 1550 606 1607 μικρὰ
635 1553 876 1595 σκουτὲλλια
900 1553 983 1594 τῶν
1025 1552 1336 1608 προειρημένων
1360 1553 1615 1606 μινσουρίων
1641 1552 1715 1594 καί

269 1617 596 1674 μεσοσκετὲλλων
624 1616 726 1660 zato?
753 1619 948 1675 καμάραν
976 1616 1022 1672 ζ’,
1075 1617 1150 1660 καὶ
1181 1613 1292 1660 αὗτιὶ
1317 1611 1414 1660 ὄντα
1442 1613 1676 1674 ἇνοίγλυφα.

272 1753 391 1797 magui
415 1753 576 1796 martyris
604 1753 777 1789 Demetrii
802 1766 884 1788 cum
908 1765 1011 1789 cruce
1039 1759 1074 1788 ct
1097 1753 1273 1797 columba.
1338 1753 1428 1787 Tres
1460 1752 1530 1786 hae
1568 1752 1710 1786 infulae

273 1800 461 1833 consectae
486 1800 635 1833 fuerunt
668 1800 768 1835 iussu
793 1802 1023 1835 Constantini
1056 1800 1237 1834 Christum
1272 1801 1425 1834 amantis
1458 1799 1619 1835 Domini.
1665 1800 1709 1833 In

274 1851 431 1891 quatuor
464 1847 680 1880 meditulliis
710 1860 772 1882 seu
809 1848 937 1882 mediis
974 1847 1103 1881 loculis
1131 1848 1188 1881 vel
1219 1847 1393 1881 tabulatis
1423 1846 1565 1881 mediae
1600 1846 1710 1879 turris

274 1893 504 1938 pentapyrgii
528 1905 590 1927 seu
617 1899 816 1928 structurae
843 1896 1005 1941 quinque
1033 1894 1165 1928 scrinia
1189 1892 1358 1927 habentis
1373 1919 1382 1934 ,
1405 1897 1442 1926 et
1465 1893 1504 1927 in
1528 1893 1711 1927 anteriore

275 1938 483 1974 meditullio
508 1941 699 1975 anterioris
723 1942 847 1975 scrinii
871 1947 908 1975 et
931 1940 1172 1975 anterioribus
1204 1940 1420 1974 meditulliis
1447 1939 1594 1974 dextrae
1617 1938 1709 1971 sini-

275 1991 441 2031 straeque
475 1988 585 2020 turris
618 1998 680 2020 seu
713 1989 837 2022 scrinii
867 1986 1079 2034 pendebant
1114 1987 1213 2021 varia
1244 1986 1445 2030 ergomucia
1469 1997 1488 2019 e
1511 1984 1647 2030 templo
1671 1983 1706 2018 S-

274 2034 394 2075 magni
433 2035 597 2076 martyris
631 2034 828 2075 Demetrii,
859 2041 897 2068 et
928 2034 998 2068 alia
1032 2045 1052 2068 e
1090 2032 1242 2078 phylace
1279 2033 1478 2077 depromta,
1522 2030 1550 2064 E
1574 2029 1705 2075 ligneis

273 2078 422 2122 paxillis
437 2090 456 2112 e
470 2079 670 2124 parietibus
681 2081 903 2126 pentapyrgii
919 2080 1164 2113 eminentibus
1177 2078 1430 2124 dependebant
1439 2077 1584 2156 αΙΙίᾕειιᾶ
1596 2087 1706 2121 spon-

275 2124 366 2156 salia
393 2127 556 2166 zonaria,
581 2128 727 2170 gemmis
757 2132 794 2160 et
816 2127 1014 2171 margaritis
1047 2126 1240 2166 distincta,
1273 2135 1292 2156 e
1348 2123 1473 2169 hylace
1531 2127 1704 2168 epromtar.

273 2170 302 2203 E
329 2170 448 2204 medio
472 2172 709 2218 polyc-andelo
734 2172 1013 2216 chrysotriclinii
1038 2170 1293 2217 dependebant
1315 2135 1387 2204 ‹fuo
1407 2170 1610 2216 augustiaca
1631 2174 1707 2204 ste-

272 2215 499 2258 thocaracala
524 2229 587 2251 seu
612 2219 807 2253 caracallae
832 2224 894 2252 aut
931 2217 1064 2252 cuculli
1096 2218 1294 2262 pectorales
1327 2222 1364 2250 et
1389 2216 1481 2250 duae
1516 2215 1705 2261 diacoptae

274 2272 339 2296 seu
369 2269 484 2296 vestes
509 2264 689 2306 radiatae,
713 2277 783 2298 una
814 2276 829 2297 s
858 2266 1016 2306 onsalis,
1050 2264 1162 2298 altera
1197 2264 1236 2297 in
1270 2261 1421 2308 phylace
1448 2263 1633 2309 deposita,
1667 2267 1707 2296 et

276 2309 349 2343 duo
377 2311 583 2355 augustiaca
609 2312 797 2345 cataseista
831 2276 911 2391 Kalen
945 2312 1005 2345 fila
1037 2311 1317 2355 margaritarum,
1351 2310 1474 2356 qualia
1503 2311 1624 2344 solent
1657 2319 1702 2342 ex

276 2360 431 2402 utroque
471 2358 600 2402 capitis
631 2358 744 2391 latere
773 2358 814 2392 in
873 2369 1010 2391 umeros
1045 2355 1292 2404 dependere1,
1323 2361 1361 2390 et
1393 2356 1464 2390 duo
1497 2367 1542 2390 au
1568 2356 1703 2389 ustiaca

273 2403 451 2447 pnictaria
481 2402 557 2451 [seu
582 2405 828 2438 mamellarum
850 2402 1063 2451 strictoria].
1110 2405 1153 2438 In
1187 2414 1313 2448 magno
1352 2408 1508 2437 cosmeta
1546 2369 1616 2450 {vel
1639 2413 1705 2448 pa-

274 2448 421 2497 ratorio]
450 2451 611 2485 eiusdem
636 2450 913 2495 chrysotriclinii
939 2462 958 2485 e
987 2451 1153 2484 fenestris
1190 2449 1444 2494 dependebant
1473 2449 1635 2483 missoria
1666 2448 1704 2483 et

273 2497 445 2530 scutellae
470 2498 660 2538 mensales,
689 2504 878 2542 argenteae
902 2507 1050 2541 magnae
1073 2495 1295 2541 anaglyphae
1321 2507 1340 2530 e
1364 2497 1532 2530 vestiario
1557 2494 1702 2530 Cariani

272 2540 492 2587 depromtae.
539 2544 708 2590 Superius
732 2556 751 2577 e
776 2544 932 2578 sedecim
958 2543 1156 2577 fornicibus
1179 2543 1383 2576 fenestratis
1405 2543 1507 2577 trulli
1530 2542 1589 2576 vel
1611 2551 1703 2586 cup-

223 2599 227 2602 *
271 2590 378 2633 polae
404 2589 683 2634 chrysotriclinii
707 2590 917 2636 pendebant
940 2591 1096 2624 minores
1120 2590 1292 2623 scutellae
1323 2589 1368 2623 ad
1393 2589 1457 2622 illa
1479 2588 1587 2622 modo
1621 2598 1699 2633 me7

269 2641 404 2675 inorata
431 2638 593 2671 missoria
617 2643 654 2672 et
676 2638 851 2671 mensales
876 2637 1043 2671 scutellas
1067 2637 1309 2681 pertinentes,
1334 2637 1444 2669 etiam
1482 2636 1579 2680 ipsae
1613 2636 1700 2667 ana*

270 2681 422 2726 glyphae
455 2696 517 2718 seu
554 2685 674 2729 figuris
701 2683 925 2719 exstantibus
952 2682 1241 2730 protuberantes,
1265 2683 1304 2717 in
1322 2683 1472 2728 singulis
1500 2679 1700 2716 fornicibus

270 2733 456 2773 septenae.
1510 2741 1514 2745 ·
