1832 3112
283 130 309 183 7
323 131 350 163 2
560 128 918 172 CONSTANTINI
971 129 1380 173 PORPHYROGEN
1386 133 1458 173 1T1

287 229 326 272 οἱ
358 231 402 271 δὲ
433 231 968 287 σπαθαροκουβικουλάριοι
995 230 1047 274 τοὶ
1086 233 1249 275 σπαθία
1284 233 1437 276 αὕτῶν.
1492 228 1733 286 οἷνοίξαντος
1765 277 1769 284 ,

287 298 332 338 δὲ
361 299 438 337 τοῦ
466 296 700 351 παλατίου,
748 295 788 338 οἱ
814 298 894 350 μὲν
935 299 1012 338 τοῦ
1049 299 1341 352 κουβουκλειου
1383 296 1563 350 ἅπαντες
1595 302 1732 358 εἰσέρ-

107 373 433 417 Μι.46.ηχονται
461 361 530 404 διὰ
560 364 642 404 τῶν
672 363 928 416 διαβατικῶν
956 365 1040 406 τῶν
1068 361 1199 419 ἇγίων
1224 365 1280 419 μ’,
1309 362 1571 420 ἐκδεχόμενοι
1598 367 1731 409 ε’κεῖσε

283 427 357 470 τὸν
385 431 561 482 βασιλέα
578 462 590 480 ,
638 425 676 469 οἱ
706 429 754 470 δὲ
792 432 1007 486 πατρίκιοι
1034 432 1106 472 καί
1133 433 1362 487 στρατηγοὶ
1386 428 1475 485 ἅμα
1501 433 1584 474 τῶν
1607 433 1732 486 δομε-

279 493 434 537 στίκων
462 495 653 535 ἵστανται
681 494 726 536 ἐν
752 496 811 552 τῷ
839 494 1067 553 ἡμικυκλίῳ
1094 498 1173 538 τοῦ
1192 496 1432 552 τρικόγχου,
1460 496 1518 548 ὥς
1545 495 1758 546 εἴθισται5

282 556 437 609 αὐτοῖς.
495 558 517 600 ὃ
548 561 594 602 δὲ
622 559 823 614 βασιλεύς
859 559 1178 617 δηριγευόμενος
1212 559 1295 604 ὑπὸ
1325 565 1409 605 τῶν
1446 566 1525 605 τοῦ
1549 566 1729 618 κουβου..

279 624 442 678 κλείου,
487 627 630 682 φορῶν
658 626 804 681 σαγίον
827 630 1044 683 χρυσοῦν,
1081 629 1295 685 ἐξέρχεται
1330 628 1403 671 διὰ
1438 631 1513 685 τῆς
1539 631 1730 686 γανωτῆς

242 690 419 746 Βπύλης
447 694 524 733 τοῦ
551 691 802 749 τρικόγχου,
845 695 919 735 καί
947 694 1142 748 δέχονται
1179 690 1310 736 αὗτὸν
1348 695 1480 738 ἐκεῖσε
1516 696 1734 752 πατρίκιοί

276 774 322 800 τε
352 756 428 799 καί
465 760 692 814 στρατηγοί
729 755 819 812 ἅμα
862 760 1141 813 δομεστίκοις,
1183 762 1259 801 καί
1298 758 1616 816 δηριγευόμενος
1644 758 1728 804 dmi

277 841 323 866 τε
352 826 436 866 τῶν
474 825 552 866 τοῦ
590 826 887 879 κουβουκλείου
929 828 1320 882 πρωτοσπαθαρίων
1356 825 1598 882 βαρβάτων,
1641 842 1781 881 pta-10

277 892 512 947 γλαβιτῶν,
554 893 626 932 καί
650 892 805 934 λοιπῶν
834 892 1065 946 οἰκειακῶν,
1093 891 1308 948 διέρχεται
1335 890 1407 934 διὰ
1430 894 1509 949 ,τ’ἦς
1532 889 1727 949 Δάφνης,

278 953 423 999 ἅπτων
452 954 508 1005 ὥς
533 959 578 1008 ἐξ
605 954 730 1006 ἔθους
755 957 801 998 ἐν
828 962 916 1007 τοῖς
943 953 1174 1013 εὗκτηρίοις
1202 959 1326 1014 κηρία
1335 990 1351 1013 ,
1394 957 1468 1000 καί
1493 960 1728 1016 εἰσέρχεται

277 1024 324 1066 ἓν
350 1024 406 1080 τῷ
434 1025 598 1066 κοιτῶνι
624 1024 701 1066 τοῦ
728 1019 1012 1078 αὖγουστέως,
1051 1024 1326 1078 ἐκδεχόμενος
1350 1023 1424 1067 τὸν
1450 1023 1610 1081 καιρόν.
1650 1041 1727 1068 κα·-

275 1087 528 1144 ταλαβόντος
565 1090 613 1132 δὲ
655 1091 733 1132 τοῦ
764 1091 940 1145 καιροῦ,
981 1089 1279 1145 περιβάλλεται
1312 1089 1494 1145 χλανίδα
1532 1090 1604 1133 διὰ
1643 1091 1726 1133 τῶν

276 1152 540 1212 βεστητόρων
569 1155 722 1211 λευκὴν
747 1156 1018 1213 χρυσοφεγγῆ
1029 1189 1043 1208 ,
1071 1154 1144 1197 καί
1169 1154 1492 1214 δηριγευόμενος
1527 1153 1612 1198 ὖπὸ
1641 1155 1779 1205 ταῖνιὸ

275 1220 491 1279 ἀρχόντων
518 1225 596 1263 τοῦ
624 1221 947 1276 κουβουκλείου,
989 1223 1199 1278 διέρχεται
1240 1220 1310 1264 διὰ
1341 1222 1417 1265 τοῦ
1446 1221 1727 1281 αὕγουστέως,

274 1289 472 1330 ἵστανται
500 1289 546 1331 δὲ
572 1285 653 1338 ἔξω
683 1290 758 1343 τῆς
786 1288 942 1344 πύλης,
983 1287 1086 1331 ἔνθα
1113 1287 1158 1331 τὸ
1184 1291 1312 1345 βῆλον
1339 1289 1568 1346 κρέμαται,
1610 1305 1728 1345 πρω-

271 1353 554 1410 τοσπαθάριοι
584 1355 806 1411 βαρβάτοι,
834 1355 1096 1410 ἦλλαγμὲνοι,
1123 1354 1401 1410 βαστάζοντες
1419 1353 1727 1411 σπαθοβάκλια.

73 1421 143 1460 Ed.
160 1421 343 1469 1444καί
371 1418 552 1464 διελθών
580 1421 603 1462 ὅ
631 1421 834 1475 βασιλεύς
863 1421 935 1463 διὰ
978 1423 1054 1464 τοῦ
1090 1423 1236 1464 στενοῦ
1272 1424 1348 1477 τῆς
1371 1423 1538 1478 χρυσῆς
1563 1418 1724 1478 χειρὸς,

273 1486 500 1542 ἀνέρχεται
537 1487 583 1529 ἐν
623 1489 676 1544 τῇ
714 1488 848 1545 χαλκῇ
889 1485 996 1545 πύλῃ
1039 1488 1115 1530 τοῦ
1150 1487 1375 1542 ὄνόποδος,
1422 1489 1495 1530 καί
1532 1488 1778 1541 δέχονταιαο

271 1550 397 1595 αὐτὸν
425 1554 633 1609 πατρίκιοι
660 1553 734 1596 καὶ
759 1555 995 1611 στρατηγοί·
1072 1554 1445 1612 προσκυνησάντων
1481 1555 1529 1596 δὲ
1557 1554 1615 1612 τῷ
1642 1555 1721 1607 βα-

270 1621 400 1672 σιλεῖ’,
446 1618 558 1661 νεύει
587 1619 611 1662 ὅ
640 1619 915 1678 πραιπόσιτος
952 1623 1010 1680 τῷ
1048 1621 1121 1677 τῆς
1149 1620 1441 1670 καταστάσεως
1469 1618 1549 1662 ἀπὸ
1580 1618 1722 1661 κελεύ-

271 1700 399 1739 σεως,
439 1684 512 1727 καί
551 1687 661 1741 λέγει
715 1686 1012 1742 ,,κελευ’σατε·”
1078 1685 1199 1730 αὐτοὶ
1226 1688 1272 1729 δὲ
1298 1684 1598 1743 ὖπερεύχονται
1634 1686 1723 1739 ,,ει’ς

270 1750 451 1802 πολλοὺς
479 1751 553 1795 καὶ
579 1749 768 1808 ἀγαθούς
794 1752 1010 1812 χρόνους.”
1046 1753 1153 1798 οἶδὲ
1182 1751 1624 1811 σπαθαροκανδιδοίτοι
1648 1754 1723 1795 καί

368 1866 399 1901 3.
425 1867 500 1902 τῶν
525 1864 752 1910 διαβατικῶν
777 1846 844 1902 οιιιι.
873 1867 930 1902 ed.
1027 1869 1058 1903 8.
1088 1868 1288 1913 πατρίκιοι
1309 1866 1374 1900 καὶ
1399 1866 1456 1904 ed.
1536 1876 1590 1901 ιο.
1615 1874 1722 1910 πρω-

365 1915 532 1950 τοσπαθ,
580 1914 640 1947 Sic
674 1913 708 1947 h.
746 1915 772 1951 l.
806 1920 843 1948 et
874 1925 974 1960 V.17.
1000 1914 1229 1948 scribendum
1253 1919 1295 1947 ut
1313 1925 1420 1959 supra
1441 1923 1475 1958 p.
1490 1913 1557 1959 67,
1579 1923 1630 1958 19.
1655 1922 1719 1957 pro

366 1969 409 1992 eo
424 1984 436 2000 ‚
463 1959 561 2006 quod
587 1960 642 1993 ed.
670 1960 820 1995 exhibet
844 1961 1004 2003 ἄσπαθ.,
1027 1966 1198 1997 monente
1221 1958 1368 1995 Reiskio
1393 1958 1440 1994 ad
1459 1969 1494 2006 p.
1520 1958 1564 2003 ²4
1579 1983 1590 2000 ,
1615 1959 1670 1994 23.

271 2077 362 2110 latio
379 2101 389 2117 ‚
428 2076 644 2112 cubicularii
670 2090 794 2114 omnes
819 2091 884 2126 per
917 2078 1154 2125 quadraginta
1191 2082 1397 2113 sanctorum
1431 2075 1558 2112 aedem
1581 2076 1723 2123 intrant

272 2124 530 2168 Imperatorem
557 2127 764 2170 excepturi3
800 2126 947 2171 patricii
973 2137 1057 2160 vero
1084 2131 1121 2159 et
1145 2126 1294 2171 strategi
1334 2136 1415 2159 cum
1447 2123 1656 2158 domesticis
1681 2124 1722 2157 in

223 2204 225 2207 ,
271 2169 487 2214 hemicyclio
525 2172 719 2206 triconchii
752 2178 792 2206 ut
826 2174 914 2218 ipsis
947 2185 1024 2206 mos
1058 2177 1113 2206 est
1145 2171 1300 2207 adstant.
1360 2171 1520 2217 Stipatus
1555 2176 1676 2204 autem
1700 2180 1723 2204 a

273 2217 511 2251 cubiculariis
539 2219 756 2264 Imperator,
784 2231 866 2266 sago
889 2231 998 2253 aureo
1024 2225 1170 2254 ornatus
1187 2244 1198 2261 ,
1230 2231 1298 2265 per
1323 2219 1501 2252 cancellos
1524 2215 1723 2252 triconehii

277 2263 471 2308 egreditur,
497 2277 651 2312 eumque
672 2268 828 2310 patricii,
854 2266 1000 2311 strategi
1019 2272 1056 2300 et
1079 2266 1267 2300 domestici
1294 2265 1348 2300 ibi
1371 2266 1568 2311 excipiunt·
1595 2265 1679 2298 Post
1698 2273 1722 2296 a

270 2312 577 2357 protospathariis
610 2313 772 2347 barbatis
799 2314 981 2354 cubiculi,
1006 2313 1232 2347 manclavitis
1268 2314 1474 2358 ceterisque
1513 2310 1720 2346 domestici·

273 2358 441 2403 stipatus,
466 2370 530 2403 per
554 2359 746 2404 Daphnem
773 2361 914 2401 transit,
939 2361 1097 2393 accensis
1123 2372 1186 2405 pro
1209 2372 1309 2394 more
1335 2361 1376 2393 in
1403 2359 1570 2394 oratoriis
1594 2357 1722 2398 cereis,

272 2406 387 2451 inque
415 2405 584 2440 cubiculo
611 2408 788 2452 augustali
816 2413 958 2452 tempus
982 2412 1157 2440 statutum
1184 2411 1378 2452 exspectat.
1429 2406 1512 2451 Quo
1535 2405 1720 2445 veniente,

271 2453 396 2485 tunica
423 2453 506 2487 alba
530 2465 617 2487 auro
643 2454 859 2499 splendente
883 2466 903 2487 a
935 2453 1168 2487 vestitoribus
1206 2453 1395 2494 induitur,
1431 2462 1525 2498 aque
1550 2451 1719 2486 cubiculo

272 2499 467 2544 praefectis
495 2500 675 2545 stipatus,
716 2513 782 2546 per
816 2501 999 2545 augustale
1033 2501 1182 2542 transit,
1220 2500 1400 2534 stantibus
1438 2504 1540 2533 extra
1563 2502 1719 2543 portam,

273 2546 338 2579 ubi
371 2548 513 2582 cortina
543 2559 715 2593 suspensa
741 2552 818 2589 est,
862 2546 1159 2593 protospathariis
1193 2547 1376 2587 barbatis,
1407 2546 1474 2592 qui
1507 2544 1718 2578 mutatorias

274 2604 434 2638 suosque
479 2593 754 2639 spathobaculos
796 2600 946 2639 gestant.
1019 2594 1207 2639 Digressus
1246 2595 1444 2638 Imperator
1473 2603 1540 2637 per
1575 2595 1719 2624 stenum

274 2651 405 2674 aureae
433 2652 583 2683 manus,
615 2641 660 2674 ad
694 2652 842 2674 aeneam
877 2646 1018 2686 portam
1059 2641 1234 2685 onopodii
1260 2639 1444 2686 procedit,
1481 2637 1547 2672 ubi
1569 2637 1718 2682 patricii

277 2693 314 2719 et
337 2689 485 2732 strategi
511 2700 592 2722 eum
619 2689 817 2733 excipiunt,
843 2687 976 2733 quibus
1002 2689 1259 2732 Imperatorem
1292 2685 1537 2725 adorantibus,
1563 2694 1718 2729 praepo-

277 2735 367 2768 situs
393 2735 642 2771 cerimoniario
667 2746 688 2770 a
724 2735 894 2770 mandato
930 2735 1069 2780 signum
1101 2733 1188 2776 dat,
1221 2735 1324 2780 isque
1350 2733 1462 2767 dicit:
1495 2729 1647 2775 lubetef
1679 2733 1718 2763 at
