1878 3112
370 158 443 199 m:
479 153 737 199 cmmou.
777 153 957 196 AUIAE
991 152 1215 196 BYzAN‘r.
1245 152 1279 191 1.
1309 151 1377 197 72.
1473 129 1581 186 361

149 264 235 311 τοῖς
260 263 464 314 πτωχοῖς,
506 253 618 306 ὅπως
644 254 902 298 ἆνακλιθῶσι
941 256 1026 307 μετ’
1055 253 1185 296 αὐτοῦ
1211 253 1270 302 εἷς
1291 248 1345 293 τὰ
1375 247 1430 292 ιθ’
1461 247 1591 292 οἰκοῦ-

154 327 251 378 βιτα
278 321 387 364 κατὰ
415 320 490 376 τὴν
517 322 702 376 ἀρχαίαν
729 320 970 375 συνήθειαν,
1029 320 1047 375 (
1058 321 1139 376 Β.)
1175 318 1259 360 Τοῦ
1286 317 1332 359 δὲ
1359 317 1432 371 τῆς
1459 331 1590 357 κατα-

151 388 336 438 στάσεως
364 387 709 442 δηλοποιὴσαντος
732 388 789 442 τῷ
817 386 1098 444 πραιποσίτῳ,
1148 380 1205 434 ὥς
1234 378 1300 424 ὅτι
1326 379 1589 437 ἧτοιμάσθη-

153 468 234 496 σαν
262 450 440 505 ἅπαντα,
469 450 492 494 ὅ
520 451 793 507 πραιπόσιτος
821 453 941 505 δηλοῖ
962 451 1019 506 τῷ
1044 453 1221 503 βασιλεῖ’.
1268 446 1290 491 ὅ
1319 449 1366 491 δὲ
1393 444 1624 501 βασιλεῦςΒ

124 520 399 575 ὄκατέρχεται
425 516 497 559 διὰ
523 519 596 573 τῆς
623 519 784 571 λιθίνης
811 517 980 568 σκάλας,
1021 516 1093 557 καί
1117 516 1226 569 λέγει
1244 515 1301 572 τῷ
1327 512 1587 570 πραιποσίτῳ

156 582 264 638 „1563
302 581 667 638 μεταστάσιμον,”
706 582 891 630 κάκεῖνος
928 580 1037 634 λέγει
1076 579 1266 634 μεγάλως
1307 576 1592 634 ,μεταστᾶσι-

150 650 267 703 μον.”
322 650 395 690 καί
419 649 647 703 εἰσέρχεται
675 646 696 689 ὃ
723 645 921 700 βασιλεῦς
948 647 1006 696 εἷς
1034 644 1104 688 τὸν
1133 648 1329 698 κοιτῶνα,
1371 643 1445 686 καί
1469 658 1590 700 περι-

151 710 351 768 βάλλεται
378 711 454 767 τὴν
477 714 657 767 χλανίδα
688 711 820 753 αὑτοῦ
849 710 920 752 διὰ
947 711 1030 753 τῶν
1066 711 1349 766 βεστητόρων,
1388 708 1463 751 καί
1496 725 1590 751 ατε-

153 782 281 836 ‹pff-stc
300 777 381 821 ῦπὸ
401 781 478 820 τοῦ
498 780 787 834 πραιποσίτου,
815 778 1028 833 ἐξέρχεται
1050 775 1122 818 διὰ
1143 778 1219 818 τοῦ
1237 777 1395 828 στενοῦ,
1422 773 1496 816 καὶ
1514 779 1592 816 λα-

103 842 297 899 ιοβόντος
333 846 679 901 κουβικουλαρίου
717 842 763 886 τὸ
798 846 951 898 βῆλον,
997 843 1229 898 εἰσέρχεται
1268 841 1290 883 ὅ
1317 839 1519 895 βασιλεῦς
1544 842 1591 883 ἐν

150 912 207 968 τῷ
233 909 398 968 μεγάλῳ
425 913 635 968 τρικλίνῳ,
680 910 724 951 ἐν
749 903 782 969 ᾧ
810 909 961 966 α’ριστᾷ
998 910 1049 966 τῇ
1079 909 1186 964 αὐτῇ
1224 907 1382 965 ἡμέρᾳ,
1424 907 1591 948 κάκεῖσε

152 976 343 1018 ἵστανται
371 974 409 1017 οἱ
439 972 637 1031 ἄρχοντες
663 975 739 1016 τοῦ
768 976 1078 1028 κουβουκλειόυ.
1115 973 1138 1015 ὁ
1168 975 1215 1015 δὲ
1238 971 1450 1029 ὀστιάριος
1473 972 1592 1014 ἵστα·-

152 1057 224 1083 ται
250 1043 311 1091 εἰς
334 1039 380 1083 τὸ
408 1043 538 1096 βῆλον
564 1038 690 1094 κάτω,
716 1040 791 1083 καί
815 1039 957 1094 λαβών
983 1042 1118 1094 νεῦμα
1146 1037 1168 1082 ὅ
1198 1036 1473 1096 πραιπόσιτος
1500 1055 1584 1080 πα-

151 1105 209 1164 ρὰ
235 1109 310 1150 τοῦ
333 1109 560 1162 βασιλέως,
607 1107 756 1150 δίδωσι
791 1110 926 1161 νεῦμα
965 1108 1022 1164 τῷ
1060 1108 1258 1164 ὀστιαρίῳ
1285 1107 1344 1164 τῷ
1370 1106 1590 1161 κρατοῦντι

101 1170 198 1218 15τὸ
225 1174 365 1227 βῆλον,
393 1171 467 1213 καί
503 1173 660 1227 εἰσάγει
686 1171 785 1222 τούς
811 1174 1065 1229 πατρικίους,
1093 1169 1284 1226 καθάπερ
1317 1170 1391 1213 καί
1417 1169 1490 1212 ἐπὶ
1512 1170 1627 1212 τοῦῦ

149 1237 345 1290 ἱππικοῦ,
371 1236 446 1279 καὶ
471 1241 692 1281 πίπτουσιν
728 1237 767 1280 οἱ
795 1239 1027 1294 πατρίκιοι,
1055 1237 1129 1279 καί
1154 1234 1335 1280 στάντων
1363 1233 1501 1278 αῦτῶν
1530 1237 1590 1286 εἰς

148 1302 249 1353 τοῦς
273 1299 424 1352 τόπους
452 1304 604 1358 αὐτῶν,
632 1305 837 1357 λαμβάνει
867 1306 1001 1357 νεῦμα
1030 1302 1051 1345 ὅ
1073 1302 1358 1361 πραιπόσιτος,
1387 1304 1461 1345 καί
1479 1303 1782 1362 λέγειΙΜ3,ι45,ι)

148 1372 238 1411 κατ’
266 1369 378 1411 ἰδίαν
413 1370 719 1422 ,,κελευ’σατε.”
774 1370 848 1412 καί
886 1372 1125 1425 ἐξέρχονται
1171 1367 1462 1425 ὀψικεύοντες,
1516 1367 1593 1410 καί

147 1432 273 1477 πάλιν
299 1433 380 1487 ἐξω
405 1437 482 1478 τοῦ
508 1433 639 1491 βήλου
665 1437 885 1479 πίπτουσιν
912 1436 951 1479 οἱ
981 1438 1206 1491 πατρίκιοι,
1234 1438 1308 1477 καί
1330 1434 1475 1488 λαβών
1494 1435 1592 1476 νεῦ-

95 1517 212 1554 αομα
239 1500 262 1543 ὅ
288 1500 584 1556 πραιπόσιτος,
613 1501 726 1545 νεύει
751 1506 808 1559 τῷ
835 1506 908 1557 τῆς
934 1502 1240 1554 καταστάσεως,
1266 1503 1453 1549 κάκεῖνος
1479 1501 1592 1553 λέγει

147 1565 442 1618 ,μελεύσατεΡ
495 1567 568 1609 καί
595 1569 832 1624 ἐξέρχονται
860 1568 1128 1621 ὅψικεύοντες
1154 1566 1227 1609 τὸν
1253 1567 1432 1621 βασιλέα
1459 1566 1590 1619 μέχρι

147 1632 222 1686 τῆς
249 1632 382 1687 πύλης
408 1633 466 1681 εἷς
492 1631 544 1675 τά
571 1633 739 1689 βάθρα,
786 1633 859 1675 καὶ
885 1630 1108 1689 ἆνέρχεται
1137 1633 1159 1675 ὅ
1187 1630 1388 1686 βασιλεὺς
1416 1633 1487 1672 ἐπὶ
1511 1631 1590 1673 τοῦ

149 1697 322 1748 σέντζου
356 1695 500 1752 αῦτοῦ,
526 1702 610 1741 τῶν
638 1699 851 1756 α’ρχόντων
877 1701 954 1742 τοῦ
982 1700 1276 1753 κουβουκλείου
1304 1694 1490 1740 ἑστώτων
1515 1695 1592 1738 καὶ

150 1760 228 1804 δύο
246 1766 504 1822 ,σπαθαρίων
521 1763 640 1808 ἔνθεν
665 1766 845 1820 κάκεῖσε,
873 1764 1161 1820 βασταζόντων
1186 1764 1238 1808 τὰ
1261 1762 1480 1821 διστροίλια
1505 1761 1586 1805 αὖ·
1639 1778 1642 1784 ’

247 1885 277 1913 ι,
301 1874 549 1918 ανακιηοῶσι
571 1868 669 1923 um?
691 1877 762 1912 τοῦ
786 1877 841 1911 ed.
935 1880 967 1912 3.
993 1877 1042 1915 ὥς
1066 1888 1135 1911 om.
1161 1876 1216 1910 ed.

150 1974 340 2008 cubituum
377 1987 458 2010 cum
495 1987 538 2010 eo
571 1977 809 2020 accumbant,
843 1978 1140 2022 distribuendas,
1180 1979 1303 2012 tradit.
1367 1970 1376 1974 ⁸
1397 1976 1472 2024 (ΙΙ.)
1496 1975 1582 2022 Quo

148 2021 245 2054 facto
271 2024 441 2066 magister
465 2024 745 2058 cerimoniarum
768 2027 976 2071 praeposito
1002 2026 1133 2068 edicit,
1167 2027 1288 2059 omnia
1323 2030 1448 2069 parata
1482 2032 1583 2063 esse,

147 2071 376 2114 praepositus
412 2071 634 2116 Imperatori.
689 2073 722 2104 Is
754 2083 819 2117 per
860 2073 1042 2118 lapideam
1077 2074 1208 2106 scalam
1249 2071 1492 2112 descendens,
1535 2068 1585 2102 ad

147 2117 396 2160 praepositum
426 2117 535 2152 dicit:
567 2119 758 2154 Solennem
789 2132 992 2155 consessum
1029 2120 1111 2162 ede3
1152 2121 1183 2152 is
1218 2120 1313 2153 elata
1346 2129 1458 2152 voce:
1485 2117 1584 2151 Con-

148 2173 293 2200 cessum,
359 2164 463 2197 Tunc
497 2166 696 2209 Imperator
731 2165 778 2198 ad
817 2167 1026 2200 cubiculum
1064 2167 1235 2208 discedit,
1277 2167 1343 2200 ubi
1376 2177 1396 2198 a
1426 2163 1583 2198 vestito-

150 2207 251 2241 ribus
285 2210 408 2242 tunica
447 2223 511 2244 sua
543 2211 693 2244 indutus
733 2217 770 2246 et
810 2224 831 2245 a
871 2216 1079 2259 praeposito
1115 2218 1331 2254 coronatus,
1372 2222 1439 2257 per
1470 2221 1585 2255 angu-

149 2258 246 2287 stum
283 2256 482 2290 triclinium
525 2258 728 2303 egreditur,
768 2265 805 2294 et
842 2260 1064 2293 cubiculario
1114 2261 1235 2294 velum
1276 2264 1461 2299 sumente,
1503 2267 1582 2290 ma-

150 2311 259 2354 gnum
290 2303 508 2346 triclinium,
543 2303 608 2338 ubi
643 2315 686 2337 ea
718 2305 778 2339 die
810 2308 1014 2342 convivium
1047 2307 1224 2349 celebrat,
1250 2312 1287 2340 et
1319 2304 1493 2351 praefecti
1518 2313 1583 2335 cu-

150 2346 275 2400 b-lculo
307 2349 458 2391 adsunt,
495 2352 599 2396 petit.
654 2353 833 2386 Ostiarius
869 2354 963 2387 infra
997 2355 1043 2387 ad
1066 2355 1186 2388 velum
1211 2359 1300 2395 stat,
1332 2350 1581 2398 praepositus,

151 2403 255 2437 signo
279 2394 325 2426 ab
350 2396 568 2440 Imperatore
593 2404 739 2444 accepto
754 2425 763 2440 ‚
790 2401 979 2434 ostiarium
1001 2401 1122 2436 velum
1154 2399 1419 2434 custodientem
1455 2397 1583 2429 admo-

152 2444 239 2493 net,
269 2441 533 2488 patriciosque,
566 2450 608 2478 ut
645 2446 684 2478 in
732 2449 892 2492 equestri
933 2447 1167 2489 decursione,
1207 2447 1367 2480 adducit.
1433 2440 1582 2477 patricii

152 2496 194 2518 m
219 2491 350 2519 terram
374 2490 568 2532 procidunt
614 2493 778 2538 ipsisque
823 2494 862 2526 in
894 2494 983 2527 locis
1021 2496 1094 2528 suis
1132 2494 1357 2532 constitutis,
1394 2487 1583 2536 praeposi-

153 2536 237 2573 tus,
271 2533 372 2577 signo
408 2542 575 2580 accepto,
611 2537 716 2572 dicit:
754 2540 885 2575 Iubere.
940 2541 1066 2574 Postea
1099 2543 1137 2574 in
1162 2540 1339 2585 obsequio
1364 2538 1521 2576 abeunt,
1545 2538 1584 2566 et

153 2589 275 2614 rursus
299 2585 399 2613 extra
423 2583 543 2615 velum
566 2584 605 2616 in
630 2589 761 2618 terram
786 2586 998 2630 procidunt,
1024 2587 1250 2632 praepositus
1275 2584 1482 2618 admonitus
1497 2607 1506 2622 ,
1532 2581 1583 2614 si-

153 2636 262 2669 gnum
288 2627 540 2661 cerimoniario
565 2629 646 2671 dat,
671 2632 734 2676 qui
763 2631 871 2666 dicit:
906 2634 1036 2668 lubete.
1095 2635 1154 2667 Sic
1192 2633 1347 2672 abeunt,
1382 2632 1582 2674 Imperato-

152 2681 227 2703 rem
263 2672 310 2705 ad
339 2679 478 2717 portam
512 2687 626 2720 usque
660 2682 697 2710 et
732 2678 904 2712 subsellia
931 2681 1158 2720 comitaturi,
1191 2679 1256 2724 qui
1279 2679 1451 2712 thronum
1476 2685 1581 2708 suum

153 2719 379 2762 conscendit,
403 2721 594 2766 praefectis
620 2723 788 2759 cubiculo
814 2736 854 2759 ac
878 2726 1020 2761 duobus
1047 2726 1240 2773 spathariis
1255 2750 1265 2767 ,
1289 2735 1370 2759 cum
1395 2724 1468 2757 suis
1494 2721 1582 2758 dex·
