1878 3112
336 111 457 184 592·
556 148 561 154 ·
606 130 962 171 coss'rANrm
1002 130 1483 172 PORPHsszOGENlTI

330 231 484 284 πτυχία
515 228 763 283 εὐαγγελίων
790 230 922 270 ἐκεῖσε
950 226 1222 284 ἱδρύνθησαν.
1273 228 1324 271 τὰ
1356 231 1404 272 δὲ
1427 226 1520 286 ἑξῆς
1545 230 1619 285 τῆς
1644 245 1769 286 προε-

331 293 509 343 λεύσεως
547 295 744 348 ἐτελέσθη
789 291 892 334 κατὰ
933 291 1005 335 τὸν
1034 293 1211 336 εἰωθότα
1248 294 1405 338 τύπον.
1458 297 1510 352 τῇ
1549 296 1595 337 δὲ
1622 293 1767 353 ἒννάτῃ

299 362 409 403 Βτοῢ
435 357 683 413 Αὖγούστου
711 358 854 414 μηνὸς,
893 358 1029 416 ἡμέρᾳ
1058 362 1248 417 κυριακῇ,
1290 363 1444 415 ἐγένετο
1470 361 1699 417 κλητοόριον
1722 363 1768 403 ἑν

326 428 382 482 τῷ
409 424 597 481 τρικλίνῳ
626 427 701 465 τοῦ
726 421 1057 477 Ἰυυστινιανοῦ,
1098 427 1268 480 ἐξῆλθεν
1302 429 1348 467 δὲ
1373 425 1419 468 τὸ
1450 423 1689 482 ἆνάγλυφον
1717 426 1768 467 α’-

326 493 475 545 σήμιον
504 488 550 531 τὸ
581 490 894 542 ἐναποκειμενον
920 492 965 532 ἐν
992 493 1050 549 τῷ
1076 492 1300 549 βεστιαρίῳ
1327 495 1401 534 τοῦ
1420 493 1642 547 Καριανοῧ
1655 525 1669 545 ,
1696 489 1808 549 καὶὸ)

326 557 381 596 δι’
411 553 541 596 αὐτοῦ
567 557 730 610 γέγονεν
754 556 779 610 ἦ
809 559 924 598 πᾶσα
951 553 1158 611 ὑπηρεσία
1183 560 1257 599 τοῦ
1283 559 1510 614 τραπεζίου
1526 575 1539 586 ·
1593 557 1767 607 ἐπαιξαν
1801 556 1805 557 ’

325 621 373 661 δὲ
400 623 473 662 καί
499 619 551 662 τὰ
581 620 790 673 θυμελικὰ
820 621 957 664 πάντα
986 624 1178 676 παίγνια.
1233 620 1389 679 ἔφαγον
1423 625 1469 665 δὲ
1495 625 1541 666 ἐν
1567 623 1627 681 τῷ
1654 619 1768 680 αὐτῷ

323 686 533 744 κλητωρίῳ
581 686 618 728 οἱ
666 685 742 728 δύο
784 688 902 743 φίλοι
935 691 1135 743 Ταρσΐται
1175 691 1248 731 καί
1285 687 1325 730 οἱ
1365 683 1584 745 ἅνθρωποι
1612 687 1765 741 αὐτῶν,

323 753 398 794 καί
426 754 589 805 δέσμιοι
620 747 702 793 ‹ini›
732 754 809 793 τοῦ
837 753 1092 808 πραιτωρίου
1128 758 1334 809 Ταρσῖται
1358 750 1414 807 μ’.
1465 752 1616 806 ἔλαβον
1644 753 1690 794 δὲ
1718 753 1765 795 ἐν

321 824 499 873 χρυσοῖς
526 819 800 867 σκουτελλίοις
827 817 863 860 οἱ
891 821 968 872 μὲν
997 817 1073 860 δύο
1114 821 1229 876 φίλοι
1275 817 1358 862 ἀντὶ
1383 817 1664 875 μιλιαρησίων
1705 814 1821 875 φ’,ω

325 883 365 925 οὶ
393 885 440 926 δὲ
467 885 607 925 λοιποί
633 878 851 938 ἅνθρωποι
879 881 1017 926 αὐτῶν
1043 888 1131 938 μιλ.
1162 901 1216 942 y,
1269 883 1309 926 οἱ
1337 886 1383 927 δὲ
1413 883 1453 938 μ’
1483 884 1648 937 δέσμιοι
1671 886 1778 936 μιλ..

322 967 371 1010 la.
404 945 692 1004 ἀπεστάλησαν
721 950 766 990 δὲ
795 948 868 991 καί
901 955 987 999 τοῖς
1023 952 1068 991 ἐν
1096 953 1153 1007 τῷ
1180 951 1416 1008 πραιτωρίῳ
1443 949 1779 1003 ἐναπομείνασιν

325 1016 507 1067 δεσμίοις
532 1018 621 1068 μιλ.
648 1017 723 1056 τοῦ
753 1015 800 1056 δὲ
825 1019 1031 1068 βασιλέως
1060 1009 1333 1069 ἀναστάντος,
1363 1017 1654 1069 ἐκαθέσθησαν
1681 1013 1766 1055 πά-

291 1083 394 1126 (ῑλιν
430 1079 467 1121 οἱ
504 1078 625 1122 αὐτοὶ
657 1081 773 1135 φίλοι
809 1082 854 1121 ἐν
879 1084 935 1138 τῷ
973 1083 1092 1139 δεξιῷ
1119 1085 1239 1138 μέρει
1265 1084 1341 1124 τοῦ
1379 1077 1510 1123 αὐτοῦ
1536 1080 1764 1135 τρικλίνου,

320 1148 418 1188 καθ’
459 1143 505 1187 ὃν
547 1145 791 1201 προείρηται
818 1145 995 1202 τρόπον,
1052 1149 1124 1190 καί
1153 1144 1444 1202 ἀπεστάλησαν
1470 1145 1596 1188 πάλιν
1624 1144 1820 1206 mima-¹5

321 1210 393 1253 διὰ
421 1213 666 1254 κοιτωνιτῶν
691 1212 945 1267 μυριστικά,
983 1212 1201 1267 στάγματά
1230 1230 1274 1255 τε
1302 1214 1374 1255 καί
1402 1210 1627 1268 ἅλήμματα
1653 1207 1763 1252 εὔιό-

321 1279 388 1333 δη,
417 1277 491 1318 καί
517 1276 740 1331 νιψάμενοι
768 1276 842 1319 καί
870 1274 1195 1327 εὗωδιασθὲντες
1236 1281 1409 1333 διῆλθον
1436 1276 1564 1319 πάλιν
1592 1274 1663 1318 διὰ
1689 1278 1765 1316 τοῦ

317 1343 664 1399 χρυσοτρικλίνου
701 1346 774 1385 καί
809 1345 893 1385 τῶν
921 1345 1171 1387 ἀνατολικῶν
1198 1346 1368 1398 πυλῶν,
1410 1345 1510 1386 καθ’
1538 1339 1586 1384 ὃν
1610 1340 1762 1398 τρόπον

319 1409 647 1464 προειρήκαμεν.

414 1511 448 1555 4.
471 1508 614 1556 α’σίμην
646 1509 722 1544 cod.
751 1516 788 1544 et
813 1510 887 1553 cd„
914 1516 956 1545 ut
979 1512 1130 1558 saepius.
1157 1512 1211 1546 Cf.
1236 1513 1274 1546 R.
1300 1512 1356 1547 ad.
1379 1523 1458 1559 pag.
1483 1525 1525 1558 7,
1549 1513 1580 1548 3.

320 1622 516 1659 crucesque
541 1623 674 1646 aureae
699 1619 916 1658 gemmatae,
942 1614 1084 1648 codices
1105 1614 1373 1659 evangeliorum
1398 1623 1546 1660 quoque
1570 1611 1625 1644 ibi
1649 1611 1762 1646 collo-

319 1659 505 1694 cabantur.
555 1661 707 1706 Reliqua
730 1661 969 1705 processionis
996 1661 1132 1695 fiebant
1151 1661 1347 1695 secundum
1375 1665 1582 1694 consuetam
1597 1659 1761 1694 formam.

315 1707 389 1740 Die
411 1718 507 1740 nona
527 1707 679 1752 Augusti
704 1707 904 1754 eademque
932 1709 1114 1742 dominica
1138 1707 1390 1742 celebrabatur
1409 1707 1597 1740 cletorium
1614 1716 1678 1739 seu
1699 1716 1754 1738 sa-

318 1764 419 1788 crum
452 1754 602 1787 solenne
627 1755 832 1788 convivium
865 1755 904 1787 in
934 1755 1094 1789 triclinio
1121 1755 1328 1792 Iustiniani,
1387 1752 1656 1788 producebatur
1680 1758 1760 1786 tum

316 1800 522 1845 anaglypha
548 1811 611 1833 seu
642 1806 806 1834 exstante
832 1802 1014 1835 caelatura
1039 1803 1232 1847 conspicua
1255 1801 1420 1847 supellex
1444 1804 1632 1846 argentea,
1664 1809 1759 1846 quae

316 1847 358 1879 in
382 1848 552 1881 vestiario
569 1847 713 1881 Cariani
742 1849 837 1882 solet
859 1849 1052 1891 asservari,
1076 1849 1116 1882 in
1140 1860 1255 1894 eaque
1279 1847 1531 1882 inferebantur
1558 1845 1667 1891 dapes
1693 1846 1767 1879 θεέ

315 1893 456 1939 batque
482 1895 665 1939 reliquum
691 1905 798 1929 omne
820 1895 912 1929 circa
939 1906 1098 1929 mensam
1117 1896 1371 1929 ministerium.
1420 1893 1630 1939 Spectacula
1648 1891 1758 1925 simul

314 1940 496 1974 ludebant
519 1953 582 1975 seu
611 1939 814 1975 edebantur
837 1943 952 1976 omnis
983 1942 1122 1988 generis
1153 1943 1304 1976 scenica.
1361 1939 1654 1975 Convivabantur
1676 1943 1756 1972 tum

316 1987 424 2021 ambo
444 1988 551 2021 amici
575 1999 638 2021 seu
662 1988 773 2032 legati
799 1993 836 2022 et
862 1987 1023 2034 hospites
1042 1989 1248 2034 Tarsenses,
1274 1999 1420 2034 unaque
1449 1986 1597 2020 comites
1629 1995 1756 2018 eorum

319 2040 358 2067 et
375 2034 508 2078 captivi
529 2035 699 2068 Saraceni
719 2036 976 2079 epi-aefectura
996 2035 1173 2070 Tarsense
1197 2035 1286 2068 olim
1307 2033 1469 2079 abrepti,
1491 2043 1589 2066 nunc
1609 2041 1628 2064 e
1648 2041 1757 2076 prae-

315 2081 413 2114 torio
440 2081 624 2121 arcessiti,
646 2081 749 2114 velut
766 2082 975 2126 captivitate
998 2093 1121 2116 recens
1142 2081 1309 2122 liberati,
1330 2090 1480 2115 numero
1507 2077 1755 2133 quadraginta.

316 2126 366 2159 Hi
394 2138 517 2160 omncs
545 2127 776 2172 accipiebant
799 2129 958 2162 muneris
974 2128 1122 2161 nomine
1142 2138 1305 2161 nummos
1326 2127 1365 2160 in
1385 2125 1546 2159 scutellis
1565 2125 1758 2169 argenteis.

315 2172 514 2206 Amborum
526 2173 673 2218 quidem
689 2171 883 2206 amicorum
901 2174 940 2206 in
956 2185 1057 2207 suam
1079 2175 1331 2220 unusquisque
1345 2183 1535 2218 personam
1552 2170 1756 2215 accipiebat

315 2219 560 2265 quingentena
579 2220 775 2253 miliaresia
787 2245 796 2260 ,
821 2220 955 2265 reliqui
978 2220 1056 2254 eius
1076 2222 1226 2254 comites
1240 2221 1279 2252 in
1299 2219 1506 2253 universum
1526 2218 1756 2264 accipiebant

311 2270 369 2299 ter
388 2266 489 2299 mille
511 2266 728 2307 miliaresia,
751 2266 852 2300 mille
877 2267 1022 2300 tandem
1044 2268 1242 2300 miliaresia
1265 2264 1493 2310 accipiebant
1514 2265 1571 2298 illi
1596 2264 1754 2312 quadra-

313 2313 413 2358 ginta
433 2313 567 2357 captivi
589 2313 697 2346 sacris
721 2313 836 2358 epulis
853 2312 1022 2346 adhibiti.
1071 2314 1141 2347 Sed
1163 2318 1199 2347 et
1225 2312 1376 2357 captivis
1395 2311 1581 2346 Saracenis
1595 2337 1605 2352 ,
1629 2312 1694 2358 qui
1713 2310 1753 2345 in

310 2358 495 2404 praetorio
514 2364 550 2392 et
566 2360 720 2393 vinculis
741 2365 1006 2401 remanserant,
1039 2361 1253 2394 mittebatur
1270 2370 1440 2392 numerus
1462 2358 1752 2391 miliaresiorum.

310 2405 447 2439 Finitis
471 2406 610 2450 epuIIs,
635 2418 747 2452 quum
773 2411 933 2452 surgeret
960 2407 1176 2451 Imperator,
1202 2405 1424 2439 iubebantur
1450 2405 1558 2439 amici
1582 2403 1754 2439 Saraceni

312 2464 434 2486 rursus
453 2452 491 2485 in
515 2452 639 2486 dextra
659 2458 762 2497 parte
786 2453 949 2486 eiusdem
970 2453 1122 2487 triclinii
1142 2452 1340 2487 secundum
1359 2451 1584 2497 praedictum
1603 2450 1751 2484 modum

313 2498 488 2533 desidere.
537 2500 629 2534 Illuc
647 2505 684 2533 et
711 2505 788 2532 tum
811 2511 958 2546 quoque
980 2500 1218 2534 mittebantur
1242 2499 1328 2543 ipsis
1352 2511 1416 2544 per
1437 2497 1637 2532 coetonitas
1660 2495 1753 2530 odo-

311 2546 381 2578 rati
397 2547 422 2578 li
451 2557 555 2580 uores
575 2551 612 2579 ct
630 2551 812 2591 unguenta
824 2571 833 2586 ,
861 2547 995 2592 quibus
1016 2558 1126 2592 quum
1142 2547 1210 2580 loti
1223 2545 1337 2590 probe
1351 2557 1388 2580 se
1405 2545 1639 2585 imbuissent,
1666 2541 1759 2575 abi-³

309 2591 400 2625 bant
449 2605 568 2627 omum
583 2619 593 2634 ,
619 2598 763 2637 praeter
791 2592 1122 2638 chrysotriclinium
1146 2597 1377 2628 transeuntes
1402 2597 1440 2628 et
1461 2595 1604 2639 portam
1627 2589 1758 2625 oriem-²

309 2640 420 2675 talem
440 2645 478 2675 et
500 2642 551 2675 sic
565 2650 694 2687 porr0,
720 2644 763 2674 ut
780 2639 1038 2686 praediximus.
