1950 3120
338 123 450 197 298
628 143 986 187 coNsTAn‘nm
1023 144 1505 191 PORPHYROGENJTI

335 247 441 287 ναοῦ
467 246 543 287 τοῦ
571 245 689 300 οἷγίου
724 245 925 290 Ἰωάννου
964 245 1038 289 καὶ
1072 249 1356 303 ἐκδεχομένων
1391 250 1467 294 τὸν
1502 253 1709 307 βασιλέα,
1758 252 1782 296 ὅ

335 309 531 365 βασιλεὺς
559 311 877 367 δηριγευόμενος
904 311 983 354 ὑπὸ
1016 316 1094 356 τοῦ
1122 316 1439 371 κουβουκλείου,
1469 318 1680 374 διέρχεται
1708 317 1785 361 δἰιὶ

336 378 418 419 τῶν
446 379 702 430 διαβατικιόν
729 380 812 420 τῶν
839 379 968 433 ἁγίων
985 380 1043 435 μ’,
1073 380 1145 423 καί
1165 383 1379 438 ἐξέρχεται
1404 382 1474 426 διὰ
1498 386 1575 426 τοῦ
1594 386 1782 439 γανωτοῦ

335 445 576 499 μονοθύρου
604 445 680 486 τοῦ
707 443 981 501 ἡμικυκλίου,
1022 446 1095 488 καί
1119 450 1355 503 εἰσέρχεται
1382 451 1443 499 εἷς
1470 448 1517 492 τὸ
1547 449 1782 507 τρι’κογχον.’

343 505 427 550 εἶθ’
455 507 588 559 οὕτως
614 516 911 572 προσκαλεῖται
941 511 963 554 ὁ
994 512 1261 569 πραιπόσιτος
1287 514 1387 566 τούς
1413 514 1679 573 βεοτήτορας,
1709 518 1806 562 καίὄ

147 583 254 619 Ed.L.
274 574 661 631 ι74περιβάλλουσιν
688 573 818 620 αὖτὸν
844 577 918 634 τὴν
944 579 1123 634 χλανίδα
1145 581 1289 634 αὐτοῦ,
1319 581 1391 623 καί
1412 582 1646 638 παραυτίκα
1667 584 1783 639 ἐξέρ-

337 657 489 696 χονται
515 641 690 694 πάντες·
745 643 766 686 ὃ
796 645 842 687 δὲ
869 644 1066 699 βασιλεὺς
1093 648 1288 704 στέφεται
1315 645 1429 704 παρὰ
1455 650 1531 690 τοῦ
1557 647 1783 704 πραιποσί-

339 724 415 750 του
441 711 515 751 τοῦ
542 713 834 765 κουβουκλείου
863 712 995 754 ἐκεῖσε
1022 715 1359 770 παρισταμένου.
1410 713 1494 770 χρὴ
1523 715 1690 768 εἰδέναι,
1720 711 1783 756 ὅτι

340 775 515 818 ἐνώπιον
541 776 765 833 βαρβάτων
794 777 815 819 ὃ
844 778 1043 832 βασιλεὺς
1079 780 1277 822 οὔδέποτε
1314 781 1532 837 στέφεται,
1579 782 1622 833 ἐξ
1651 782 1783 836 αὐτῆς

339 844 414 898 τῆς
441 843 578 899 ἀρχῆς
604 844 756 900 ταύτης
782 846 856 900 τῆς
893 843 1167 902 παραδόσεως
1206 848 1535 903 φυλαττομένης.
1589 845 1835 890 ὲστώτωνιο

342 909 390 951 δὲ
416 910 500 952 τῶν
529 906 745 965 ἀρχόντων
773 912 849 953 τοῦ
877 912 1173 966 κουβουκλείου
1203 912 1324 955 ἔνθεν
1350 913 1526 968 κάκεῖσε,
1555 911 1591 955 οἱ
1616 917 1784 956 anasa-

342 975 732 1032 ροκουβικουλάριοι
788 976 862 1019 καί
915 975 952 1020 οἱ
1001 979 1340 1034 κουβικουλάριοι
1383 981 1577 1022 ἵστανται
1614 974 1786 1021 ὄπισθεν

341 1043 425 1084 τῶν
449 1037 666 1098 ἀρχόντων
692 1045 771 1085 τοῦ
797 1047 1117 1098 κουβουκλείου,
1147 1044 1185 1087 οἱ
1213 1046 1292 1099 μὲν
1320 1047 1365 1088 ἐν
1391 1048 1439 1104 τῇ
1467 1045 1595 1103 κόγχῃ
1623 1041 1786 1088 ἄνωθεν

343 1110 403 1158 εἰς
429 1108 476 1151 τὸ
506 1110 756 1163 βαθμίδων,
799 1108 838 1152 οἱ
865 1112 911 1153 δὲ
936 1112 980 1162 ἐξ
1008 1108 1256 1166 εὐωνύμων,
1300 1113 1373 1154 καί
1400 1111 1526 1154 αὐτοὶ
1550 1112 1700 1165 ὁμοίως
1727 1111 1787 1159 εἷς

342 1172 391 1217 τὸ
425 1176 666 1229 βαθμίδων.
723 1174 796 1218 καὶ
831 1176 972 1231 λαβών
1006 1179 1136 1231 νεῦμα
1180 1176 1200 1218 ὃ
1241 1177 1512 1234 πραιπόσιτος
1551 1176 1666 1234 παρὰ
1709 1180 1866 1231 τοῦι5.

345 1242 563 1294 βασιλέως,
593 1239 704 1283 νεύει
723 1243 781 1299 τῷ
802 1241 994 1301 ὄστιαρίῳ
1015 1245 1071 1301 τῷ
1099 1240 1248 1286 ἑστῶτι
1275 1245 1333 1294 εἰς
1362 1242 1408 1286 τὸ
1434 1246 1574 1299 βῆλον,
1603 1245 1676 1285 καί
1701 1246 1788 1287 εἷσ-

305 1307 437 1362 Βάγει
473 1308 719 1363 πατρικίους
751 1309 825 1351 καί
858 1307 1135 1367 στρατηγοὺς,
1166 1312 1248 1367 ικαί
1274 1309 1546 1353 εἰσελθόντων
1575 1305 1714 1352 αὗτῶν
1741 1312 1789 1353 ἐν

346 1375 405 1432 τῷ
430 1376 618 1432 τρικλίνῳ
648 1376 720 1416 καί
745 1375 949 1430 στάντων,
990 1382 1281 1433 προσκυνεῖται
1313 1375 1334 1419 ὅ
1363 1375 1561 1432 βασιλεὺς
1595 1375 1679 1418 ’ὑπὸ
1705 1377 1789 1419 τῶν

349 1439 568 1496 ἀρχόντων
595 1443 673 1483 τοῦ
698 1444 1015 1497 κουβουκλείου,
1064 1442 1135 1485 καί
1161 1441 1361 1498 λαμβάνει
1393 1446 1528 1498 νεῦμα
1556 1442 1578 1486 ὅ
1606 1441 1791 1499 πραιπό-

349 1522 462 1556 σιτος
498 1508 628 1550 εἰπεῖν
668 1507 867 1562 μειζόνως
904 1507 951 1551 τὸ
990 1510 1289 1564 ,,κελεύσατε·”
1346 1509 1384 1552 οἶ
1413 1511 1458 1552 δὲ
1485 1508 1846 1566 ὖπερεύχονταιαό

352 1571 400 1615 τὸ
428 1575 518 1626 ,,εἷς
544 1573 724 1624 πολλοὺς
753 1578 826 1618 καί
851 1573 1038 1630 ἀγαθούς
1072 1577 1299 1634 χρόνους.”
1353 1578 1476 1619 τοῦτο
1513 1576 1672 1632 γίνεται
1699 1572 1796 1617 καθ’

351 1636 530 1695 ἑκάστην
566 1639 696 1696 δοχὴν
735 1633 812 1683 tos}
846 1645 1066 1696 βασιλέως.
1133 1645 1244 1701 (Γ.)
1286 1638 1392 1686 Εἶτα
1433 1645 1675 1699 ἐξέρχονται
1715 1639 1795 1693 ἔξω

159 1707 443 1759 M3,125‚1‚·ta'1'v
470 1705 667 1763 ἀργυρῶν
695 1710 849 1762 πυλῶν,
877 1706 982 1750 ἔνθα
1011 1710 1173 1752 ἵσταται
1197 1709 1243 1752 τὸ
1265 1709 1444 1763 σε’ντζον,
1474 1706 1638 1751 κοῖκεῖσε
1655 1709 1796 1751 ἵσταν-

354 1788 446 1824 ται,
494 1771 568 1814 καὶ
593 1773 806 1830 ἐξέρχεται
835 1774 858 1817 ὅ
885 1774 1083 1829 βασιλεὺς
1109 1776 1168 1826 εἷς
1195 1775 1271 1831 τὴν
1299 1777 1488 1832 α’ργυρᾶν
1516 1774 1676 1831 πύλην,
1723 1772 1799 1816 καὶ

355 1841 661 1896 προσκυνοῦσιν
689 1838 814 1884 αὐτὸν
840 1840 991 1892 πάντες
1019 1841 1059 1886 οἱ
1086 1844 1393 1901 προειρημένοι.
1421 1838 1511 1886 εἶτα
1537 1840 1678 1897 λαβὼν
1698 1834 1846 1884 vsi-25

359 1995 402 2019 ac
425 1986 685 2030 Imperatorem
708 1986 1012 2032 exspectantibus,
1035 1988 1137 2022 venit
1159 1988 1235 2029 ille,
1261 1988 1455 2022 comitante
1480 1985 1659 2026 cubiculo,
1683 1994 1796 2039 seque

357 2041 424 2076 per
449 2033 608 2076 porticus
635 2033 870 2078 quadraginta
895 2034 1104 2069 Sanctorum
1128 2040 1165 2068 et
1185 2034 1329 2067 ianuam
1352 2034 1583 2067 caneenatam
1605 2030 1796 2079 hemlcych

359 2078 408 2111 ad
442 2078 668 2113 triconchum
699 2082 850 2119 confert.
899 2081 1042 2115 Deinde
1077 2083 1303 2127 praepositus
1339 2081 1526 2114 vestitores
1560 2083 1689 2119 vocat,
1731 2077 1797 2122 qui

358 2130 551 2170 postquam
575 2127 828 2171 Imperatorem
852 2126 1038 2172 chlamyde
1061 2128 1278 2168 induerunt,
1307 2138 1429 2161 omnes
1455 2126 1666 2160 discedunt:
1695 2135 1798 2158 coro-

359 2183 443 2205 nam
466 2172 539 2217 ipsi
562 2174 788 2218 praepositus
814 2175 993 2215 cubiculi,
1029 2176 1094 2220 qui
1116 2175 1171 2208 ibi
1196 2174 1331 2215 adstat,
1355 2174 1523 2219 imponit,
1569 2173 1638 2207 Hic
1661 2176 1798 2205 notan-

362 2217 450 2252 dum
476 2224 549 2259 est,
585 2220 837 2265 Imperatorem
860 2222 899 2254 in
924 2227 1118 2266 conspectu
1141 2221 1372 2254 barbatorum
1398 2231 1583 2266 nunquam
1608 2217 1793 2258 coronari,

363 2275 457 2311 quae
491 2266 712 2300 consuetudo
748 2267 793 2300 ab
826 2269 934 2302 initio
968 2274 1106 2302 servata
1131 2273 1196 2302 est.
1245 2267 1298 2301 Ab
1330 2272 1482 2313 utraque
1507 2273 1606 2312 parte
1631 2265 1798 2300 cubiculo

362 2312 561 2358 praefecti,
586 2318 669 2359 post
692 2312 757 2347 hos
781 2314 1164 2360 spatharocubicularii
1188 2318 1224 2347 et
1249 2314 1474 2353 cubicularii,
1498 2315 1555 2347 illi
1578 2315 1618 2348 in
1640 2310 1799 2346 conchae

370 2359 549 2404 superiori
583 2365 685 2405 parte
720 2361 759 2394 in
794 2362 907 2403 scala,
943 2362 983 2395 hi
1020 2361 1066 2395 ad
1097 2362 1276 2395 sinistram
1303 2361 1341 2394 in
1366 2361 1490 2395 eadem
1514 2362 1610 2394 scala
1645 2358 1798 2393 adstant.

366 2407 619 2452 Praepositus,
659 2408 759 2453 signo
784 2408 830 2441 ab
855 2410 1072 2454 Imperatore
1095 2408 1202 2449 dato,
1237 2409 1385 2443 ostiario
1417 2409 1455 2441 in
1486 2409 1564 2442 velo
1593 2407 1704 2441 stanti
1735 2415 1801 2437 au-

366 2453 450 2487 nuit
465 2479 474 2495 ,
500 2454 692 2500 statimque
716 2456 747 2488 is
770 2457 940 2500 patricios
964 2462 1000 2490 ct
1022 2461 1194 2501 strategos
1221 2454 1368 2488 adducit
1383 2481 1391 2495 ‚
1431 2455 1564 2502 quibus
1599 2453 1802 2488 triclinium

366 2500 534 2546 ingressis
559 2506 596 2535 et
630 2500 880 2544 adstantibus,
917 2504 1115 2548 Imperator
1145 2514 1165 2534 a
1192 2503 1384 2547 praefectis
1419 2503 1586 2535 cubiculo
1615 2500 1802 2552 adoratur3

367 2547 582 2594 signumque
599 2549 805 2593 praeposito
833 2550 917 2590 dat,
941 2556 982 2583 ut
1005 2560 1127 2594 magna
1146 2560 1231 2582 voce
1256 2549 1450 2582 exclamet:
1483 2549 1631 2588 Iubae,
1666 2545 1802 2589 reliqun

367 2600 623 2639 apprecautur:
648 2596 692 2629 1η
715 2596 831 2630 multa
858 2598 1025 2643 bonaque
1051 2605 1237 2641 tempora,
1263 2595 1373 2642 idque
1389 2621 1397 2636 ‚
1423 2597 1566 2641 quoties
1582 2605 1713 2628 novum
1738 2600 1802 2643 ve:-

367 2641 444 2674 lum
468 2642 742 2684 intromittitur,
778 2643 855 2676 fieri
877 2643 978 2677 solet.
1026 2642 1138 2689 (111.)
1163 2642 1312 2676 Posthac
1332 2654 1350 2675 e
1378 2643 1489 2686 portis
1514 2640 1712 2686 argenteis,
1738 2637 1802 2671 ubl

366 2686 518 2721 thronus
550 2689 729 2735 repositus
753 2695 829 2731 est,
867 2692 1021 2735 egressi,
1059 2691 1276 2729 consistunt,
1309 2694 1345 2723 et
1377 2691 1631 2734 Imperatorem
1652 2690 1802 2739 *portam

375 2740 579 2779 argenteam
602 2737 843 2783 ingressurum
878 2737 966 2772 dicti
999 2748 1121 2771 omnes
1158 2735 1319 2770 adorant,
1371 2737 1472 2770 Tunc
1504 2734 1728 2782 praepositus
1752 2741 1803 2764 si-
