1884 3112
267 109 283 142 1
298 88 367 144 82
544 101 900 147 CONSTANTlNl
941 98 1425 142 ronpnmoemm
1474 111 1484 116 -

255 207 345 251 θων
377 210 423 251 ἐν
445 209 504 266 τῷ
534 207 636 263 ἁγίω
655 206 820 284 φρέατι
842 201 915 244 καί
938 198 1056 256 αψας
1080 200 1251 258 κηρούς,
1285 204 1454 257 δέχεται
1474 204 1590 259 παρά
1619 206 1697 248 τοῧ

254 273 522 330 πατριάρχου
544 275 591 315 ἐν
618 272 674 328 τιὸ
693 270 794 327 ἆγίω
817 270 995 324 φρέατι,
1024 285 1094 310 και
1122 266 1483 347 προσκυνήσαντες
1511 267 1699 326 ἀμφότε-

252 355 321 394 ροι
355 336 559 394 ἀλλήλους
579 336 652 378 καί
678 331 980 387 ἀσπασάμενοι,
1010 335 1270 388 εισέρχονται
1294 349 1353 383 εις
1379 331 1449 375 τὸν
1471 333 1595 388 ναὸν,
1622 336 1698 377 καὶ

250 403 500 453 ἀπελθόντες
525 404 653 457 μέχρι
675 402 758 443 τῶν
786 399 915 454 ἁγίων
951 402 1110 453 θυρῶν,
1140 397 1163 441 ὅ
1183 401 1261 452 μὲν
1279 399 1544 456 πατριάρχης
1561 401 1698 454 εἰσέρ-

246 486 374 526 χεται
402 471 461 518 εἰς
478 467 523 510 τὸ
553 465 879 522 θυσιαστήριον,
938 463 960 507 ὅ
993 466 1038 507 δὲ
1067 463 1266 519 βασιλεύς
1276 498 1290 517 ,
1331 463 1434 514 στὰς
1458 463 1723 522 ἔμπροσθενό

249 538 332 578 τῶν
366 534 494 589 ἁγίων
517 535 686 590 θυρῶν,
715 531 787 574 καὶ
816 529 931 586 ἅψας
963 529 1115 587 κηρούς
1142 530 1216 573 καὶ
1239 527 1484 585 εὖξάμενος,
1513 531 1709 588 εἷσέρχεε

250 618 322 643 ται
355 602 415 649 εἰς
442 598 487 642 τὸ
508 599 834 654 θυσιαστήριον,
873 599 946 640 καί
981 595 1087 650 μετὰ
1114 596 1161 639 τὸ
1197 596 1432 649 ὑπαλλάξαι
1465 595 1543 653 τήν
1575 595 1699 652 ἁγίαν

250 665 463 722 τράπεζαν
483 666 562 715 τὰς
586 664 716 721 αὐτῆς
739 663 928 717 ἑνδυτὰς,
957 662 1164 718 λαμβάνει
1184 661 1299 720 παρά
1321 665 1398 706 τοῦ
1421 662 1699 720 πραιποσίτου

248 731 431 788 χρυσίου
460 734 605 787 λίτρας
627 729 667 787 ρ’,
693 731 767 772 καί
797 729 967 786 τίθησιν
989 728 1122 780 αὐτάς
1145 730 1205 780 εἷς
1235 727 1312 786 τήν
1339 727 1463 783 ἁγίαν
1491 728 1701 786 τράπεζαν

253 801 298 840 ἐν
323 800 380 855 τῷ
405 797 637 855 βασμιὸίῳ,
665 799 710 840 ἒν
730 791 763 856 ᾧ
785 796 809 838 ὅ
830 794 1029 850 βασιλεὺς
1061 798 1225 839 ἵσταται
1234 829 1248 849 ,
1281 795 1357 838 καί
1376 794 1497 850 ἡνίκα
1512 793 1756 841 §nam-10

210 868 300 922 (ἶξῃ
326 862 401 919 τήν
430 862 554 918 ἁγίαν
579 863 809 920 τράπεζαν,
851 861 993 917 λαβών
1026 860 1280 917 ἂποκόμβιον
1308 863 1472 919 ἕτερον,
1512 859 1612 916 ἔχον
1630 858 1705 903 καὶ

251 927 352 972 αὐτὸ
373 928 573 986 χρήματα
593 928 817 982 πάμπολλα
840 927 952 985 παρὰ
974 931 1049 972 τοῦ
1069 930 1372 985 πραιποσίτου,
1398 929 1566 984 τίθησιν
1593 926 1699 969 αὐτὰ

254 998 315 1045 εἷς
344 994 416 1051 τήν
449 993 573 1049 ἁγίαν
607 996 841 1051 τράπεζαν,
879 992 970 1037 εἶτα
1009 992 1152 1048 λαβών
1182 992 1298 1050 παρὰ
1335 995 1410 1036 ’τοῦ
1437 992 1704 1050 πατριάρχου

253 1058 478 1115 θυμιατὸν,
498 1062 637 1117 θυμιᾷ
656 1063 702 1102 ἐκ
715 1063 854 1118 τρίτου
881 1059 928 1102 τὸ
943 1059 1250 1115 θυσιαστήριον
1269 1058 1480 1120 κυκλόθεν,
1499 1075 1568 1101 και
1589 1060 1706 1114 ἐξέρ-

251 1143 376 1182 χεται
399 1125 468 1168 διὰ
487 1129 563 1169 τοῦ
582 1127 806 1183 ἀριστεροῦ
825 1129 982 1182 μέρους
1001 1128 1075 1182 τῆς
1096 1124 1287 1180 πλαγίας,
1307 1142 1378 1167 και
1396 1121 1627 1181 ἀπέρχεται
1643 1125 1759 1175 εἷςιὸ

72 1173 138 1238 Με.
150 1204 203 1240 86
218 1214 237 1236 a
251 1192 298 1235 τὰ
321 1192 665 1249 σκευοφυλάκιον.
701 1191 902 1236 εισελθών
945 1194 991 1234 δὲ
1013 1208 1082 1234 και
1106 1188 1224 1244 α’ψας
1252 1207 1403 1247 κηρους
1427 1206 1607 1245 ευχεται,
1635 1189 1708 1232 καὶ

257 1258 481 1312 ευξάμενος
502 1259 640 1315 θυμιᾷ
659 1257 711 1300 τά
730 1256 856 1313 σκεύη
883 1255 1061 1310 ἅπαντα,
1090 1274 1160 1300 και
1181 1259 1404 1309 καθέζεται
1425 1254 1574 1312 μικρὸν
1592 1271 1700 1310 μετα

256 1325 330 1367 τοῦ
355 1323 634 1380 πατριάρχου.
682 1320 767 1366 εἷθ’
791 1320 926 1374 ου’τως
957 1325 1218 1380 εισέρχονται
1239 1321 1279 1365 οἱ
1306 1324 1383 1364 τοῦ
1409 1322 1707 1376 κουβουκλεὼυ

257 1407 325 1432 και
344 1388 383 1432 οἱ
406 1390 546 1431 λοιποι
570 1406 764 1445 αρχοντες
787 1388 827 1432 οἱ
846 1389 949 1433 κατὰ
971 1389 1199 1444 συνήθειαν
1218 1387 1427 1442 εἰσιόντες,
1444 1387 1707 1443 λαμβάνουσι

257 1453 373 1511 παρὰ
393 1455 468 1498 τοῦ
491 1454 805 1511 σκευοφύλακος
830 1453 999 1511 ναρὸον,
1011 1471 1081 1496 και
1102 1452 1182 1497 εἶθ’
1197 1450 1330 1504 ου’τως
1349 1453 1565 1497 α’νίσταται
1585 1451 1608 1495 ὅ
1624 1455 1763 1507 stoc-20

257 1521 413 1574 σιλεὺς,
432 1538 503 1563 και
529 1519 709 1572 ἐξελθών
729 1517 813 1562 ἆπό
831 1523 908 1563 τοῦ
929 1518 1278 1578 σκευοφυλακίου,
1303 1520 1514 1576 διέρχεται
1535 1517 1608 1562 διὰ
1629 1518 1709 1560 ποῦ’

213 1605 246 1639 1)
264 1585 503 1641 γυναικίτου
523 1586 784 1643 νάρθηκος,’
762 1603 807 1629 εν
832 1603 864 1645 ω
884 1603 954 1629 και
974 1585 1049 1641 τήν
1066 1587 1228 1642 συνήθη
1252 1584 1401 1629 στάσιν
1421 1586 1636 1640 κέκτηνται
1661 1580 1709 1626 αἶ

260 1655 335 1708 τῆς
359 1653 490 1708 αὐτῆς
507 1651 688 1708 μεγάλης
699 1651 916 1708 ἐκκλησίας
935 1651 1207 1704 ὃιακόνισσαι,
1223 1652 1295 1694 καί
1312 1652 1525 1707 ἐξέρχεται
1546 1647 1618 1692 διά
1631 1651 1706 1704 τῆς

261 1716 487 1774 ἀριστερᾶς
506 1718 639 1774 πύλης
660 1721 737 1760 τοῦ
757 1718 944 1774 βήματος
964 1718 1038 1761 καί
1054 1718 1298 1761 ἐπιδίδωσιν
1313 1717 1431 1775 αὐτῷ
1449 1715 1474 1758 ὅ
1502 1713 1710 1772 πατριάρ-

257 1800 338 1839 χης
361 1780 564 1839 εὐλογίας.
607 1785 694 1842 (Γ.)
721 1785 815 1827 Καὶ
831 1784 1067 1835 διελθόντες
1088 1780 1322 1841 ἀμφότεροι
1342 1780 1413 1825 διὰ
1435 1783 1514 1824 τοῦ
1532 1775 1762 1830 ὅπισθενας

261 1940 386 1970 sancto
414 1940 527 1982 puteo
555 1934 753 1981 excipitur,
787 1936 875 1979 ubi,
909 1941 1100 1984 postqum
1132 1948 1170 1971 se
1193 1936 1347 1972 invicem
1370 1934 1567 1970 adorarunt
1586 1943 1628 1966 ac
1649 1940 1710 1966 u·-

263 1982 428 2016 lutarunt
446 2007 455 2024 ,
496 1983 671 2036 templum
709 1984 845 2018 intrant
864 2009 876 2025 ,
913 1988 951 2017 et
989 1984 1037 2018 ad
1074 1989 1214 2018 sanctas
1242 1984 1366 2016 ianuas
1401 1980 1601 2026 progressi,
1643 1989 1712 2024 pa·

263 2029 429 2065 triarcha
457 2031 650 2062 sacrarium
693 2030 817 2065 intrat.
887 2031 1085 2074 Imperator
1123 2030 1170 2063 ad
1209 2040 1326 2064 sacras
1362 2028 1490 2061 ianuas
1530 2025 1710 2060 constitu-

265 2080 349 2117 tus,
374 2086 495 2109 cereos
519 2074 709 2117 accendit,
735 2080 773 2109 et
813 2081 979 2121 precatus
1012 2077 1206 2110 sacrarium
1238 2077 1378 2129 intrat,
1413 2077 1625 2127 mutatoque
1651 2082 1712 2104 sa-

266 2122 320 2155 cri
343 2122 466 2156 altaris
491 2121 668 2162 instrato,
701 2134 722 2155 a
746 2122 954 2167 praeposito
985 2127 1129 2156 centum
1154 2122 1265 2155 libras
1289 2121 1367 2154 auri
1391 2121 1524 2161 sumit,
1563 2119 1628 2165 qui
1651 2128 1712 2151 eas

269 2169 309 2202 in
343 2168 455 2214 gradu
495 2168 633 2213 ponit,
677 2168 717 2202 in
751 2180 822 2214 quo
858 2169 1059 2214 Imperator
1099 2173 1172 2202 stat
1197 2193 1207 2209 ,
1249 2177 1418 2213 novoque
1451 2167 1602 2199 instrato
1638 2165 1712 2198 im-

267 2215 419 2260 posito,
457 2214 557 2248 aliud
600 2214 851 2259 apocombium
875 2241 886 2257 ‚
926 2215 1025 2261 quod
1054 2220 1092 2249 et
1125 2216 1245 2260 ipsum
1280 2213 1472 2247 admodum
1507 2213 1717 2258 pretiosum

269 2267 348 2302 est,
392 2273 413 2294 a
457 2261 664 2307 praeposito
699 2265 811 2295 sumit
852 2263 963 2308 inque
997 2273 1093 2295 sacra
1125 2273 1250 2295 mensa
1288 2263 1422 2302 offert,
1469 2259 1602 2294 deinde
1635 2258 1719 2292 suf--

271 2308 430 2341 ssmentis
461 2319 482 2341 a
514 2307 715 2352 patriarcha
747 2310 927 2354 acceptis,
967 2309 1160 2343 sacrarium
1195 2309 1235 2341 in
1269 2307 1404 2341 circulo
1437 2311 1495 2340 ter
1528 2307 1715 2347 incensat,

269 2365 408 2400 perque
433 2355 613 2388 sinistram
638 2354 866 2401 obliquitatis
894 2359 1031 2400 partem
1056 2354 1102 2388 ad
1125 2355 1257 2396 locum,
1280 2353 1343 2387 ubi
1370 2364 1455 2387 vasa
1477 2358 1718 2393 asservantur,

273 2400 363 2434 abit.
412 2401 592 2446 Ingressus
625 2412 710 2436 vero
745 2413 825 2436 cum
861 2402 972 2436 cer-eis
999 2401 1235 2442 ardentibus,
1261 2405 1449 2446 precatur,
1474 2399 1608 2434 deinde
1629 2409 1716 2433 vasa

274 2450 397 2482 omnia
420 2449 586 2482 incensat
609 2453 646 2482 et
667 2449 856 2494 paululum
881 2460 962 2482 cum
984 2447 1185 2494 patriarcha
1210 2446 1384 2484 considet.
1432 2446 1584 2481 Posthac
1607 2445 1715 2479 cubi-

275 2494 406 2528 cularii
431 2500 469 2528 et
494 2495 628 2540 reliqui
650 2496 850 2541 praefecti,
883 2497 947 2542 qui
970 2507 1035 2541 pro
1059 2506 1158 2529 more
1180 2495 1313 2528 intrare
1336 2494 1474 2535 solent,
1503 2492 1672 2539 ingressi,
1692 2502 1715 2525 a

274 2540 496 2575 thesaurario
520 2541 673 2575 nardum
698 2544 892 2588 accipiunt,
920 2543 1117 2588 Imperator
1139 2552 1223 2575 vero
1249 2542 1383 2586 surgit,
1406 2546 1444 2574 et
1468 2552 1488 2574 a
1511 2537 1714 2584 sceuophy-

280 2587 374 2620 lacio
400 2599 574 2632 egressus,
597 2599 662 2633 per
688 2600 904 2634 gynaeceum
929 2589 1124 2630 narffiecis,
1142 2588 1208 2622 ubi
1232 2589 1375 2622 solitam
1397 2588 1589 2621 stationem
1613 2595 1715 2619 suam

277 2633 499 2668 diaconissae
522 2646 666 2680 magnae
693 2637 866 2670 ecclesiae
893 2636 1042 2676 habent,
1065 2636 1196 2669 transit
1223 2646 1360 2680 perque
1384 2634 1566 2668 sinistram
1590 2632 1724 2666 bema--

278 2679 325 2714 tis
348 2686 503 2726 portam,
524 2687 668 2728 accepta
683 2694 702 2716 a
716 2682 918 2729 patriarcha
941 2661 1209 2725 bene’dictione,
1231 2682 1422 2727 egreditur.
1474 2679 1568 2727 (ΙΙΙ.)
1611 2679 1722 2714 Post«
