1884 3112
323 134 339 167 1
358 114 425 188 78
586 129 943 172 CONSTANTlNl
991 125 1477 178 *PORPHYROGENITI

313 235 553 289 ἐξέρχονται
591 233 636 274 ἒν
677 231 735 287 τῷ
771 229 855 285 ναῷ
892 229 967 270 τοῦ
996 227 1116 282 ἁγίου
1143 227 1500 284 πρωτομάρτυρος
1526 227 1753 284 Στεφάνου,

312 300 444 341 ἐκεῖσε
473 298 685 344 τελοῦντες
713 292 788 348 την
815 296 936 336 θείαν
965 293 1244 349 λειτουργίαν,
1274 292 1346 334 καί
1373 293 1413 334 εἷ
1438 291 1596 334 κελεύει
1624 292 1647 334 ὅ
1678 297 1756 346 βα-

312 362 479 415 σιλεὺς,
521 362 854 416 προσκαλοῦνται
898 358 936 400 οἱ
964 361 1191 415 πατρίκιοι.
1248 361 1319 412 τῆς
1348 360 1394 400 δὲ
1421 361 1541 407 θείας
1570 362 1758 413 λειτουρ-

311 434 405 484 γίας
431 424 690 481 τελεσθείσης
703 457 720 475 ,
771 426 990 476 καθέζεται
1018 425 1063 466 ἐν
1088 425 1144 481 τῷ
1171 423 1354 480 νάρθηκι
1383 425 1459 465 τοῦ
1488 424 1623 465 αὐτοῦ
1651 427 1757 465 ναοῦ

312 494 359 536 ἐν
387 494 444 550 τῷ
473 491 640 548 σκάμνῳ
653 524 665 544 ,
703 492 776 532 καί
799 489 1054 539 εἰσελθόντες
1079 490 1122 531 οἳ
1146 504 1192 530 τε
1217 488 1440 545 μα’γιστροι
1468 489 1541 531 καί
1565 487 1783 544 πατρίκι-5

295 574 364 612 οι,
394 557 659 614 πραιπόσιτοι
686 557 759 598 καί
786 554 937 608 λοιποὶ,
966 554 1232 610 λαμβάνουσι
1259 553 1330 597 διὰ
1358 553 1503 610 χειρὸς
1530 556 1608 596 τοῦ
1634 558 1760 608 βασι-

311 625 415 674 λέως
443 622 522 665 ἀντὶ
551 622 694 678 μήλων
723 622 799 664 δύο
829 623 902 663 καί
946 618 1035 670 ἑνὸς
1062 620 1343 674 κινναμώμου.
1383 622 1423 663 εἰ
1451 621 1497 663 δὲ
1525 620 1574 662 οὖ
1602 621 1760 662 κελεύει

313 687 335 732 ὅ
362 686 561 744 βασιλεὺς
605 674 866 744 καθεσθῆναι
891 689 937 730 έν
962 692 1048 735 τοῖς
1075 689 1230 740 ἐκεῖσε,
1269 682 1499 742 ἀπέρχεται
1528 688 1575 730 ἒν
1600 687 1652 743 τῇ
1679 689 1760 740 βα-

312 756 450 813 σιλικῇ
477 753 645 813 καμάρᾳ
670 755 744 797 τοῦ
770 754 1144 809 χρυσοτρικλίνου,
1189 755 1263 795 καί
1297 754 1516 804 καθέζεται
1552 754 1599 795 ἐν
1633 754 1690 809 τῷ
1716 755 1760 795 ἐ-

135 829 265 878 Ms.84.
283 826 426 864 ὺκεΐσε
451 815 542 863 ὄντι
569 819 759 878 σκάμνῳ,
789 820 989 862 ἐπιτελῶν
1016 820 1157 861 πᾶσαν
1183 817 1258 875 την
1284 818 1598 876 προῤῥηθεῖσαν
1621 819 1812 860 &cavo-10

275 887 414 944 Βμήν.
468 882 588 929 αὖτοί
615 889 661 929 δὲ
690 883 974 939 ἀσπαζόμενοι
1001 884 1075 935 τὰς
1102 886 1180 927 τοῦ
1205 886 1412 940 βασιλέως
1435 890 1607 941 χεῖρας,
1643 885 1759 940 ἐξέρ-

319 968 467 1009 χονται
494 950 819 1007 ὖπερευχόμενοι
847 949 1001 1005 αὐτὸν,
1056 949 1130 992 καί
1153 949 1260 1004 μετὰ
1298 953 1432 994 ταῦτα
1472 951 1690 1005 ἐξέρχεται
1732 944 1756 989 ὅ

310 1017 510 1074 βασιλεὺς
536 1021 608 1060 καί
635 1019 857 1070 καθέζεται
886 1017 958 1060 ἐπὶ
983 1018 1058 1072 τῆς
1084 1018 1226 1070 τιμίας
1252 1018 1387 1060 αὐτοῦ
1413 1018 1620 1074 τραπέζης
1645 1017 1754 1070 μετιί

315 1086 464 1140 φίλων,
494 1083 568 1135 οὓς
597 1079 649 1127 ἂν
675 1085 864 1127 ἐκέλευσε
891 1084 943 1140 τῇ
971 1083 1079 1141 αὐτῇ
1108 1081 1244 1142 ἡμέρᾳ
1273 1086 1474 1127 καλέσαι.
1529 1084 1666 1126 ἰστέον
1695 1084 1758 1131 δὲ,

313 1147 380 1193 ὅτι
407 1151 450 1192 ἐν
474 1150 607 1208 ταύτῃ
635 1150 686 1207 τῇ
714 1149 848 1207 ἡμέρᾳ
877 1146 1085 1203 οἶλλάξιμα
1114 1143 1188 1190 οὔκ
1214 1151 1333 1192 εἰσιν.
1361 1174 1365 1177 >
1761 1147 1810 1190 15

909 1261 1047 1303 ΚΕΦ.
1074 1260 1149 1302 λδ’.

347 1346 440 1385 Ὅσα
457 1349 516 1384 δεῖ
532 1347 845 1397 παραφυλάττειν
865 1350 906 1398 τῇ
926 1350 1070 1397 μεγάλῃ
1092 1351 1329 1398 παρασκευῇ,
1369 1351 1433 1385 καὶ
1459 1349 1531 1385 ὅσα
1549 1349 1591 1386 ἐν
1615 1347 1709 1396 αὐτῇ

956 1420 1128 1453 τελεῖται.

419 1509 536 1564 Περὶ
560 1503 675 1564 ὥραν
699 1508 900 1564 δευτέραν
927 1506 1107 1559 ἐξελθών
1149 1507 1172 1550 ὅ
1212 1507 1406 1563 βασιλεῦς
1444 1509 1500 1551 ἐν.
1530 1509 1590 1566 τῷ
1628 1506 1753 1549 ἱππο-

309 1572 492 1630 δρομίῳ,
540 1570 707 1614 ἱππεύει
743 1574 874 1615 ἐκεῖσε
911 1572 984 1615 καί
1021 1573 1251 1630 ἀπέρχεται
1278 1577 1324 1617 έν
1363 1567 1637 1630 βλαχέρναις,
1683 1571 1808 1628 atalae

308 1636 512 1682 εἰσελθών
539 1639 584 1681 ἐν
610 1640 668 1696 τῷ
697 1639 797 1697 ναῷ,
826 1635 1053 1696 ἀπέρχεται
1078 1641 1208 1697 μέχρι
1234 1641 1318 1683 τῶν
1346 1638 1474 1696 ἁγίων
1493 1641 1651 1697 θυρῶν,
1680 1637 1753 1681 καί

401 1740 435 1763 2.
453 1728 643 1777 τελοῦντες
655 1729 692 1761 Β.
708 1738 751 1761 ex
765 1728 893 1762 eodem
910 1729 985 1763 cod.
1008 1729 1222 1775 compendio
1240 1756 1250 1771 ‚
1273 1731 1466 1766 τελοῦνται
1486 1730 1542 1764 ed.
1617 1743 1649 1776 7.
1672 1725 1695 1772 ἢ
1713 1728 1756 1764 δὲ

402 1775 460 1809 ed-
554 1788 585 1820 9-
623 1776 845 1814 καθέζῠνϊαι
876 1775 951 1809 cod·
1087 1788 1142 1812 20.
1182 1777 1321 1812 Verba:
1346 1779 1388 1814 ἐν
1409 1776 1751 1825 βλαχέρναις-ἀ-

404 1823 586 1866 πέρχεται
603 1832 671 1855 om.
699 1821 754 1855 ed.

315 1916 352 1946 et
375 1911 439 1958 qui
463 1924 536 1946 una
559 1924 638 1946 cum
661 1913 740 1958 ipso
757 1924 858 1948 ⁴sacra
881 1914 1083 1958 celebrant3
1109 1916 1164 1948 sin
1185 1917 1316 1956 minus,
1341 1915 1387 1949 ad
1410 1914 1581 1959 templum
1597 1913 1631 1947 S.
1643 1913 1750 1957 primi

312 1958 478 2001 martyris
503 1959 677 2004 Stephani
703 1961 905 2004 progressi,
937 1972 1051 1994 sacras
1084 1962 1137 1994 ibi
1163 1962 1374 1995 cerimonias
1399 1964 1594 2005 peragunt,
1630 1964 1687 1999 et,
1718 1959 1750 1991 si

314 2005 367 2037 ita
392 2006 603 2049 Imperatori
636 2007 750 2038 visum
785 2007 918 2046 fuerit,
945 2009 1088 2051 patricii
1115 2008 1344 2042 advocantur.
1391 2008 1523 2041 Divina
1557 2010 1677 2038 autem
1701 2004 1750 2037 li·-

313 2051 431 2096 turgia
455 2052 568 2092 finita,
584 2053 613 2084 is
639 2052 678 2085 in
706 2053 876 2086 narthece
902 2054 978 2086 eius
1003 2055 1128 2098 templi
1154 2056 1192 2088 in
1217 2065 1361 2087 scamno
1388 2053 1500 2092 sedet,
1522 2057 1560 2085 et
1577 2051 1751 2096 magistri,

312 2098 481 2142 patricii,
506 2099 703 2143 praepositi
730 2104 767 2131 et
787 2100 919 2145 reliqui
949 2100 1118 2145 ingressi,
1144 2112 1164 2133 e
1190 2112 1297 2133 manu
1326 2101 1403 2134 eius
1427 2099 1559 2143 singuli
1583 2098 1654 2131 duo
1677 2109 1763 2144 ρο-Δ

312 2154 372 2177 ma
397 2149 433 2177 et
457 2145 717 2178 cinnamomum
741 2146 932 2190 accipiunt.
985 2147 1023 2180 Si
1043 2158 1127 2181 vero
1149 2147 1202 2180 ibi
1229 2146 1417 2181 considere
1438 2145 1650 2189 Imperatori
1673 2156 1749 2178 non

314 2190 488 2232 libuerit,
522 2191 600 2224 abit
635 2191 681 2224 ad
714 2192 982 2236 Imperatoriam
1023 2204 1196 2226 cameram
1233 2192 1513 2236 chrysotriclinii
1549 2191 1675 2237 ibique
1708 2191 1748 2224 in

315 2247 460 2270 scamno
485 2237 670 2279 considet,
696 2249 817 2272 omnes
843 2238 1042 2284 praedictas
1067 2240 1278 2274 cerimonias
1304 2239 1505 2273 observans.
1553 2239 1612 2271 Illi
1635 2249 1744 2278 vero,

317 2284 469 2317 osculati
494 2284 720 2329 Imperatoris
742 2296 885 2326 manus„
907 2291 990 2331 post
1014 2286 1148 2326 faustas
1171 2287 1444 2320 acclamationes
1470 2285 1682 2324 discedunt,
1707 2289 1746 2318 et

314 2329 466 2376 posthac
490 2331 568 2376 ipse
591 2332 784 2376 Imperator
816 2332 894 2366 abit
916 2344 1073 2378 suaeque
1105 2334 1284 2378 pretiosae
1308 2342 1450 2367 mensae
1486 2343 1566 2365 cum
1599 2331 1746 2371 amicis,

316 2387 406 2423 quos
430 2388 474 2411 eo
500 2377 561 2411 die
581 2379 728 2412 invitari
755 2379 873 2420 iussit,
897 2379 1042 2418 assidet.
1087 2380 1281 2415 Sciendum
1307 2385 1426 2415 autem
1450 2384 1517 2421 est,
1534 2378 1744 2417 mutatorias

311 2421 386 2458 hoc
409 2423 471 2459 die
493 2435 568 2459 non
592 2424 696 2460 indui
719 2425 846 2461 solere.

942 2517 1037 2552 CAP.
1062 2519 1081 2553 3
1109 2544 1119 2554 .

409 2581 649 2619 Observanda
665 2583 706 2618 in
727 2594 863 2630 magna
886 2584 1047 2630 vigilia,
1073 2517 1110 2618 e4t
1128 2581 1306 2630 quomodo
1330 2581 1511 2618 celebrari
1525 2580 1652 2614 soleat.

406 2660 510 2695 Circa
533 2661 658 2696 horam
681 2662 874 2696 secundam
896 2663 1094 2707 Imperator
1117 2662 1250 2695 circum
1276 2662 1474 2706 ingressus,
1498 2669 1629 2705 equum
1651 2667 1742 2693 con-

316 2706 458 2743 :cendit
492 2713 530 2746 et
558 2708 768 2744 blachernas
803 2709 916 2757 petit,
940 2709 1067 2756 ibique
1088 2709 1263 2756 templum
1286 2709 1465 2754 ingressus
1489 2705 1534 2740 ad
1556 2714 1666 2740 sacras
1687 2703 1741 2741 iar-
