1832 3112
291 89 363 144 30
570 106 928 149 CONSTANTlNI
968 104 1452 147 PORPHYROGENITI

263 223 360 252 ,ται
395 208 441 250 ἒν
467 207 519 265 τῇ
554 208 812 265 ἕφιδρυμὲνῃ
846 206 969 262 βάσει
994 212 1084 257 ταῖς
1120 207 1267 257 αὖταῖς
1298 206 1590 265 οἷναβάθραις,
1630 206 1653 250 ὅ
1685 211 1731 253 δὲ

287 272 550 331 πατριάρχης
575 272 683 327 μετὰ
724 274 800 315 τοῦ
836 268 1076 327 εὖαγγελίου
1115 273 1188 315 καί
1224 275 1306 316 τῶν
1337 274 1498 316 οἰκείων
1530 270 1732 318 διακόνων

265 342 361 382 ’καί
408 340 580 392 ψαλτῶν
617 339 840 394 ἀνέρχεται
885 340 930 380 ἐν
967 340 1024 396 τῷ
1061 339 1263 397 εὖκτηρίῳ
1294 341 1371 381 τοῦ
1417 336 1551 382 αὔτοῦ
1584 339 1733 395 κίονος,

284 401 412 461 ἤγουν
433 407 511 447 τοῦ
535 405 654 459 ἁγίου
681 406 1000 446 Κωνσταντίνου
1014 438 1029 458 ,
1075 404 1147 447 καί
1177 402 1248 446 διά
1279 404 1485 459 νεύματος
1508 408 1584 449 τοῦ
1607 423 1733 463 πραι-

284 474 456 514 ποσίτου
486 465 687 526 ἄρχονται
719 467 898 523 ψάλλειν
923 468 975 512 τὰ
1001 467 1078 512 δύο
1106 471 1215 527 μέρη
1237 469 1314 527 τὴν
1339 473 1412 527 τῆς
1439 467 1587 528 ἑορτῆς
1607 479 1760 524 κατα-5

286 537 464 591 βασιάν.
530 534 605 578 καὶ
632 535 783 578 τούτου
816 537 998 592 τρισσῶς
1035 531 1267 594 ᾀδομένου,
1303 537 1459 592 γίνεται
1489 538 1514 593 ἢ
1545 539 1735 594 συνήθης

253 600 433 658 Βέκτενὴ
469 599 583 658 παρὰ
622 602 700 643 τοῦ
739 599 958 655 διακόνου,
1002 602 1194 657 δηλονότι
1219 601 1524 659 προκύπτοντος
1551 602 1620 646 διά
1653 594 1755 646 τῶν

285 669 475 724 θυρίδων
497 669 576 710 τοῦ
598 667 817 721 εὐωνύμου
838 669 996 725 μέρους
1023 669 1100 710 τοῦ
1125 663 1258 710 αὖτοῦ
1289 659 1534 726 εὗκτηρίου.
1587 670 1661 711 καί
1683 668 1733 725 δὴ

284 735 361 789 τῆς
383 735 551 790 ἐκτενῆς
574 732 861 789 τελεσθείσης,
897 732 1005 787 μετὰ
1038 731 1114 789 τὴν
1147 737 1226 775 τοῦ
1259 732 1520 791 πατριάρχου
1546 733 1736 791 ἐκφωνη-

285 815 355 843 σιν
400 795 769 855 ἆποχαιρετίζουσι
796 799 948 841 τοῦτον
978 798 1019 840 οῖ
1061 797 1263 842 δεσπόται
1288 801 1334 852 ἐν
1361 794 1423 849 οἷς
1448 801 1641 843 ἵστανται
1669 800 1788 843 τό-ιο
1830 817 1832 842 :

286 881 381 915 ποις
408 865 480 907 καί
498 863 606 919 μετὰ
633 866 708 920 τῆς
737 866 890 914 οἰκείας
916 866 1302 922 λιτῆςκατὲρχεται
1321 867 1400 915 ἕως
1425 868 1502 908 τοῦ
1526 867 1634 908 ναοῧ
1660 869 1737 922 τῆς

283 931 517 988 ὖπεραγίας
545 928 749 973 Θεοτόκου
780 932 865 973 τῶν
897 932 1260 986 χαλκοπρατείων,
1304 930 1378 973 καί
1408 933 1658 984 καθέζονται
1691 934 1737 975 ἐν

103 999 344 1055 ΕιῙ.1ι-ι9τῷ
378 997 560 1053 νάρθηκι
586 996 660 1038 ἐπὶ
689 998 765 1052 τῆς
799 996 933 1052 αὖτῆς
953 997 1197 1052 ἐκκλησίας,
1238 997 1312 1052 τῆς
1340 1000 1558 1053 βασιλικῆς
1584 997 1738 1050 τάξεως
1826 998 1832 1027 ¹

286 1065 420 1107 ἐκεῖσε
446 1062 781 1119 παρισταμένης,
817 1056 945 1118 ἤγουν
977 1064 1055 1104 τοῦ
1084 1061 1379 1117 κουβουκλείου
1407 1064 1480 1105 καὶ
1513 1065 1595 1106 τῶν
1630 1063 1738 1118 ἄση-

101 1131 167 1167 Ms.
182 1124 448 1186 3ἰ.1)κρητῶν
473 1129 872 1186 χρυσοτρικλινιτῶν
909 1143 956 1170 τε
982 1128 1056 1170 καί
1089 1129 1317 1182 βασιλικῶν
1351 1124 1610 1184 ἀνθρώπων.
1664 1127 1788 1178 καίιό

286 1194 340 1252 δὴ
361 1197 446 1238 τῶν
470 1194 782 1250 μητροπολιτῶν
804 1194 1085 1249 διερχομένων
1095 1227 1109 1247 ,
1161 1195 1328 1236 ποιοῦσι
1357 1192 1484 1236 πάλιν
1501 1193 1736 1250 προσκύνη-

282 1277 352 1305 σιν
379 1258 484 1303 narei
511 1258 583 1302 τὸν
609 1259 826 1316 εἰρημένον
851 1255 1015 1302 ἄνωθεν
1036 1260 1166 1302 τύπον
1188 1260 1261 1316 τῆς
1285 1259 1624 1316 προσκυνήσεως,
1664 1262 1737 1303 καί

282 1323 365 1370 εἶθ’
383 1323 513 1376 οὕτως
539 1326 801 1381 εἰσέρχονται
831 1323 903 1367 καί
924 1324 963 1366 οἱ
990 1326 1063 1380 τῆς
1088 1326 1203 1381 λιτῆς
1236 1327 1313 1367 τοῦ
1338 1325 1606 1382 πατριάρχου
1631 1341 1735 1383 προ-

283 1390 559 1449 πορευόμενοι
593 1389 669 1433 καὶ
702 1391 955 1446 ψάλλοντες,
1005 1389 1077 1434 καί
1120 1389 1225 1444 μετά
1266 1393 1404 1434 ταῦτα
1440 1392 1675 1447 εἰσέρχεται
1709 1385 1734 1432 ὅ

283 1456 547 1514 πατριάρχης
582 1454 691 1510 μετὰ
732 1458 810 1499 τοῦ
843 1458 1027 1513 σταυροῦ
1060 1455 1133 1498 καί
1169 1458 1244 1499 τοῦ
1283 1456 1538 1512 εὐαγγελίου.
1594 1458 1786 1514 (KE.)20

284 1525 382 1567 Kal
412 1519 659 1565 ἀνίστανται
686 1521 725 1565 οἱ
752 1520 975 1576 δεσπόται,
1004 1521 1079 1565 καί
1106 1519 1346 1565 ὗπαντῶσιν
1366 1522 1479 1579 αὐτῷ
1506 1524 1578 1564 καί
1599 1518 1736 1565 ἀσπά-

286 1592 438 1643 ζονται,
467 1587 542 1631 καί
562 1590 758 1632 ἵστανται
781 1588 1014 1645 ἀμφότεροι
1036 1587 1108 1630 ἐπὶ
1125 1590 1208 1631 τῶν
1232 1590 1460 1643 βασιλικῶν
1482 1590 1637 1640 πυλῶν,
1665 1587 1737 1629 καί

283 1655 356 1711 τῆς
389 1652 603 1710 συνήθους
635 1650 763 1710 εὖχῆς
788 1657 1037 1710 τελουμένης
1063 1651 1144 1695 ὗπό
1179 1657 1251 1697 τοῦ
1285 1653 1551 1711 πατριάρχου
1593 1651 1736 1701 καθώς

374 1745 400 1779 9
422 1732 576 1768 ΣΧΟΛ.
598 1731 750 1774 Ἷστέον,
785 1730 844 1767 δτι
881 1732 947 1788 τῆς
977 1733 1126 1775 ἐκτενῆς
1151 1733 1352 1779 λεγομένης
1387 1724 1462 1766 ὑπό
1503 1731 1580 1765 τῶν
1620 1741 1736 1776 πραι-

373 1782 546 1815 ποσίτων
574 1780 835 1827 λαμβάνουσιν
854 1791 944 1817 τους
962 1773 1100 1827 κηροὺς
1115 1779 1153 1813 οἱ
1175 1778 1377 1820 δεσπόται,
1413 1779 1476 1812 καὶ
1495 1779 1612 1824 μέχρι
1637 1787 1734 1823 συμ-

375 1826 602 1871 πληρώσεως
633 1827 767 1869 ταύτης
806 1825 1058 1872 βαστάζουσι,
1088 1828 1152 1860 καὶ
1190 1826 1262 1860 εἷθ’
1309 1825 1428 1862 οὕτως
1462 1822 1527 1858 διὰ
1577 1826 1733 1869 τρισσῆς

374 1873 668 1918 προσκυνήσεως
681 1875 732 1918 τῷ
746 1876 824 1918 θεῷ
842 1873 1210 1919 ἀπευχαριστοῦντες
1231 1871 1475 1907 ἐπιδιδοῦσιν
1487 1863 1577 1907 τοὺς
1593 1868 1733 1916 κηρούς

377 1917 472 1952 κατὰ
503 1917 546 1952 τὸ
573 1913 711 1956 εἰωθὸς
733 1925 813 1957 τοῖς
841 1923 1123 1965 πραιποσίτοις.
1153 1919 1300 1953 Emend.
1340 1930 1361 1951 a
1386 1917 1532 1952 Reiskio
1571 1928 1618 1951 ex
1651 1916 1729 1951 cod.

382 1977 433 1999 ιι.
457 1966 578 2000 Verba
599 1968 665 2000 καὶ
684 1959 779 2012 μετὰ
801 1965 953 2001 -ναοῦ
977 1966 1042 2007 τῆς
1067 1966 1199 2000 absunt
1223 1965 1268 1998 ab
1294 1964 1349 1999 ed.

283 2050 352 2086 hus
376 2050 547 2094 imposita
573 2049 789 2083 collocatur:
826 2047 1028 2094 patriarcha
1050 2059 1135 2083 vero
1161 2060 1243 2082 cum
1269 2049 1453 2094 evangelio
1478 2048 1625 2094 suisque
1650 2046 1731 2094 ‹liar-

286 2096 387 2130 couiu
423 2102 460 2129 et
483 2096 611 2141 psaltis
652 2097 850 2130 oratorium
882 2096 1082 2132 columnae,
1104 2107 1167 2128 seu
1192 2095 1228 2132 S.
1255 2095 1487 2129 Constantini
1524 2096 1657 2134 intrat,
1693 2099 1732 2128 et

287 2143 335 2177 ad
358 2143 558 2188 praepositi
584 2148 714 2176 nutum
738 2142 829 2175 duae
865 2142 1042 2175 factiones
1074 2140 1247 2185 hymnum
1270 2142 1356 2176 festi
1380 2153 1508 2176 canere
1534 2141 1733 2186 incipiunt.

288 2189 372 2235 Quo
399 2195 455 2223 ter
482 2194 642 2230 cantato,
667 2189 826 2223 solennis
847 2200 868 2222 a
892 2188 1065 2229 diacono,
1088 2200 1153 2233 per
1176 2193 1297 2233 portas
1325 2189 1490 2222 sinistrae
1514 2188 1626 2232 partis
1649 2197 1732 2220 ora-

284 2237 373 2270 torii
396 2247 434 2270 se
459 2236 682 2278 inclinante,
717 2236 898 2269 intonatio
924 2247 987 2268 seu
1011 2240 1158 2268 extensa
1182 2235 1232 2268 fit.
1286 2235 1367 2280 Qua
1393 2236 1516 2275 finita,
1542 2239 1625 2279 post
1646 2244 1730 2266 ora-

286 2283 424 2316 tionem
446 2278 671 2329 patriarchae
694 2283 844 2316 Domini
869 2282 986 2326 ipsum
1014 2292 1056 2315 eo
1085 2282 1162 2316 loco
1178 2307 1188 2322 ‚
1211 2280 1278 2314 ubi
1305 2282 1527 2320 subsistunt,
1559 2280 1732 2320 salutant,

285 2334 326 2364 et
358 2340 438 2363 cum
470 2330 612 2363 idoneis
648 2328 816 2374 precibus
841 2328 1007 2372 procedit
1039 2326 1084 2361 ad
1110 2328 1285 2372 templum
1308 2332 1452 2360 sanctae
1477 2326 1616 2360 scilicet
1639 2327 1730 2359 Dei-

285 2386 396 2421 parae
420 2375 772 2420 chalcoprateorum,
807 2374 1006 2420 sedentque
1030 2375 1069 2407 in
1091 2373 1260 2408 nar-thece
1293 2375 1371 2406 eius
1395 2373 1592 2412 ecclesiae,
1623 2373 1732 2407 mini-

286 2423 369 2456 stris
402 2423 666 2467 Imperatoriis,
714 2421 854 2455 scilicet
891 2421 1140 2462 cubiculariis,
1182 2432 1203 2453 a
1239 2420 1408 2460 secreti-⁸1,
1451 2417 1732 2462 chrysotriclinii

285 2469 480 2515 praefectis
506 2474 543 2503 et
566 2469 710 2503 famulis
735 2468 832 2509 suis,
879 2469 967 2513 ipsis
992 2467 1231 2501 adstantibus.
1279 2466 1536 2509 Metropolitae
1562 2465 1647 2499 dum
1671 2463 1731 2498 di-

287 2516 512 2561 grediuntur,
536 2515 783 2550 adorationem
811 2516 884 2548 ritu
908 2525 1016 2560 supra
1037 2519 1233 2547 memorato
1258 2517 1440 2558 repetunt,
1467 2511 1600 2546 deinde
1621 2521 1730 2556 prae-

288 2562 387 2607 cipui
401 2588 411 2604 ‚
438 2564 503 2608 qui
526 2562 574 2596 ad
598 2562 873 2596 ecelesiasticam
899 2560 1123 2607 patriarchae
1146 2570 1314 2605 pompam
1336 2560 1543 2604 pertinent,
1569 2563 1607 2591 et
1630 2557 1730 2602 psal-

288 2614 348 2642 tae
373 2610 532 2651 intrant,
568 2609 646 2653 ipse
669 2619 749 2642 cum
774 2619 878 2642 cruce
902 2613 940 2642 et
964 2607 1147 2652 evangelio
1172 2608 1348 2651 sequitur.
1396 2605 1546 2651 (XXV.)
1572 2604 1731 2648 Surgunt

287 2655 438 2689 Domini
473 2656 508 2690 ei
538 2655 680 2690 obviam
702 2655 815 2696 ituri,
854 2656 973 2700 ipsum
1006 2654 1234 2693 osculantur,
1273 2653 1419 2697 utrique
1444 2651 1490 2685 ad
1512 2656 1634 2696 portas
1659 2650 1730 2683 im-

288 2703 484 2743 peratorias
506 2702 720 2745 subsistunt,
762 2701 973 2737 solennibus
1001 2706 1118 2735 autem
1141 2698 1310 2746 precibus
1337 2710 1358 2732 a
1379 2697 1582 2745 patriarcha
1605 2701 1646 2730 ut
1669 2707 1730 2729 su·-
