1786 3126
511 195 514 198 .
585 161 1006 204 PRAEFATIONEs.
1469 165 1562 205 XIX

59 303 62 308 .
118 264 351 306 Macedonis
378 264 594 320 triumphis
612 295 626 316 ,
655 267 697 305 in
728 265 948 319 appendice
977 265 1072 306 libri
1101 267 1247 320 primi;
1292 266 1391 305 item
1420 264 1472 305 de
1497 281 1565 306 ex-

117 331 321 387 peditione
360 331 532 372 Himerii
571 330 762 371 adversus
798 331 1009 372 Cretenses
1054 331 1272 372 Saracenos
1312 331 1390 374 suh
1429 332 1567 372 Leone

116 396 306 452 Sapiente
336 397 475 450 dicto3
504 411 629 452 porro
663 396 715 436 de
745 396 943 451 legatione
975 398 1150 439 Romani
1181 398 1382 452 Lecapeni
1405 398 1456 438 ad
1484 398 1566 438 Hu-

116 476 263 518 3οη.-
298 462 439 503 Italiae
467 477 629 518 regem,
669 462 986 517 muneribusque
1015 463 1076 503 illi
1108 477 1203 504 cum
1232 464 1567 518 Protospathario

115 528 330 570 Paschalio
355 531 400 570 in
426 543 519 570 eum
545 530 667 568 finem
694 530 825 570 missis
838 558 851 580 ,
879 536 927 568 ut
959 528 1127 569 rebelles
1158 531 1447 585 Longobardos
1466 532 1568 571 Lan-

115 594 275 636 dulflim
288 624 303 647 ‚
328 594 637 648 Athenulphum
652 623 666 644 ‚
706 595 847 634 sratoes
861 625 874 647 ,
916 602 956 634 et
990 594 1101 635 aliud
1130 595 1301 636 fratrum
1338 612 1414 651 par
1427 628 1439 650 ,
1468 599 1567 638 Gai-

115 663 290 704 marium
317 669 358 702 et
384 661 623 711 Gaiferium,
651 658 743 699 illos
772 661 935 714 Capuae
965 668 1006 699 et
1035 661 1254 702 Beneventi
1268 693 1280 715 ,
1310 663 1386 704 hos
1411 663 1566 704 Salerni

42 739 47 743 ·
116 727 294 783 regulos,
323 730 367 769 in
396 726 580 767 ordinem
606 732 779 778 cogeret.
834 724 947 765 Nitet
967 739 1129 779 quoque
1154 727 1198 766 in
1226 733 1358 780 primo
1388 729 1467 770 hoc
1492 744 1568 770 vo-

114 792 271 834 lumine
296 807 389 848 cap.
417 793 567 832 XCVI.
594 805 690 845 pag.
714 790 792 831 253
822 791 929 831 edita
953 791 1123 832 sollicita
1151 791 1218 832 illa
1238 801 1278 832 et
1305 793 1417 834 velut
1439 795 1570 835 diaria

115 861 295 899 narratio
322 858 526 900 seditionis
545 887 558 910 ,
585 870 659 911 per
690 870 814 910 quam
846 857 900 898 A.
926 857 971 898 C.
998 856 1078 911 963
1113 866 1205 911 post
1234 859 1391 898 obitum
1419 861 1567 901 Roma-

115 925 162 964 ni
187 925 354 965 iunioris
388 926 432 964 in
461 923 563 963 urbe
588 923 698 976 regia
730 922 916 962 obortam
931 953 944 975 ,
977 923 1230 977 Nicephorus
1261 924 1420 966 Phocas
1449 928 1572 981 impe-

116 993 181 1031 rio
218 993 370 1045 potitus
403 997 474 1032 est.
548 989 685 1040 Quam
716 1003 804 1028 rem
819 1019 832 1040 ,
877 996 970 1029 utut
1008 990 1216 1031 cenamus
1258 1006 1421 1046 quoque
1458 993 1570 1034 haud

115 1049 388 1111 perfimetoiie
413 1056 656 1107 narraverit,
691 1055 744 1094 ad
772 1055 947 1095 hominis
975 1063 1128 1108 tamen,
1158 1071 1182 1096 a
1208 1072 1290 1112 quo
1321 1066 1442 1112 caput
1467 1059 1570 1100 illud

114 1123 417 1177 nonagesimum
438 1128 592 1162 sextum
613 1120 839 1174 profectum
859 1129 934 1172 est,
956 1121 1222 1175 diligentiam,
1242 1126 1431 1178 peritiam
1449 1133 1571 1179 atque

114 1187 236 1228 fidem
256 1202 339 1228 non
371 1188 536 1229 accedit.
573 1187 709 1238 Patet,
730 1189 965 1241 scriptorem
989 1188 1128 1239 rebus,
1156 1205 1283 1243 quum
1316 1199 1569 1244 gererentur,

114 1253 355 1294 interfuisse.
409 1254 495 1305 Qui
525 1252 763 1294 orientalem
792 1253 1002 1293 historiam
1031 1263 1184 1306 amant,
1209 1259 1411 1310 reperient
1440 1260 1483 1297 in
1506 1273 1570 1298 se-

113 1320 248 1361 cundo
286 1318 493 1360 volumine
529 1327 797 1360 memoratum
839 1319 1014 1374 aliquem
1060 1321 1303 1362 Dilemicum
1321 1354 1333 1375 ,
1377 1325 1566 1364 Emirum

114 1385 290 1426 Amidae
305 1415 319 1438 ,
346 1385 553 1426 hominem
580 1393 621 1426 et
649 1394 853 1425 oratorem
891 1387 989 1426 Abu
1027 1387 1253 1428 Chamdani
1284 1389 1336 1429 ad
1364 1391 1565 1430 Constan-

115 1453 248 1492 tinum
272 1459 457 1492 nostrum
485 1454 669 1492 missum.
741 1453 823 1503 Qui
856 1452 952 1492 Abu
994 1453 1204 1493 Chamdan
1243 1457 1321 1507 (sic
1356 1458 1464 1495 enim
1492 1472 1569 1511 pro

116 1532 233 1558 more
259 1518 422 1558 illorum
451 1527 683 1572 temporum
700 1549 713 1570 ,
755 1520 941 1572 quamvis
976 1534 1057 1559 non
1088 1522 1183 1560 satis
1214 1529 1323 1562 recte
1340 1552 1353 1574 ,
1392 1538 1467 1576 pro
1495 1524 1570 1563 Ibn

115 1583 327 1624 Chamdan
365 1584 610 1639 appellatur)
639 1585 812 1624 fueritne
846 1585 1179 1625 Naseroddaulah
1195 1616 1207 1638 ,
1239 1602 1292 1626 an
1330 1590 1414 1628 eius
1447 1589 1572 1628 frater

115 1649 422 1702 Saisoddaulah,
453 1650 572 1689 ambo
599 1658 782 1703 potentes
806 1665 880 1704 per
911 1651 1068 1704 Syriam
1089 1658 1209 1705 atque
1235 1655 1570 1707 Mesopotamiam

117 1717 346 1770 principe-5,
387 1723 429 1755 et
456 1717 499 1754 in
530 1716 699 1755 historia
735 1715 919 1753 orientali
947 1716 1124 1756 celebres
1140 1747 1152 1768 ,
1192 1720 1235 1756 in
1273 1723 1571 1759 commentariis

117 1783 334 1835 inquiram.
387 1781 451 1820 Ne
478 1780 632 1819 leviora
663 1780 733 1818 illa
759 1793 1070 1818 commemorem
1092 1810 1104 1831 ,
1142 1784 1186 1819 in
1225 1783 1400 1821 secundo
1434 1783 1539 1824 libro
1554 1816 1567 1836 ,

118 1846 217 1887 alias
243 1849 349 1886 inter
367 1847 647 1900 inscriptiones
677 1845 902 1885 litterarum
918 1859 942 1884 a
967 1847 1197 1900 Byzantinis
1225 1847 1277 1886 ad
1310 1847 1409 1888 alios
1445 1864 1559 1904 reges

114 1921 396 1967 terrarumque
445 1913 630 1952 dominos
665 1912 878 1951 missarum
902 1940 916 1962 ,
964 1911 1105 1950 haberi
1145 1927 1306 1968 quoque
1333 1915 1565 1968 inscriptio-

114 1993 187 2020 nes
214 1979 440 2020 litterarum
455 2009 467 2030 ‚
503 1978 569 2019 vel
597 1992 811 2018 aurearum
842 1977 1047 2018 bullarum
1061 2008 1074 2030 ,
1107 1986 1154 2018 ut
1194 1979 1472 2033 appellabant,
1508 1983 1560 2021 ad

115 2045 475 2100 Protosymbulum
504 2045 813 2100 Agarenorum,
864 2046 934 2097 qui
966 2051 1026 2084 est
1069 2045 1319 2098 Bagdadicus
1359 2045 1565 2099 Chalifah,

83 2130 85 2133 ⁴
115 2113 214 2152 item
261 2111 315 2152 ad
365 2111 504 2151 Indiae
549 2112 785 2163 dominum3
851 2115 975 2165 (quae
1020 2112 1226 2165 inscriptio
1262 2111 1360 2151 mihi
1402 2114 1566 2166 quidem

118 2192 314 2232 perquam
366 2181 468 2218 mira
513 2178 658 2218 accidit
683 2192 695 2217 ε
750 2192 834 2218 non
881 2179 988 2216 enim
1038 2177 1157 2216 video
1174 2206 1186 2228 ,
1240 2178 1336 2231 quid
1382 2181 1441 2217 rei
1480 2181 1561 2233 By-

118 2245 287 2284 zantinis
322 2245 630 2298 imperatoribus
645 2274 657 2294 ,
710 2252 849 2284 nostro
892 2250 999 2282 certe
1041 2243 1310 2283 Constantino
1323 2273 1335 2295 ,
1364 2259 1456 2283 cum
1496 2247 1564 2285 In-

119 2309 211 2350 diae
237 2325 331 2364 rege
351 2339 364 2360 ‚
403 2311 447 2350 id
480 2318 540 2350 est
574 2310 751 2350 Arabiae
774 2309 925 2360 felicis,
952 2316 999 2348 ut
1026 2323 1100 2363 ego
1139 2310 1324 2362 equidem
1354 2312 1534 2350 existimo
1551 2342 1563 2361 ,

118 2389 331 2415 commune
348 2377 467 2417 filerit
488 2377 527 2428 ε)
557 2384 791 2430 comparent
811 2375 962 2414 ibidem
984 2374 1062 2414 loci
1089 2375 1312 2415 litterarum
1336 2378 1564 2430 inscriptio-

120 2455 193 2481 nes
217 2441 269 2481 ad
298 2442 456 2497 regulos
481 2443 671 2482 obscuros
692 2442 863 2492 Iberiae,
895 2441 1106 2493 Albaniae,
1136 2449 1175 2480 et
1204 2441 1428 2495 Abasgiae3
1455 2443 1564 2483 unde

122 2506 175 2545 ad
202 2508 505 2562 geographicam
536 2510 720 2548 notitiam
748 2515 900 2547 tractus
933 2521 1072 2546 versus
1100 2507 1305 2561 Scythiam
1343 2508 1562 2548 Asiaticam

122 2574 322 2626 verg-tis
362 2576 531 2614 accessio
566 2575 645 2614 fiat.
691 2575 969 2613 Memorantur
992 2587 1153 2627 quoque
1178 2575 1378 2626 principes
1410 2573 1563 2627 aliquot

123 2637 323 2691 Bulgarici
337 2668 350 2690 ,
388 2653 488 2694 quos
519 2641 562 2680 in
605 2654 723 2680 omne
756 2640 923 2680 historia
950 2639 1143 2678 hactenus
1183 2639 1331 2679 frustra
1359 2642 1562 2693 requisivi.

125 2703 286 2757 Quaero
305 2705 455 2759 pariter
481 2705 735 2759 adhucdum,
765 2707 932 2760 quinam
966 2705 1114 2745 suerint
1128 2735 1141 2758 ‚
1171 2712 1210 2744 et
1240 2719 1264 2744 a
1295 2720 1376 2760 quo
1411 2706 1462 2746 ad
1485 2720 1560 2746 no·
