1878 3112
273 130 344 169 ΒΕ
381 125 640 170 cssmMON.
676 123 855 166 AULAE
890 121 1117 165 BYzANT.
1165 125 1218 164 11.
1247 123 1316 169 15.
1406 103 1511 180 571

78 230 307 285 μονῆςὲν·
360 229 434 271 καὶ
458 228 504 269 ἐν
527 228 688 275 τούτοις
725 229 808 275 τοῖς
847 222 1080 274 ἆλυσιδίοις
1117 222 1439 280 ἐκρεμάσθησαν
1466 221 1520 264 τιὶ

79 298 156 350 τῆς
192 297 289 344 νέας
328 291 492 349 μεγάλα
531 293 700 346 ἀργυρᾶ
736 288 1053 344 πολυκάνδηλα.
1107 287 1284 344 ἔστησαν
1310 290 1358 331 δὲ
1384 290 1429 331 ἐν
1457 290 1725 345 τῷεᾱ.ι.3ζ·ο

82 357 200 418 aii-tc?
225 362 416 417 τρικλίνῳ
442 360 519 414 τῆς
542 356 792 411 μανναύρας
829 358 874 397 ἐν
901 357 981 408 μὲν
1020 357 1079 413 τῷ
1107 357 1226 411 δεξιῷ
1251 357 1370 410 μέρει
1397 356 1526 407 μέσον

77 427 161 468 τῶν
184 425 378 480 μεγάλων
403 422 551 466 κιόνων
576 421 622 464 τὸ
648 423 837 476 χρυσοῦν
864 416 1040 476 ὄργανον
1058 419 1139 472 ἔξω
1165 423 1247 463 τῶν
1273 422 1405 463 ἐκεῖσε
1432 435 1528 476 xps-

51 490 280 544 ὅμαμένων
305 489 458 545 βὴλων,
488 490 561 530 καί
591 483 755 530 ἄνωθεν
784 483 918 528 αὐτοῦ
946 487 1004 535 ὥς
1024 486 1127 542 πρὸς
1154 483 1360 541 άνατολὴν
1380 484 1425 528 τὸ
1447 486 1523 528 τοῦ

78 558 260 599 Βενέτου
288 556 501 612 ἆργυροῦν
529 549 726 611 ὄργανον,
769 552 926 606 ὁμοίως
956 555 1030 595 καί
1056 555 1101 596 ἐν
1129 554 1186 609 τῷ
1213 551 1414 610 εὐωνύμῳ
1440 552 1517 605 με’-
1529 559 1598 597 Ms.
1617 557 1720 606 '93³²

79 636 146 678 ρει
173 620 220 665 τὸ
246 624 324 664 τοῦ
349 622 580 676 Πρασίνου
610 620 822 676 ἀργυροῦν
849 613 1038 674 ὄργανον.
1109 618 1269 671 ἰστέον,
1305 613 1372 658 ὅτι
1397 615 1446 658 τὸ
1471 613 1525 658 ἆ-

14 734 18 738 ,
78 683 380 743 ναδενδράδιον
407 683 505 728 ὅλον
532 685 732 740 ἐποίησαν
759 683 797 727 οἱ
826 683 1075 727 παστοποιοὶ
1101 683 1219 739 δίκην
1246 684 1446 738 τροπικῆς
1471 678 1526 724 ἇ-

82 751 137 794 ud
165 754 329 803 σενὸές·
382 751 504 794 ἔνθεν
540 753 588 793 δὲ
625 751 790 793 κάκεῖσε
826 752 911 793 τῶν
949 749 1114 792 κιονίων
1151 748 1234 791 ἆπὸ
1271 750 1356 791 τῶν
1382 748 1525 798 osv-529

26 820 206 875 ἱθμέχρι
242 820 319 860 τοῦ
354 817 542 874 ἐδάφους
580 816 899 873 ἐκρεμάσθησαν
943 815 1236 873 σκαραμάγγια
1267 814 1428 870 μεγάλα
1467 809 1553 858 wi*

76 885 151 927 καί
176 885 355 927 δοθέντα
382 882 466 926 ἀπὸ
494 883 572 925 τοῦ
600 881 821 924 παλατίου.
880 883 1043 935 ἰστέον,
1073 879 1168 935 ὅτι,
1206 883 1290 924 τῶν
1320 881 1554 926 ἸσπανῶνΒ

76 948 309 1002 ἐλθόντων,
348 950 511 1004 γέγονεν
538 948 640 1004 δοχὴ
669 946 777 990 κατὰ
803 946 941 990 πάντα
976 946 1101 1001 ὁμοία
1127 946 1296 1003 ταύτης,
1338 945 1446 1002 πλὴν
1471 945 1518 989 τὸ

77 1011 407 1070 άναδενδράδιον
443 1016 518 1070 τῆς
555 1014 801 1069 μανναύρας
838 1014 890 1055 οὕ
919 1012 1211 1069 κατεκοσμήθη
1250 1011 1332 1054 ἀπὸ
1361 1013 1519 1066 σενδὲς,

76 1075 167 1122 ἄλλ’
195 1077 290 1122 ὅλον
317 1078 387 1122 διὰ
417 1081 741 1135 σκαραμαγγώον
766 1080 980 1134 μεγάλων,
1026 1078 1101 1120 καί
1121 1076 1443 1134 ἐκρεμάσθησαν
1475 1078 1522 1120 ἐν

26 1141 191 1202 dmin?
217 1147 291 1188 καὶ
322 1143 376 1187 τά
399 1143 603 1200 χειμευτά
633 1143 734 1199 ἔργα
771 1147 847 1187 τοῦ
875 1143 1088 1199 φύλακος.
1140 1144 1279 1198 γέγονε
1307 1144 1355 1185 δὲ
1380 1140 1407 1199 ἧ
1436 1145 1523 1185 τοῖν

71 1210 286 1254 Ἰσπανῶν
312 1208 418 1265 δοχὴ
445 1210 552 1266 μηνί
571 1209 805 1269 Ὀκτωβρίῳ
832 1209 909 1266 κδ’.
965 1211 1115 1263 ἰστέον,
1149 1208 1213 1252 ὅτι
1241 1212 1286 1252 ὲν
1311 1210 1443 1268 ταύτῃ
1470 1210 1522 1266 τῇ

74 1277 248 1334 τροπικῇ
286 1278 339 1334 τῇ
377 1274 460 1317 α’πό
498 1279 582 1318 τῶν
611 1278 754 1327 σενδὲς
781 1278 1166 1333 κατασκευασθείσῃ
1197 1275 1519 1331 ἐκρεμάσθησαν

74 1341 274 1384 άλυσίδια
301 1339 578 1397 οἷσπρόχαλκα
606 1340 654 1396 ιγ’
685 1340 768 1383 άπὸ
798 1344 882 1384 τῶν
900 1341 1128 1397 Ὁρμίσδου
1159 1344 1231 1383 καί
1258 1340 1553 1396 πολυκάνδη-(ζ

75 1409 130 1448 λα
157 1402 323 1462 οἷργυρᾶ
350 1406 432 1448 ἀπὸ
460 1410 533 1463 τῆς
570 1409 666 1457 νέας
700 1407 942 1463 ἐκκλησίας.
998 1407 1071 1448 καί
1107 1409 1167 1456 εἰς
1202 1405 1249 1448 τὸ
1291 1405 1522 1463 φονρνικὸν

20 1468 123 1514 20τὸ
150 1471 293 1526 ἐξάγον
319 1473 378 1523 εἷς
403 1470 472 1515 τὸν
499 1472 703 1529 τρίκλινον
727 1475 810 1515 τῶν
837 1470 1099 1515 κανόιδάτων
1131 1474 1272 1528 ἕτερον
1300 1471 1521 1530 ἁλυσίδιον

75 1636 205 1671 magna
230 1626 367 1670 tropica
390 1636 452 1659 seu
483 1625 628 1660 trichila
651 1638 724 1660 una
749 1638 794 1660 ex
819 1627 946 1661 eodem
971 1628 1204 1661 monasterio.
1260 1626 1312 1660 Ex
1335 1626 1392 1662 his
1416 1633 1518 1663 cate-

74 1672 422 1716 nisdependebant
448 1678 615 1718 argentea
659 1685 775 1707 novae
815 1675 986 1707 ecclesiae
1011 1674 1246 1719 polycandeia
1281 1685 1344 1707 seu
1380 1674 1518 1709 cande-

74 1718 176 1752 labra
199 1718 393 1752 multorum
426 1729 610 1753 cereorum
633 1719 746 1753 hastis
787 1731 848 1754 seu
878 1720 1032 1753 foveolis
1082 1727 1119 1754 et
1158 1720 1339 1754 cantharis
1371 1722 1517 1755 multis-

75 1776 149 1811 que
180 1766 294 1798 cereis
318 1766 355 1799 in
381 1764 556 1799 ambitum
581 1766 766 1799 instructa.
819 1766 1092 1800 Collocaverant
1127 1778 1273 1814 quoque
1309 1768 1349 1801 in
1383 1768 1515 1801 eodem

79 1811 244 1845 triclinio
267 1823 477 1856 magnaurae
504 1824 524 1845 a
550 1813 676 1846 dextra
699 1818 803 1858 parte
827 1813 986 1846 medium
1026 1814 1119 1846 intra
1153 1825 1297 1859 magnas
1330 1814 1516 1848 columnas

76 1868 225 1891 aureum
251 1869 422 1903 organum
447 1864 546 1892 extra
571 1859 651 1892 vela
676 1870 720 1892 ex
746 1860 820 1892 illis
842 1860 1017 1893 columnis
1043 1859 1305 1906 dependentia,
1332 1865 1370 1893 et
1392 1861 1438 1893 ab
1467 1874 1515 1895 u-

74 1908 205 1950 traque
228 1905 305 1938 eius
333 1909 433 1950 parte
458 1905 504 1938 ad
532 1904 690 1938 dextram
716 1905 862 1952 quidem
895 1907 1060 1951 superius
1103 1917 1224 1940 versus
1249 1907 1427 1947 orientem
1452 1919 1515 1941 or·

74 1962 205 1996 ganum
233 1957 440 1996 argenteum
468 1951 630 1985 Venetae
654 1952 836 1994 factionis,
848 1952 894 1985 ad
917 1954 1098 1986 sinistram
1125 1963 1208 1987 vero
1233 1952 1384 1987 inferius
1409 1964 1514 1999 orga-

76 2008 164 2031 num
189 2003 396 2042 argenteum
419 1999 586 2032 Prasinae
624 1999 801 2032 factionis.
862 2000 1076 2033 Arboretum
1105 2001 1165 2033 vel
1194 2001 1324 2033 atrium
1358 2000 1515 2036 triclinii

78 2042 268 2077 arboribus
293 2044 450 2078 obsitum
476 2048 748 2080 efformaverant
779 2046 953 2080 aulaearii
977 2058 996 2080 e
1022 2047 1150 2091 pannis
1174 2046 1302 2080 sendes
1333 2047 1377 2080 ad
1399 2049 1513 2082 instar

73 2091 231 2135 tropices
248 2102 309 2124 seu
326 2090 520 2124 ambulacri
548 2092 726 2130 fornicati,
748 2091 803 2124 Ab
819 2099 971 2139 utraque
997 2099 1115 2126 autem
1138 2098 1241 2139 parte
1266 2093 1513 2128 columnarum

75 2147 97 2170 e
120 2136 249 2182 pannis
278 2137 407 2171 sendes
428 2137 514 2172 inde
539 2138 712 2172 fornicem
746 2151 886 2172 sursum
915 2139 1122 2185 tegentibus
1146 2150 1262 2186 usque
1285 2139 1332 2174 ad
1355 2140 1511 2175 fundum

15 2180 20 2207 ἶ
75 2181 388 2227 suspendebantur
421 2186 658 2231 scaramangia
682 2196 829 2232 magna,
861 2198 882 2219 a
912 2187 1050 2232 palatio
1087 2185 1328 2232 suppeditata.
1383 2186 1510 2232 Legati

75 2228 228 2272 Hispani
253 2241 364 2275 quum
388 2230 578 2273 adessent,
610 2233 880 2278 recipiebantur
905 2233 1032 2267 eodem
1057 2245 1201 2279 prorsus
1226 2233 1360 2274 modo,
1398 2239 1509 2279 atque

74 2274 134 2309 illi
158 2274 348 2309 Tarsenses
362 2301 373 2317 ,
401 2287 444 2310 ea
467 2283 606 2311 tantum
625 2279 848 2320 differentia,
880 2279 978 2325 quod
1002 2279 1310 2314 anadendradium
1336 2280 1396 2312 vel
1419 2281 1510 2313 viri-

77 2320 220 2353 darium
245 2332 461 2366 magnaurae
482 2335 556 2357 non
609 2327 712 2359 annis
734 2326 876 2366 sendes,
899 2327 963 2360 sed
984 2331 1100 2360 totum
1125 2327 1376 2371 scaramangiis
1401 2337 1508 2359 coor-

75 2370 202 2400 natum
228 2366 351 2401 fuerit.
400 2369 584 2414 Suspende
613 2378 720 2406 antur
744 2384 890 2419 quoque
914 2379 1002 2406 tunc
1033 2383 1142 2419 opera
1165 2374 1338 2406 materiae
1369 2372 1510 2416 pretio-

75 2423 159 2452 sae,
194 2413 351 2447 smaltita
372 2415 431 2448 vel
469 2417 630 2452 incausto
667 2420 787 2464 picta,
823 2430 843 2452 e
882 2418 1031 2463 phylace
1061 2430 1124 2453 seu
1156 2420 1293 2453 aerario
1325 2417 1508 2452 dominico

76 2458 273 2504 depromta.
322 2459 485 2506 Hispani,
510 2474 599 2508 quos
624 2463 714 2507 dixi,
745 2465 889 2498 admissi
923 2466 1072 2499 fuerunt
1094 2465 1154 2499 die
1191 2465 1304 2499 XXIV
1327 2463 1508 2501 Octobris.

75 2504 147 2538 Sed
170 2504 277 2539 redeo
302 2505 346 2538 ad
370 2513 532 2552 coeptam
565 2512 807 2545 narrationem
832 2511 878 2545 ‹le
903 2512 1030 2557 legati:
1057 2509 1304 2546 Tarsensibus.
1375 2510 1418 2542 In
1441 2509 1508 2544 illa

75 2551 201 2596 itaque
235 2552 372 2596 tropica
407 2564 427 2587 e
460 2556 589 2598 pannis
638 2557 765 2591 sendes
801 2558 962 2591 confecta
1004 2556 1315 2603 suspendebantur
1356 2561 1507 2590 catenae

75 2597 346 2643 quatuordecim
369 2610 502 2634 aeneae
524 2602 786 2648 inargentatae,
806 2615 850 2637 ex
873 2603 1085 2638 Hormisdae
1111 2603 1185 2650 (vel
1212 2603 1246 2636 S.
1271 2602 1401 2648 Sergii)
1424 2613 1506 2636 mo-

75 2645 233 2679 nasterio
259 2646 416 2689 petitae,
450 2653 487 2681 et
515 2648 667 2683 totidem
690 2650 925 2695 polycandela
957 2656 1124 2696 argentea
1149 2661 1192 2683 ex
1227 2660 1307 2683 nea.
1359 2648 1404 2684 ln
1428 2649 1507 2684 sor-

74 2692 156 2726 nice
182 2696 318 2734 autem,
343 2692 406 2740 qni
430 2693 469 2728 in
492 2694 690 2731 triclinium
714 2696 985 2734 candidatorum
1009 2696 1120 2739 ducit,
1147 2707 1317 2743 suspensa
1340 2700 1419 2733 ent
1445 2705 1507 2731 ea·-
