1884 3112
862 0 895 35 1

273 82 382 152 1184
555 99 914 145 CONSTANTIM
949 96 1432 143 Pommoomsm

266 203 291 246 ὅ
313 201 420 253 Θεὸς
444 201 514 247 τὸν
539 205 716 257 βασιλέα
743 202 914 257 ἦμῶν,”
941 197 1074 250 εὐθὺς
1103 201 1229 243 αὐλεῖ
1248 199 1295 243 τὸ
1323 195 1510 255 ὄργανον,
1538 197 1562 242 ὃ
1588 200 1711 243 ἵστα-

264 286 337 323 ται
365 272 410 312 ἐν
436 270 492 327 τῷ
519 271 765 324 τριπέτωνι,
795 266 868 308 καί
895 265 1074 318 ἐξελθών
1110 267 1133 308 ὅ
1162 264 1364 321 βασιλευς
1390 267 1612 316 καθέζεται
1639 262 1712 307 ἐπὶ

263 337 339 390 τῆς
366 335 508 388 τιμιάς
536 333 668 375 αὑτοῦ
694 333 923 387 τραπέζης,
972 334 1115 389 φορῶν
1155 332 1468 388 σκαραμάγγιον
1506 332 1710 384 διἀσπρον

225 399 569 455 εχρυσόκλαβον,
598 400 847 450 καθέζονται
875 399 946 440 καί
974 397 1013 440 οἱ
1041 400 1260 453 κληθέντες
1291 399 1419 454 φίλοι,
1451 396 1490 439 οἱ
1518 398 1598 450 μὲν
1625 393 1708 438 dn«)

261 465 582 521 σκαραμαγγίων
609 465 777 515 λευκῶν,
807 461 845 505 οἱ
874 465 921 505 δὲ
949 465 1164 519 χροακῶν,
1193 465 1350 513 εὐθέως
1381 464 1427 505 δὲ
1458 461 1497 504 οἱ
1524 464 1602 515 μὲν
1629 455 1734 516 (ἕρ-5

257 547 400 585 χοντες
437 531 515 572 τοῦ
556 530 847 583 κουβουκλειόυ
893 528 1200 581 ἀπαλλάξαντες
1239 529 1535 583 ἀναχωροῦσι,
1592 526 1708 570 οἶδὲ

260 594 795 651 σπαθαροκουβικουλάριοι
822 594 894 636 καί
910 596 1246 651 κουβικουλάριοι
1275 593 1610 647 ἆπαλλάξανιες,““
1626 609 1709 635 πα·-

264 664 482 717 ρι’στανται
510 660 592 703 α’πό
634 661 974 716 σκαραμαγγίων.
1052 661 1166 718 (Δ.)
1207 659 1304 716 Χρὴ
1346 662 1392 703 δὲ
1430 662 1600 712 εἰδέναι,
1630 656 1707 711 ὅτι,

259 729 299 775 ,εἰ
321 730 401 780 μὲν
426 727 530 784 τύχῃ
559 727 583 782 ἢ
615 725 735 782 ἑορτὴ
774 730 852 769 τοῦ
890 725 1192 781 εὖαγγελισμοῦ
1233 728 1282 784 τῇ
1310 723 1421 784 αὐτῇ
1461 727 1598 785 ἡμέρᾳ
1629 722 1708 768 τοῦ

260 794 381 849 ἁγίου
408 794 635 847 σαββάτου,
665 794 892 850 ἀπέρχεται
920 792 941 834 ὅ
971 792 1170 847 βασιλεὺς
1197 793 1256 842 εἷς
1282 791 1354 848 τὴν
1383 791 1506 847 ἁγίαν
1533 792 1763 849 Σοφίαν,ω

259 859 332 901 καί
358 861 518 901 ε’κτελεῐ·
541 857 706 902 ἅπαντα
736 859 789 902 τὰ
819 861 895 901 τοῦ
925 859 1108 914 μεγάλου
1150 857 1386 913 σαββάτου,
1429 857 1486 908 ὥς
1513 857 1709 914 ἀνωτέρω

260 923 446 980 εἴρηται·
491 927 565 967 καί
589 927 634 967 έν
672 928 722 983 τῇ
753 925 972 983 ὖπαλλαγῇ
1011 928 1083 980 τῆς
1111 924 1231 980 ἆγιάς
1258 925 1464 980 τραπέζης
1491 925 1563 966 καί
1587 925 1632 966 ἐν
1657 928 1710 981 τῇ

213 990 464 1044 Βθυμιάσει
491 993 566 1033 τοῦ
592 994 894 1048 θυσιαστηρίου
924 991 996 1033 καί
1022 992 1067 1033 ἐν
1094 995 1146 1049 τῇ
1172 993 1388 1048 εἰσκομιδῇ
1416 992 1494 1032 τοῦ
1514 989 1708 1045 χρυσίου,

260 1056 335 1098 καί
360 1056 555 1108 ἐξελθών,
585 1057 645 1107 ὦς
673 1056 854 1099 εἴθισται
884 1055 1011 1116 αὐτῷ,
1042 1053 1265 1112 ἀπέρχεται
1293 1058 1338 1099 ἐν
1362 1058 1421 1114 τῷ
1449 1059 1710 1112 σκευοφυλα-

261 1119 358 1179 κίῳ.
414 1121 486 1164 καί
509 1125 678 1172 τελέσας
705 1125 836 1165 ἐκεῖσε
865 1119 1054 1176 ἅπαντα,
1097 1122 1154 1172 ὠς
1202 1123 1460 1178 προείρηται,
1502 1122 1765 1176 ἐξέρχεταιιό

263 1186 335 1229 διὰ
365 1190 437 1244 τῆς
466 1188 660 1244 ἀνωτέρω
690 1190 907 1244 εἰρημένης
943 1187 1098 1244 πύλης·
1154 1187 1225 1229 καί
1262 1186 1404 1242 λαβὼν
1431 1189 1560 1229 ἐκεῖσε
1590 1184 1706 1242 παρὰ

262 1255 340 1295 τοῦ
381 1253 644 1310 πατριάρχου
686 1251 898 1309 εὐλογίας,
948 1253 1018 1297 διὰ
1051 1257 1126 1297 τοῦ
1153 1255 1302 1296 στενοῦ
1327 1256 1402 1296 τοῦ
1428 1251 1547 1308 ἁγίου
1576 1255 1707 1296 Νικο-

264 1322 370 1365 λάου
399 1322 642 1374 διαβατικοῧ
666 1321 894 1376 ἀπέρχεται
920 1323 965 1364 ἐν
992 1323 1049 1379 τῷ
1092 1321 1194 1379 ἁγίῳ
1237 1323 1415 1377 φρέατι,
1461 1318 1534 1362 καί
1568 1318 1709 1373 λαβὼν

262 1387 380 1444 παρὰ
407 1389 480 1430 τοῦ
517 1386 782 1443 πατριάρχου
813 1384 1025 1443 εὖλογιάς,
1068 1387 1142 1429 οὐκ
1181 1386 1397 1442 ἐξέρχεται
1437 1386 1483 1428 ἐν
1519 1387 1572 1443 τῇ
1597 1387 1706 1441 μέσῃ

263 1453 371 1510 πρὸς
397 1452 444 1495 τὸ
475 1450 671 1495 ἀπελθεῖν
700 1452 825 1496 αὐτὸν
859 1456 904 1497 ἐν
948 1455 1005 1512 τῷ
1034 1453 1221 1511 παλατίῳ
1251 1452 1322 1495 διὰ
1349 1450 1426 1508 τὴν
1453 1449 1600 1507 ἑορτὴν
1623 1451 1758 1493 τοῦάο

263 1520 590 1574 ειῖαγγελισμοῦ,
621 1519 712 1561 ἀλλ’
739 1520 1012 1575 ὑποστρέψας
1039 1519 1271 1575 εἰσέρχεται
1294 1519 1338 1560 ἐν
1363 1522 1414 1576 τῇ
1439 1517 1567 1575 μικρᾷ
1594 1516 1730 1574 πύλῃ,

67 1598 131 1634 Ed.
145 1599 182 1634 Ι..
201 1588 319 1644 ,09τῇ
349 1580 451 1643 οὔσῃ
481 1587 526 1628 ἐν
558 1587 614 1643 τῷ
643 1586 822 1642 φρέατι,
851 1586 895 1627 ἐν
922 1581 949 1643 ᾖ
978 1587 1148 1628 ἵσταται
1175 1586 1219 1627 ἐν
1244 1590 1334 1633 ταῖς
1360 1582 1560 1638 μεγάλαις
1585 1597 1708 1638 προε-

264 1653 468 1705 λεύσεσιν,
496 1651 664 1700 ἐπιδούς
689 1658 774 1702 τοῖς
800 1650 983 1706 ψάλταις
1012 1654 1085 1694 καί
1111 1656 1270 1700 λοιποῖς
1295 1649 1371 1700 τὰς
1397 1648 1600 1710 πλουσίαις
1626 1649 1709 1691 αὖ-

263 1721 340 1762 τοῦ
370 1716 529 1774 δωρεὰς
558 1716 580 1759 ὅ
609 1716 806 1772 βασιλεὺς
834 1719 879 1761 ἐν
906 1719 965 1777 τῷ
992 1718 1158 1775 κράζειν
1184 1715 1258 1760 τὸν
1286 1711 1479 1775 ἄργυρον.
1506 1717 1577 1759 καί
1602 1716 1710 1760 ἐκεῧε

358 1842 413 1865 22.
438 1834 518 1867 ταῖς
534 1841 603 1865 om.
625 1829 680 1864 ed.

274 1948 415 1985 tantum
439 1955 554 1978 aurea.
603 1943 735 1978 Divino
761 1944 876 1979 officio
900 1944 1076 1990 peracto‚'
1099 1950 1290 1992 postquam
1317 1945 1370 1979 ibi
1403 1944 1605 1990 congregati
1639 1954 1705 1977 ex-

276 1991 489 2024 clamarunt:
518 1992 716 2025 conservet
725 1992 823 2026 Deus
843 1993 1102 2038 Imperatorem
1122 1993 1309 2027 nostr-um!
1335 1993 1454 2025 statim
1473 2001 1640 2036 organum
1664 1991 1704 2024 in

269 2039 452 2082 tripetone
479 2038 687 2070 collocatum
713 2039 893 2082 pulsatur,
919 2041 1113 2083 Imperator
1137 2050 1314 2083 egressus,
1344 2037 1570 2072 venerandae
1595 2047 1700 2069 men-

271 2094 330 2116 sae
355 2094 463 2124 suae,
488 2085 726 2128 scaramangio
754 2085 836 2117 albo
865 2085 973 2118 clavis
997 2087 1112 2118 aureis
1138 2086 1308 2124 indutus,
1334 2083 1489 2124 assidet,
1524 2095 1603 2116 cum
1629 2094 1702 2129 quo

272 2131 377 2163 amici
402 2130 544 2164 invitati
572 2131 697 2174 partim
723 2131 836 2170 albis,
861 2132 990 2176 partim
1016 2132 1203 2174 variegatis
1230 2131 1474 2174 scaramangiis
1499 2130 1620 2164 induti
1645 2141 1702 2162 as-

272 2176 423 2210 sident:
467 2177 642 2221 praefecti
679 2177 862 2218 cubiculi,
905 2177 1079 2222 depositis
1114 2178 1339 2218 mutatoriis,
1365 2176 1579 2216 discedunt,
1615 2187 1704 2221 spa-

271 2222 589 2256 tharocubicuiarii
639 2235 722 2257 vero
763 2230 800 2257 et
833 2223 1043 2257 cubicularii
1068 2249 1078 2265 ,
1120 2225 1322 2257 mutatoriis
1366 2225 1481 2257 exutis
1503 2248 1512 2262 ,
1551 2224 1590 2256 in
1627 2234 1704 2256 sea-

273 2270 461 2314 ramangiis
499 2270 707 2315 Imperatori
741 2270 892 2304 adstant.
939 2271 1031 2316 (IV.)
1079 2270 1271 2304 Sciendum
1306 2276 1380 2309 est,
1419 2271 1448 2303 si
1473 2270 1602 2303 festum
1635 2281 1702 2309 an-

273 2317 513 2350 nuntiationis
559 2317 598 2350 in
635 2317 782 2350 eandem
820 2316 916 2349 diem
960 2317 1070 2350 sancti
1101 2317 1243 2350 sabbati
1285 2317 1424 2350 incidat
1447 2341 1457 2357 ,
1503 2317 1702 2362 Imperato-

275 2373 349 2396 rem
381 2363 426 2397 ad
457 2363 492 2400 S,
523 2362 679 2407 Sophiae
710 2363 834 2403 abire,
869 2369 906 2396 et
946 2363 999 2396 ibi
1028 2364 1118 2397 ritus
1156 2375 1277 2397 omnes
1319 2364 1438 2409 magni
1462 2363 1606 2396 sabbati
1638 2374 1702 2396 su-

273 2420 339 2454 pra
365 2411 558 2443 recensitos
584 2416 658 2443 tum
681 2409 720 2444 in
752 2415 894 2443 sanctae
918 2421 1059 2443 mensae
1085 2412 1235 2443 instrato
1261 2410 1452 2450 mutando,
1479 2415 1554 2443 tum
1580 2410 1618 2443 in
1646 2420 1705 2442 sa-

276 2457 379 2488 crarii
408 2457 652 2490 incensatione
676 2458 825 2502 aurique
850 2456 1035 2490 oblatione
1060 2467 1198 2490 servare
1213 2482 1223 2496 ‚
1263 2463 1300 2491 et
1325 2457 1408 2490 inde
1433 2467 1610 2501 egressum
1625 2481 1635 2496 ,
1660 2460 1704 2489 ut

276 2503 310 2535 ei
334 2507 417 2536 mos*
437 2509 501 2543 est,
523 2503 568 2536 ad
593 2503 791 2536 custodiam
815 2514 976 2536 vasorum
1003 2503 1112 2537 abire.
1162 2503 1217 2536 Ibi
1241 2505 1335 2536 enim
1356 2508 1547 2548 postquam
1571 2503 1705 2543 omnia,

277 2559 369 2594 quae
394 2561 500 2594 supra
524 2549 757 2590 tradidimus,
793 2551 952 2595 peregit,
988 2561 1052 2594 per
1090 2561 1195 2594 supra
1226 2555 1531 2584 commemoratam
1565 2553 1704 2594 portam

277 2594 472 2640 egreditur,
498 2602 534 2630 et
558 2596 812 2629 benedictione
838 2596 891 2629 ibi
917 2609 938 2630 a
963 2595 1161 2640 patriarcha
1183 2603 1349 2642 accepta,
1373 2607 1437 2641 per
1459 2601 1644 2641 angustam
1667 2593 1703 2628 S.

275 2639 416 2676 Nicolai
441 2644 617 2688 porticum
642 2642 688 2676 ad
710 2654 844 2676 sacrum
867 2649 1018 2688 puteum
1049 2643 1143 2683 abit,
1182 2649 1399 2690 acceptaque
1431 2654 1551 2676 rursus
1585 2641 1704 2674 bene-

277 2685 450 2731 dictione,
476 2689 538 2741 ad„
551 2689 718 2731 mediam,
732 2689 780 2724 ob
805 2690 937 2724 festum
961 2690 1248 2724 annuntiationis
1273 2692 1312 2723 in
1334 2690 1506 2736 palatium
1528 2688 1717 2729 abiturus,-
