1878 3112
248 95 362 161 564
524 81 883 158 CONSTANTiNl
929 105 1415 149 Ponrnmoemm

846 211 984 254 ΚΕΦ.
1012 208 1080 251 ιδ’.
1682 222 1694 239 ἃ

235 308 330 349 Ὅσα
354 307 415 343 δεῖ
440 301 755 352 παραφυλάττειν
782 299 848 336 ἐπὶ
870 299 1088 346 χειροτονίᾳ
1110 295 1351 344 πατριάρχου
1376 295 1698 332 Κιονσταντινου-Ί

898 355 1053 394 πόλεως.
1693 364 1695 366 ·

362 454 643 502 Τελευτῶντος
669 450 744 494 τοῦ
771 447 1057 506 πατριάρχου,
1085 447 1210 502 δηλοῖ·
1232 443 1256 486 ὅ
1282 441 1481 499 βασιλεῦς
1507 446 1592 490 τοῖς
1618 444 1693 502 θε-ῥ

50 531 156 567 Ed.L.
172 530 240 568 326
250 519 534 580 οφιλεστάτοις
559 518 883 573 μητροπολίταις
910 514 1188 570 ψηφίσασθαι
1211 516 1343 567 τρεῖς,
1382 509 1426 551 οἳ
1448 510 1522 551 καί
1552 501 1718 556 αὖτοῖςό

247 589 441 640 δόξουσιν
469 581 578 628 εἶναι
605 579 716 635 ἄξιοι
753 584 813 632 εἷς
852 579 1143 636 πατριάρχην.
1197 575 1272 620 καὶ
1296 574 1349 632 δὴ
1379 574 1535 618 τούτων
1562 590 1699 634 συνα-ί

244 654 530 713 θροισθέντων
572 652 616 692 ἐν
651 655 739 700 τοῖς
773 645 1114 703 κατηχουμενιόις
1148 645 1220 699 τῆς
1253 639 1489 698 ἁγιωτάτης
1514 641 1697 695 μεγάλης

247 722 486 776 ἐκκλησίας,
515 719 589 760 καί
615 713 907 773 ψηφισάμενοι
937 710 1012 761 οὓς
1040 706 1093 753 ἂν
1119 711 1387 766 βουληθῶσι,
1425 705 1699 762 ἆντιδηλοῦσι

246 790 305 848 τῷ
331 790 504 843 βασιλεῖ
523 782 707 835 τούτους,
735 780 809 824 καί
832 777 990 822 κελεύει
1020 776 1043 820 ὅ
1072 774 1273 832 βασιλευς
1299 776 1502 818 εἰσελθεῖν
1524 771 1699 819 τούτους
1744 824 1748 829 x

247 857 308 905 εἷς
326 852 373 896 τὰ
396 851 608 894 παλάτιον.
635 847 709 890 καί
727 846 778 903 δὴ
804 845 962 889 τούτων
989 841 1263 887 εἰσελθόντων
1291 842 1366 883 καί
1390 840 1576 883 στάντων
1595 835 1686 879 ἐναί·
1703 855 1752 883 ιο

247 936 343 962 πιον
366 920 444 960 τοῦ
463 916 683 971 βασιλέως,
697 915 887 956 δι’δουσιν
908 910 1147 967 ἐγγράφους
1169 905 1363 957 οὕστινας
1381 907 1658 963 ἐψηφίσαντο.
1678 901 1700 944 ὃ

247 987 297 1028 δὲ
312 980 509 1039 βασιλεύς
529 982 569 1023 εἰ
586 982 664 1034 μὲν
691 978 1039 1034 συγκατατίθεται
1064 977 1137 1035 καί
1160 975 1326 1032 οἷρεσθῇ
1346 975 1406 1023 εἰς
1425 970 1473 1015 ὃν
1501 966 1553 1014 ἂν
1579 971 1703 1012 εὕδο-

249 1049 377 1108 κὴσῃ·
415 1050 456 1090 εἰ
475 1049 521 1089 δὲ
541 1045 614 1088 καὶ
631 1044 751 1101 μήγε,
776 1046 897 1098 λέγει·
926 1041 1036 1097 ,,ἐγώ
1062 1040 1135 1085 τὸν
1154 1041 1175 1083 ὅ
1197 1043 1312 1083 ὁέἴνα
1333 1042 1446 1082 θέλω
1465 1038 1705 1094 γενέσθαι.”

255 1117 328 1158 καί
348 1114 433 1156 τῶν
450 1112 764 1168 μητροπολιτῶν
790 1111 863 1151 ἐπὶ
885 1108 1018 1167 τούτῳ
1045 1108 1421 1163 συγκαταθεμένων
1448 1105 1521 1147 καί
1546 1105 1599 1162 τῇ
1623 1105 1705 1158 βα·
1742 1158 1745 1160 v

218 1182 396 1238 Βσιλικῇ
422 1177 645 1236 προστάξει
683 1178 757 1218 καί
787 1177 923 1232 κρίσει
949 1173 1057 1216 κατά
1095 1173 1143 1216 τό
1174 1172 1335 1216 δίκαιον
1372 1168 1638 1222 ὑπεικόντων,
1663 1169 1702 1230 εἰ
1709 1169 1758 1213 15

254 1241 340 1303 ἄρα
368 1240 480 1295 ἄξιος
513 1241 602 1299 εἴη,
650 1244 807 1297 γίνεται
834 1239 1167 1299 μεταστάσιμον,
1215 1241 1290 1281 καί
1315 1231 1549 1292 ἀπέρχεται
1575 1237 1623 1278 ἐν
1650 1235 1704 1292 τῇ

254 1309 479 1367 μανναύρᾳ
504 1310 617 1350 πᾶσα
646 1306 671 1363 ἦ
702 1306 930 1362 σύγκλητος
957 1307 1031 1347 καί
1057 1304 1095 1347 οἱ
1126 1309 1430 1361 μητροπολῐται
1456 1299 1607 1350 πάντες
1632 1301 1708 1341 καί

255 1376 408 1424 πάντες
437 1375 475 1417 οἱ
503 1377 578 1429 τῆς
605 1373 822 1429 ἐκκλησίας
858 1367 1063 1427 ἄρχοντες
1101 1370 1175 1413 καί
1210 1366 1487 1427 πρεσβύτεροι
1521 1369 1595 1410 καί
1618 1371 1706 1409 λοι-

256 1444 331 1484 ποί
355 1440 494 1498 ἱερεῖς.
549 1438 623 1482 καί
647 1441 856 1496 ἐξέρχεται
887 1437 908 1480 ὁ
933 1436 1133 1492 βασιλεὺς
1160 1433 1240 1478 ἀπὸ
1271 1432 1600 1491 σκαραμαγγίου,
1629 1447 1707 1488 φο·-

259 1509 347 1564 ρῶν
374 1506 446 1549 καί
478 1505 525 1547 τὸ
557 1504 975 1561 χρυσοπερίκλειστον
1003 1503 1163 1557 σαγίον,
1192 1503 1267 1544 καί
1290 1501 1472 1555 ἵσταται,
1499 1500 1573 1542 καί
1597 1499 1762 1553 λέγειαο

355 1593 389 1630 5.
409 1591 448 1626 οἳ
472 1592 536 1632 καὶ
559 1590 690 1628 αὐτοῖς
714 1589 796 1624 coni
819 1590 880 1631 R„
906 1582 963 1626 οἷς
982 1583 1121 1626 αὐτοὺς
1153 1587 1230 1622 eod.

894 1661 989 1696 CAP.
1020 1663 1074 1707 14.

265 1731 506 1770 observanda
537 1732 581 1767 in
605 1731 786 1768 electione
825 1740 862 1766 et
899 1729 1140 1767 ordinatione
1171 1729 1415 1777 patriarchae
1445 1728 1710 1765 Constantino-

893 1790 1072 1836 politani.
1090 1835 1094 1839 st

333 1859 435 1893 Vivis
458 1861 599 1894 exemto
618 1857 845 1903 patriarcha,
872 1858 1053 1903 significat
1076 1858 1305 1904 imperatque
1329 1855 1526 1900 Imperator
1551 1855 1630 1889 Deo
1648 1863 1710 1887 ca-

263 1907 414 1940 rissimis
440 1911 475 1940 et
492 1906 561 1939 Dei
576 1906 834 1939 amantissimis
859 1905 1116 1949 metropolitis,
1141 1910 1213 1938 tres
1231 1909 1272 1937 ut
1291 1902 1515 1942 candidatos,
1534 1911 1624 1947 quos
1638 1898 1710 1944 ipsi

265 1952 527 1997 patriarchatui
560 1957 664 1996 aptos
692 1956 730 1985 et
764 1952 890 1997 dignos
928 1956 1098 1996 reputent
1121 1977 1130 1992 ,
1175 1949 1424 1985 (lenomincnt.
1479 1946 1712 1981 Conveniunt

267 2011 351 2043 ergo
387 2001 425 2032 in
458 1998 743 2033 catechumenus
779 1999 1026 2033 sanctissimae
1051 2009 1200 2043 magnae
1225 1998 1409 2036 ecclesiae,
1433 1999 1471 2028 et
1491 1999 1575 2028 vota
1596 1991 1712 2026 edunt

268 2056 333 2078 sua
365 2046 433 2085 iis,
471 2045 605 2090 quibus
630 2047 745 2079 visum
778 2046 912 2086 fuerit,
958 2051 995 2079 et
1024 2044 1222 2078 electorum
1251 2055 1270 2076 a
1301 2054 1339 2076 se
1373 2041 1531 2075 virorum
1561 2039 1712 2073 nomina

266 2091 313 2126 ad
336 2093 595 2136 Imperatorem
620 2088 842 2125 renuntiant.
889 2093 981 2136 Ergo
1007 2091 1199 2125 convenire
1222 2090 1305 2123 illos
1329 2087 1433 2121 iubet
1454 2088 1655 2132 Imperator
1674 2085 1713 2118 in

268 2139 459 2184 palatium.
508 2139 662 2182 Ingressi
688 2142 726 2171 et
749 2149 868 2172 coram
891 2138 1048 2171 Domino
1074 2136 1240 2171 collocati
1264 2134 1453 2180 porrigunt
1476 2133 1548 2178 ipsi
1577 2133 1711 2176 scripto

270 2184 454 2230 designata
483 2195 606 2217 eorum
630 2185 762 2226 trium,
789 2196 880 2229 quos
905 2184 976 2229 ipsi
1006 2184 1204 2228 elegerint,
1227 2183 1387 2215 nomina.
1435 2180 1536 2225 Quos
1561 2180 1658 2213 inter
1680 2178 1714 2211 si

271 2232 384 2264 etiam
409 2231 473 2264 ille
501 2231 624 2271 fuerit,
640 2241 747 2276 quem
768 2231 967 2276 Imperator
991 2231 1127 2275 cupiat,
1137 2234 1200 2264 aut
1212 2229 1251 2261 in
1275 2239 1349 2274 quo
1375 2228 1592 2273 acquiescat,
1617 2226 1713 2259 bene

271 2289 329 2313 res
350 2276 474 2318 habet,
499 2282 536 2310 et
558 2277 743 2310 renuntiat
763 2277 886 2320 illum;
911 2276 1042 2322 quodsi
1071 2288 1153 2310 vero
1178 2281 1322 2321 praeter
1345 2273 1399 2307 ibi
1423 2275 1574 2319 scriptos
1599 2274 1714 2308 alium

268 2325 428 2372 aliquem
450 2322 688 2369 patriarcham
701 2329 859 2358 creatum
877 2323 978 2365 velit,
1001 2324 1192 2367 significat,
1204 2334 1242 2356 se
1266 2322 1363 2358 hunc
1381 2322 1439 2354 vel
1459 2321 1579 2362 illum,
1591 2320 1714 2355 nomi-

271 2372 387 2407 natim
410 2371 545 2411 citans»,
568 2370 662 2403 velle
686 2371 927 2416 patriarcham
953 2376 1111 2405 creatum
1136 2370 1282 2404 habere.
1307 2369 1566 2413 Meu-opelius,
1589 2372 1631 2401 ut
1649 2374 1715 2412 par

273 2425 350 2460 cst,
373 2417 555 2463 imperiali
579 2417 750 2452 mandato
780 2422 890 2463 atque
919 2417 1061 2463 optioni
1087 2416 1402 2464 acquiescentibus
1436 2420 1547 2460 atque
1581 2414 1715 2448 ceden—

270 2465 391 2506 tibus,
414 2463 539 2510 (modo
573 2463 703 2510 dignus
732 2469 770 2497 et
794 2469 899 2509 aptus
931 2464 1072 2497 muneri
1096 2464 1145 2498 sit
1177 2477 1197 2498 a
1231 2464 1389 2496 Domino
1420 2461 1674 2496 denominatus
1686 2459 1713 2505 ‚)

271 2513 314 2546 fit
341 2512 632 2552 metastasimon‚
656 2511 714 2543 vel
739 2511 859 2546 exitur
884 2523 903 2545 e
928 2511 1087 2555 palatio,
1120 2515 1292 2556 totusque
1327 2514 1471 2543 senatus
1506 2514 1543 2542 et
1581 2512 1716 2540 metro-

271 2559 411 2604 politae
441 2568 586 2597 omnes,
613 2558 846 2592 ecclesiastici
870 2569 994 2592 omnes
1028 2569 1193 2603 proceres
1218 2563 1256 2590 et
1281 2557 1483 2602 presbyteri
1506 2554 1715 2600 reliquique

273 2605 478 2640 sacerdotes
504 2605 641 2638 abeunt
664 2604 709 2638 ad
739 2615 994 2649 magnauram3
1027 2617 1099 2650 quo
1124 2605 1246 2638 *etiam
1281 2606 1483 2649 Imperator
1517 2604 1556 2636 in
1594 2612 1716 2637 scaras

274 2653 418 2696 mangio
444 2657 480 2685 ct
507 2662 589 2697 sago
621 2662 728 2685 aurea
755 2657 942 2697 praetexta
966 2657 1068 2696 septo
1102 2651 1238 2696 pergit,
1277 2657 1313 2685 et
1338 2662 1458 2685 coram
1490 2650 1544 2685 ihi
1571 2650 1716 2684 adstans

276 2699 476 2745 alloquitur
507 2703 672 2734 senatum
708 2703 745 2732 et
788 2699 1036 2746 metropolitas
1074 2698 1131 2733 hIs
1164 2697 1310 2735 verbis:
1345 2701 1492 2738 Divina
1524 2703 1650 2749 gratia
1678 2708 1715 2737 ει
