1832 3112
336 161 409 201 ms
445 155 702 202 cmmON.
742 155 923 197 AULAE
957 153 1182 198 sYzAN'r.
1212 155 1246 194 1.
1275 150 1344 192 10.
1475 135 1546 211 73

116 260 346 318 σπαθάριοι
383 262 572 304 ἵστανται
605 258 726 301 ἔνθεν
761 253 951 299 κάκεῖθεν
986 254 1262 309 βαστάζοντες
1286 253 1339 298 τοὶ
1379 255 1553 312 διστρά-

115 331 188 370 am
224 326 376 369 αὐτῶν.
445 326 536 382 (Β.)
578 326 674 367 Καὶ
708 322 791 365 ἀπὸ
830 324 915 364 τῶν
949 321 1081 363 ἐκεῖσε
1120 322 1441 377 δηριγευομένου
1475 324 1553 364 τοῦ

115 394 343 447 βασιλέως,
384 390 423 433 οἱ
448 384 528 444 μὲν
564 386 1000 446 σπαθαροκανδιδάτοι
1036 387 1111 428 καὶ
1146 386 1378 443 σπαθάριοι
1404 389 1554 444 κατέρ-

111 474 265 513 χονται
298 457 348 500 τὰ
384 456 592 513 γραδήλια
631 458 709 498 τοῦ
748 455 1070 509 κονσιστωρίου,
1118 451 1158 495 οἱ
1192 455 1272 507 μὲν
1309 452 1387 509 τήν
1415 455 1553 506 δεξιὰν

87 522 264 579 5πύλην,
293 521 332 565 οἱ
360 523 407 565 δὲ
437 520 512 577 τήν
540 519 764 577 ἀριστεράν
779 554 791 573 ,
836 518 874 561 οἱ
906 520 952 560 δὲ
980 517 1191 574 πατρίκιοι
1217 520 1456 574 ἐξέρχονται
1482 520 1558 576 τήν

112 591 246 646 μέσην
271 588 428 645 πύλην,
455 586 529 630 καί
554 587 592 629 οἱ
619 589 697 640 μὲν
724 589 771 629 ἐκ
799 587 943 638 δεξιῶν
970 585 1237 641 κατέρχονται
1264 584 1318 627 τὰ
1345 585 1590 643 γραδήλιαΒ

115 657 192 711 τῆς
219 657 358 708 δεξιᾶς
384 654 539 710 πύλης,
579 656 651 696 καί
677 651 716 694 οἶ
741 653 786 704 ἐξ
811 651 1047 707 ἀριστερῶν
1075 653 1347 708 κατέρχονται
1372 650 1424 695 τοὶ
1453 669 1560 710 γρα-

117 720 243 777 δήλια
268 722 342 777 τῆς
369 721 596 776 ἀριστερᾶς
631 718 776 775 πύλης.
842 715 864 760 ὅ
893 719 941 760 δὲ
965 715 1165 772 βασιλευς
1199 715 1307 771 μετὰ
1343 721 1421 760 τοῦ
1459 734 1558 762 κου.

110 786 330 841 βουκλείου
356 785 604 842 κατέρχεται
630 782 676 828 τὸ
706 783 958 837 πούλπιτον,
1001 781 1074 824 καί
1097 784 1265 825 ἵσταται
1291 781 1374 825 ὑπὸ
1403 784 1452 826 τὸ
1480 801 1558 827 κα-

65 852 342 907 ιομελαύκιον
379 853 425 894 ἐν
450 853 511 910 τῷ
545 852 751 908 πορφυρῷ
777 849 904 907 λίθῳ,
949 850 1022 891 καί
1048 850 1246 903 δέχονται
1274 846 1404 893 αὖτὸν
1431 850 1557 893 πάλιν

110 921 157 962 ἒν
182 919 241 976 τῷ
267 918 547 976 κονσιστωρίῳ
578 915 788 972 πατρίκιοι
826 916 899 956 καί
923 915 1149 971 στρατηγοί
1184 911 1274 968 ἅμα
1300 917 1352 972 τῇ
1378 915 1560 972 συγκλή-

110 999 196 1042 τῳ,
234 981 311 1026 καὶ
344 983 726 1039 προσκυνήσαντες,
769 978 962 1030 νεύοντος
980 981 1071 1022 ’τοῦ
1099 981 1372 1036 πραιποσίτου
1399 983 1624 1038 rugiat-ms.
1639 991 1729 1038 46.1›

110 1050 326 1108 λεντιαρίῳ
362 1044 443 1090 ἆπὸ
473 1047 720 1101 κελεύσεως,
764 1047 875 1100 λέγει
930 1044 1219 1100 ,,κελεύσατε·”
1277 1042 1399 1088 abrai
1424 1047 1471 1089 δὲ
1502 1045 1551 1088 τὸ

107 1116 198 1170 »εἰς
224 1111 402 1164 πολλοὺς
429 1114 502 1156 καὶ
528 1109 719 1168 ἇγαθοὺς
744 1111 965 1168 χρόνους.”
1019 1107 1101 1154 οἷπὸ
1131 1112 1178 1153 δὲ
1205 1113 1288 1154 τῶν
1315 1113 1447 1154 ἐκεῖσε
1475 1113 1551 1168 δη-

57 1179 373 1237 ιόριγευόμενος
414 1177 436 1220 ὅ
473 1178 672 1235 βασιλεὺς
713 1175 797 1220 ὑπὸ
841 1179 925 1220 τῶν
972 1179 1307 1234 προειρημένων,
1360 1177 1585 1232 λέγοντοςῦ

105 1247 186 1289 τοῦ
215 1246 291 1302 τῆς
319 1243 612 1300 καταστάσεως
637 1242 743 1287 κατὰ
768 1241 945 1300 βάθρον·
971 1243 1186 1297 „nannius
1205 1242 1412 1299 Δόμηνι,”
1440 1245 1555 1301 διέρ-

103 1327 230 1367 χεται
258 1310 442 1367 διαὶ-’ᾠῶν
470 1311 747 1366 ἐκσκουβίτων
773 1312 848 1352 καί
883 1311 967 1352 τῶν
993 1312 1155 1365 σχολῶν
1183 1311 1257 1352 καί
1281 1311 1355 1366 τῆς
1378 1312 1551 1367 χαλκῆς,

102 1377 178 1420 καὶ
202 1357 434 1434 ἆπέρὶεται
459 1379 507 1421 ἐν
532 1380 588 1436 τῷ
620 1375 721 1436 ἁγίῳ
752 1376 932 1434 φρέατι,
969 1374 1022 1419 τὰ
1053 1377 1101 1418 δὲ
1119 1377 1228 1433 μέρη
1257 1378 1455 1430 δέχονται
1478 1375 1552 1419 τὸν

102 1445 280 1498 βασιλέα
307 1444 366 1494 εἰς
392 1442 470 1493 τὰς
497 1442 694 1500 συνήθεις
722 1443 886 1492 στάσεις
913 1442 1225 1499 σφραγίζοντες,
1248 1443 1380 1497 μηδὲν
1409 1443 1551 1498 ἕτερον

54 1510 341 1563 2οηοιοῦντες,
382 1510 655 1564 λέγουσιν-δὲ
696 1507 735 1551 οἱ
772 1507 962 1563 νοτάριοι
998 1507 1073 1550 καί
1110 1507 1149 1550 οἱ
1182 1510 1409 1564 μαΐστορες
1446 1506 1548 1558 τούς

107 1574 213 1618 κατὰ
250 1573 379 1618 τύπον
421 1574 619 1630 ἰάμβους,
663 1575 708 1617 ἐν
743 1571 806 1624 οἷς
832 1574 976 1623 τόποις
1002 1573 1186 1616 εἰθισται
1213 1575 1374 1622 αὐτοῖς.
1429 1570 1548 1626 ἅψας

109 1641 157 1682 δὲ
183 1638 332 1696 κηροὺς
360 1640 383 1682 ὅ
412 1639 608 1695 βασιλεὺς
635 1642 707 1682 καί
733 1638 955 1693 εὐξάμενος
965 1674 978 1693 ,
1018 1640 1262 1682 ἐπιδίδωσιν
1301 1634 1460 1687 αὖτοὺς
1486 1640 1547 1696 τῷ

106 1706 368 1764 πραιποσίτῳ
383 1740 396 1760 ,
440 1706 461 1749 ὃ
490 1708 538 1748 δὲ
563 1704 828 1761 πατριάρχης
855 1704 1036 1756 ἐξελθών
1074 1701 1240 1762 ἀπαντᾷ
1267 1702 1340 1745 τὸν
1366 1704 1545 1758 βασιλέα

106 1773 153 1814 ἐν
177 1772 235 1829 τῷ
262 1769 365 1830 ἁγίῳ
394 1773 570 1828 φρέατι,
596 1769 956 1828 προσκυνήσαντες
984 1771 1032 1812 δὲ
1056 1768 1132 1812 καί
1154 1767 1440 1823 ἀσπασάμενοι
1467 1769 1545 1812 ἆλ-

200 1866 251 1902 16.
278 1865 443 1900 καπλάτε
464 1865 543 1902 cod.

103 1957 182 1992 illi:
226 1957 275 1991 In
302 1957 418 1992 multa
463 1956 631 2004 bonaque
663 1965 827 2003 tempora
863 1960 930 1990 etc.
988 1952 1350 2001 Spatharocandidati
1382 1963 1468 1988 vero
1501 1957 1540 1988 et

104 2002 279 2050 spatharii
307 2015 388 2037 cum
411 2004 633 2038 dextralibus
657 2005 730 2037 suis
748 2004 792 2037 ab
818 2008 972 2048 utroque
996 2003 1110 2037 latere
1132 2001 1285 2035 adstant.
1322 2000 1399 2047 (11.)
1419 2002 1541 2044 Impe-

104 2056 223 2085 ratore
259 2050 306 2084 ab
341 2051 397 2084 his
437 2052 596 2095 stipato,
632 2050 985 2095 spatharocandidati
1021 2054 1059 2083 et
1099 2047 1272 2094 spatharii
1313 2059 1379 2093 per
1409 2047 1540 2080 scalam

105 2097 310 2131 consistorii
336 2097 571 2138 descendunt,
601 2103 638 2131 et
656 2098 713 2130 illi
734 2097 879 2144 quidem
902 2108 969 2142 per
992 2095 1169 2136 dextram,
1190 2094 1231 2127 hi
1254 2106 1319 2140 per
1343 2094 1540 2134 sinistram,

104 2143 249 2188 patricii
276 2154 340 2188 per
362 2144 518 2177 mediam
541 2150 699 2189 portam,
725 2149 882 2184 exeunt,
907 2144 958 2176 ita
982 2148 1024 2176 ut
1047 2142 1092 2175 ad
1117 2141 1278 2175 dextram
1304 2145 1452 2177 stantes.
1471 2151 1538 2185 per

106 2190 217 2224 scalas
234 2189 379 2224 dextrae
398 2196 536 2236 portae,
555 2191 600 2224 ad
618 2193 798 2224 sinistram
813 2202 878 2236 per
902 2189 1029 2235 gradus
1050 2190 1217 2223 sinistrae
1240 2193 1365 2232 portae
1380 2187 1538 2220 descen-

106 2236 204 2274 dant.
227 2238 425 2281 Imperator
451 2242 571 2270 autem
594 2249 676 2271 cum
702 2237 868 2271 cubiculo
895 2236 941 2269 ad
963 2236 1146 2280 pulpitum
1170 2234 1370 2274 descendit,
1393 2233 1535 2279 subque

106 2283 323 2316 camelaucio
363 2284 402 2317 in
434 2283 558 2328 lapide
588 2283 840 2329 porphyretico
870 2288 966 2324 atat,
1006 2294 1160 2329 eumque
1195 2293 1317 2315 rursus
1347 2280 1388 2314 in
1415 2281 1536 2314 consi-

107 2330 219 2362 storio
251 2330 393 2374 patricii
426 2336 464 2364 et
487 2332 634 2376 strategi
665 2342 744 2364 cum
778 2335 905 2364 senatu
941 2330 1146 2374 excipiunt,
1179 2328 1337 2374 dumque
1370 2326 1533 2366 adorant,

105 2377 332 2420 praepositus
366 2377 565 2410 silentiario
597 2388 618 2410 a
652 2376 822 2410 mandato
858 2377 997 2422 siguum
1022 2376 1106 2416 dat,
1146 2375 1210 2422 qui
1243 2374 1352 2408 dicit:
1386 2373 1533 2415 Iubae,-

106 2421 177 2465 ipsi
199 2432 301 2456 vero:
330 2423 375 2456 In
397 2425 509 2468 longa
536 2423 705 2470 bonaque
729 2432 902 2470 tempora.
935 2423 1022 2456 Inde
1054 2435 1075 2456 a
1104 2433 1211 2466 supra
1242 2420 1348 2453 dictis
1379 2420 1533 2462 stipatus

106 2468 313 2511 Imperator,
338 2468 480 2503 dicente
505 2471 766 2511 cerimoniario,
796 2469 881 2503 dum
907 2480 971 2513 per
998 2468 1125 2514 gradus
1147 2466 1352 2502 descendit:
1380 2466 1535 2510 captate

105 2513 278 2554 Domini,
306 2525 370 2558 per
397 2516 565 2549 excubias
589 2515 798 2563 scholasque
822 2521 859 2550 et
888 2515 1036 2549 chalcen
1056 2517 1206 2555 transit,
1231 2519 1268 2547 et
1299 2512 1345 2546 ad
1371 2516 1536 2544 sanctum

105 2565 254 2604 puteum
278 2559 372 2601 abit,
415 2562 590 2596 factiones
623 2568 743 2596 autem
776 2564 816 2597 in
846 2562 1057 2596 solennibus
1092 2560 1310 2595 stationibus
1340 2558 1535 2602 signantes,

105 2617 174 2639 nec
206 2606 398 2651 quicquam
429 2613 612 2652 praeterea
644 2615 808 2654 agentes,
843 2620 926 2642 eum
956 2609 1167 2654 excipiunt,
1211 2605 1344 2640 notarii
1376 2614 1460 2637 vero
1498 2607 1536 2637 et

105 2652 263 2697 magistri
285 2653 419 2687 iambos
437 2657 672 2699 praescriptos
701 2657 747 2689 iis
774 2657 813 2689 in
836 2656 925 2689 locis
945 2655 1009 2688 ubi
1033 2666 1108 2688 mos
1134 2659 1188 2687 est
1209 2653 1372 2686 recitant.
1415 2650 1536 2695 Impe-

107 2704 203 2732 rator
222 2709 300 2731 cum
325 2699 437 2732 cereis
468 2702 626 2734 accensis
646 2707 830 2746 precatus,
858 2713 917 2735 eos
947 2702 1152 2747 praeposito
1174 2698 1307 2738 tradit,
1332 2695 1536 2742 patriarcha

106 2756 190 2782 vero
216 2755 374 2791 egressus
389 2770 399 2787 ,
425 2746 495 2792 ipsi
518 2747 557 2782 in
581 2752 704 2783 sancto
726 2753 836 2795 puteo
854 2747 1030 2788 eccurrit,
1065 2752 1101 2781 et
1128 2751 1320 2794 postquam
1345 2754 1384 2778 se
1410 2747 1537 2779 mutuo

1198 2827 1215 2853 Ι
