<?xml version="1.0" encoding="UTF-8"?>
<!DOCTYPE html PUBLIC "-//W3C//DTD XHTML 1.0 Transitional//EN"
    "http://www.w3.org/TR/xhtml1/DTD/xhtml1-transitional.dtd">
<html xmlns="http://www.w3.org/1999/xhtml" xml:lang="en" lang="en">
 <head>
  <title>
</title>
<meta http-equiv="Content-Type" content="text/html;charset=utf-8" />
  <meta name='ocr-system' content='tesseract 3.04.00' />
  <meta name='ocr-capabilities' content='ocr_page ocr_carea ocr_par ocr_line ocrx_word'/>
</head>
<body>
  <div class='ocr_page' id='page_1' title='image "./corpusscriptorum07niebuoft_0762.png"; bbox 0 0 1878 3112; ppageno 0'>
   <div class='ocr_carea' id='block_1_1' title="bbox 271 131 1447 208">
    <p class='ocr_par' dir='ltr' id='par_1_1' title="bbox 271 131 1447 208">
     <span class='ocr_line' id='line_1_1' title="bbox 271 131 1447 208; baseline 0.003 -14"><span class='ocrx_word' id='word_1_1' title='bbox 271 131 389 208; x_wconf 82' lang='lat'><strong>696</strong></span> <span class='ocrx_word' id='word_1_2' title='bbox 558 139 918 195; x_wconf 65' lang='lat' dir='ltr'><strong>cous&#39;rmm</strong></span> <span class='ocrx_word' id='word_1_3' title='bbox 960 150 1447 197; x_wconf 74' lang='lat' dir='ltr'>PORPHYROGENITI</span> 
     </span>
    </p>
   </div>
   <div class='ocr_carea' id='block_1_2' title="bbox 225 249 1782 905">
    <p class='ocr_par' dir='ltr' id='par_1_2' title="bbox 265 249 1724 311">
     <span class='ocr_line' id='line_1_2' title="bbox 265 249 1724 311; baseline 0.003 -17"><span class='ocrx_word' id='word_1_4' title='bbox 265 249 405 296; x_wconf 78' lang='grc' dir='ltr'><em>λεόειν</em></span> <span class='ocrx_word' id='word_1_5' title='bbox 440 249 518 307; x_wconf 76' lang='grc' dir='ltr'><strong>τὴν</strong></span> <span class='ocrx_word' id='word_1_6' title='bbox 558 252 672 295; x_wconf 79' lang='grc' dir='ltr'><em>ἰδίαν</em></span> <span class='ocrx_word' id='word_1_7' title='bbox 709 253 948 308; x_wconf 72' lang='grc' dir='ltr'><strong><em>στρατείαν.</em></strong></span> <span class='ocrx_word' id='word_1_8' title='bbox 1003 252 1080 296; x_wconf 76' lang='grc' dir='ltr'><em>ἐὰν</em></span> <span class='ocrx_word' id='word_1_9' title='bbox 1128 255 1175 297; x_wconf 82' lang='grc' dir='ltr'><strong>δὲ</strong></span> <span class='ocrx_word' id='word_1_10' title='bbox 1207 257 1419 306; x_wconf 75' lang='grc' dir='ltr'><strong><em>παντελῶς</em></strong></span> <span class='ocrx_word' id='word_1_11' title='bbox 1463 255 1724 311; x_wconf 76' lang='grc' dir='ltr'><em>ἒξαπορῶσιν</em></span> 
     </span>
    </p>

    <p class='ocr_par' dir='ltr' id='par_1_3' title="bbox 225 314 1749 839">
     <span class='ocr_line' id='line_1_3' title="bbox 225 314 1724 374; baseline 0.002 -13"><span class='ocrx_word' id='word_1_12' title='bbox 225 320 341 362; x_wconf 68' lang='lat' dir='ltr'><strong>nacae</strong></span> <span class='ocrx_word' id='word_1_13' title='bbox 368 314 418 360; x_wconf 75' lang='grc' dir='ltr'><strong>οὔ</strong></span> <span class='ocrx_word' id='word_1_14' title='bbox 435 315 649 368; x_wconf 43' lang='grc' dir='ltr'><em>,δύνανται</em></span> <span class='ocrx_word' id='word_1_15' title='bbox 677 318 775 360; x_wconf 79' lang='grc' dir='ltr'><em>οὐδὲ</em></span> <span class='ocrx_word' id='word_1_16' title='bbox 801 318 908 372; x_wconf 79' lang='grc' dir='ltr'><em>μετὰ</em></span> <span class='ocrx_word' id='word_1_17' title='bbox 937 320 1021 362; x_wconf 74' lang='grc' dir='ltr'><strong>τῶν</strong></span> <span class='ocrx_word' id='word_1_18' title='bbox 1059 321 1291 374; x_wconf 78' lang='grc' dir='ltr'><em>διδομένων</em></span> <span class='ocrx_word' id='word_1_19' title='bbox 1331 321 1474 371; x_wconf 81' lang='grc' dir='ltr'><em>αὖτοΐς</em></span> <span class='ocrx_word' id='word_1_20' title='bbox 1509 322 1724 364; x_wconf 78' lang='grc' dir='ltr'><em>συνδοτῶν</em></span> 
     </span>
     <span class='ocr_line' id='line_1_4' title="bbox 266 383 1727 443; baseline 0.002 -16"><span class='ocrx_word' id='word_1_21' title='bbox 266 383 342 440; x_wconf 75' lang='grc' dir='ltr'><strong>τὴν</strong></span> <span class='ocrx_word' id='word_1_22' title='bbox 369 384 484 426; x_wconf 83' lang='grc' dir='ltr'><em>ἰδίαν</em></span> <span class='ocrx_word' id='word_1_23' title='bbox 521 387 746 437; x_wconf 82' lang='grc' dir='ltr'><em>στρατείαν</em></span> <span class='ocrx_word' id='word_1_24' title='bbox 788 386 1077 441; x_wconf 79' lang='grc' dir='ltr'><em>ἐξυπηρετεῖν,</em></span> <span class='ocrx_word' id='word_1_25' title='bbox 1118 383 1212 429; x_wconf 86' lang='grc' dir='ltr'><em>τότε</em></span> <span class='ocrx_word' id='word_1_26' title='bbox 1251 386 1525 443; x_wconf 79' lang='grc' dir='ltr'><em>α’δορεύονται</em></span> <span class='ocrx_word' id='word_1_27' title='bbox 1562 388 1634 430; x_wconf 78' lang='grc' dir='ltr'>καί</span> <span class='ocrx_word' id='word_1_28' title='bbox 1661 389 1727 430; x_wconf 55' lang='grc' dir='ltr'><em>δίε</em></span> 
     </span>
     <span class='ocr_line' id='line_1_5' title="bbox 271 445 1727 509; baseline 0.003 -18"><span class='ocrx_word' id='word_1_29' title='bbox 271 451 414 492; x_wconf 89' lang='grc' dir='ltr'><em>δονται</em></span> <span class='ocrx_word' id='word_1_30' title='bbox 457 449 517 499; x_wconf 84' lang='grc' dir='ltr'><em>εἷς</em></span> <span class='ocrx_word' id='word_1_31' title='bbox 558 445 793 504; x_wconf 79' lang='grc' dir='ltr'><em>ἆπελάτας,</em></span> <span class='ocrx_word' id='word_1_32' title='bbox 835 452 879 502; x_wconf 79' lang='grc' dir='ltr'><strong>ἐξ</strong></span> <span class='ocrx_word' id='word_1_33' title='bbox 917 446 975 494; x_wconf 78' lang='grc' dir='ltr'><em>ὧν</em></span> <span class='ocrx_word' id='word_1_34' title='bbox 1012 453 1084 494; x_wconf 79' lang='grc' dir='ltr'>καί</span> <span class='ocrx_word' id='word_1_35' title='bbox 1114 453 1319 504; x_wconf 84' lang='grc' dir='ltr'><em>Τζέκωνες</em></span> <span class='ocrx_word' id='word_1_36' title='bbox 1357 453 1630 509; x_wconf 71' lang='grc' dir='ltr'><em>ἀφορίζονται</em></span> <span class='ocrx_word' id='word_1_37' title='bbox 1667 453 1727 503; x_wconf 85' lang='grc' dir='ltr'><em>εἷς</em></span> 
     </span>
     <span class='ocr_line' id='line_1_6' title="bbox 267 514 1749 576; baseline 0.002 -18"><span class='ocrx_word' id='word_1_38' title='bbox 267 514 322 558; x_wconf 78' lang='grc' dir='ltr'><strong>τὰ</strong></span> <span class='ocrx_word' id='word_1_39' title='bbox 352 516 531 576; x_wconf 78' lang='grc' dir='ltr'><em>κάστρα.</em></span> <span class='ocrx_word' id='word_1_40' title='bbox 586 515 626 557; x_wconf 86' lang='grc' dir='ltr'><strong>οἱ</strong></span> <span class='ocrx_word' id='word_1_41' title='bbox 654 518 701 558; x_wconf 88' lang='grc' dir='ltr'><strong>δὲ</strong></span> <span class='ocrx_word' id='word_1_42' title='bbox 727 517 850 560; x_wconf 87' lang='grc' dir='ltr'><em>τόποι</em></span> <span class='ocrx_word' id='word_1_43' title='bbox 880 520 964 560; x_wconf 82' lang='grc' dir='ltr'><strong>τῶν</strong></span> <span class='ocrx_word' id='word_1_44' title='bbox 991 515 1190 560; x_wconf 78' lang='grc' dir='ltr'><em>τοιούτων</em></span> <span class='ocrx_word' id='word_1_45' title='bbox 1218 522 1487 573; x_wconf 78' lang='grc' dir='ltr'><em>στρατιωτῶν</em></span> <span class='ocrx_word' id='word_1_46' title='bbox 1521 518 1749 573; x_wconf 82' lang='grc' dir='ltr'><em>μένουσιν5</em></span> 
     </span>
     <span class='ocr_line' id='line_1_7' title="bbox 269 581 1724 640; baseline 0.003 -17"><span class='ocrx_word' id='word_1_47' title='bbox 269 581 559 637; x_wconf 76' lang='grc' dir='ltr'><em>ἅνεκποίητοι,</em></span> <span class='ocrx_word' id='word_1_48' title='bbox 600 581 934 639; x_wconf 87' lang='grc' dir='ltr'><em>περιοριζόμενοι</em></span> <span class='ocrx_word' id='word_1_49' title='bbox 971 583 1044 626; x_wconf 79' lang='grc' dir='ltr'><em>καί</em></span> <span class='ocrx_word' id='word_1_50' title='bbox 1080 584 1379 640; x_wconf 75' lang='grc' dir='ltr'><em>ἀφοριζόμενοι</em></span> <span class='ocrx_word' id='word_1_51' title='bbox 1407 587 1468 635; x_wconf 82' lang='grc' dir='ltr'><em>εἰς</em></span> <span class='ocrx_word' id='word_1_52' title='bbox 1493 583 1569 627; x_wconf 82' lang='grc' dir='ltr'><strong>τὸν</strong></span> <span class='ocrx_word' id='word_1_53' title='bbox 1595 584 1724 640; x_wconf 84' lang='grc' dir='ltr'><em>δημό-</em></span> 
     </span>
     <span class='ocr_line' id='line_1_8' title="bbox 268 645 1727 708; baseline 0.001 -17"><span class='ocrx_word' id='word_1_54' title='bbox 268 663 382 702; x_wconf 85' lang='grc' dir='ltr'><em>σιον,</em></span> <span class='ocrx_word' id='word_1_55' title='bbox 415 649 485 691; x_wconf 81' lang='grc' dir='ltr'><strong>ἵνα</strong></span> <span class='ocrx_word' id='word_1_56' title='bbox 513 645 663 702; x_wconf 83' lang='grc' dir='ltr'><em>πάλιν,</em></span> <span class='ocrx_word' id='word_1_57' title='bbox 702 648 778 692; x_wconf 77' lang='grc' dir='ltr'><em>ἐὰν</em></span> <span class='ocrx_word' id='word_1_58' title='bbox 805 652 947 708; x_wconf 83' lang='grc' dir='ltr'>συμβῇ</span> <span class='ocrx_word' id='word_1_59' title='bbox 974 667 1068 693; x_wconf 89' lang='grc' dir='ltr'><em>τινα</em></span> <span class='ocrx_word' id='word_1_60' title='bbox 1095 653 1143 693; x_wconf 77' lang='grc' dir='ltr'><strong>ἐκ</strong></span> <span class='ocrx_word' id='word_1_61' title='bbox 1170 653 1254 693; x_wconf 77' lang='grc' dir='ltr'><strong>τῶν</strong></span> <span class='ocrx_word' id='word_1_62' title='bbox 1283 651 1595 706; x_wconf 76' lang='grc' dir='ltr'><em>ἅδορευθέντων</em></span> <span class='ocrx_word' id='word_1_63' title='bbox 1622 647 1727 693; x_wconf 79' lang='grc' dir='ltr'><em>ἄνα-</em></span> 
     </span>
     <span class='ocr_line' id='line_1_9' title="bbox 270 713 1728 775; baseline 0.002 -19"><span class='ocrx_word' id='word_1_64' title='bbox 270 713 511 769; x_wconf 82' lang='grc' dir='ltr'><em>κτήσασθαι</em></span> <span class='ocrx_word' id='word_1_65' title='bbox 537 713 702 769; x_wconf 73' lang='grc' dir='ltr'><em>ἑαυτὸν,</em></span> <span class='ocrx_word' id='word_1_66' title='bbox 733 714 1011 775; x_wconf 79' lang='grc' dir='ltr'><em>ἀναλαμβάνῃ</em></span> <span class='ocrx_word' id='word_1_67' title='bbox 1039 715 1140 767; x_wconf 75' lang='grc' dir='ltr'><strong>τούς</strong></span> <span class='ocrx_word' id='word_1_68' title='bbox 1167 717 1300 768; x_wconf 80' lang='grc' dir='ltr'><em>ἰδίους</em></span> <span class='ocrx_word' id='word_1_69' title='bbox 1327 716 1496 771; x_wconf 82' lang='grc' dir='ltr'><em>τόπους,</em></span> <span class='ocrx_word' id='word_1_70' title='bbox 1522 715 1597 760; x_wconf 76' lang='grc' dir='ltr'><em>καὶ</em></span> <span class='ocrx_word' id='word_1_71' title='bbox 1623 717 1728 759; x_wconf 83' lang='grc' dir='ltr'><em>α’πο-</em></span> 
     </span>
     <span class='ocr_line' id='line_1_10' title="bbox 273 780 1151 839; baseline 0.006 -17"><span class='ocrx_word' id='word_1_72' title='bbox 273 780 563 825; x_wconf 72' lang='grc' dir='ltr'><em>καθίστασθαι</em></span> <span class='ocrx_word' id='word_1_73' title='bbox 589 783 650 832; x_wconf 83' lang='grc' dir='ltr'><em>εἷς</em></span> <span class='ocrx_word' id='word_1_74' title='bbox 675 780 749 838; x_wconf 76' lang='grc' dir='ltr'><strong>τήν</strong></span> <span class='ocrx_word' id='word_1_75' title='bbox 777 782 889 825; x_wconf 83' lang='grc' dir='ltr'><em>ἰδίαν</em></span> <span class='ocrx_word' id='word_1_76' title='bbox 915 785 1151 839; x_wconf 86' lang='grc' dir='ltr'><em>στρατείαν.</em></span> 
     </span>
    </p>

    <p class='ocr_par' dir='ltr' id='par_1_4' title="bbox 229 859 1782 905">
     <span class='ocr_line' id='line_1_11' title="bbox 229 859 1782 905; baseline -0.007 5"><span class='ocrx_word' id='word_1_77' title='bbox 229 865 260 902; x_wconf 74' lang='lat' dir='ltr'>C</span> <span class='ocrx_word' id='word_1_78' title='bbox 744 896 746 898; x_wconf 82' lang='grc'>-</span> <span class='ocrx_word' id='word_1_79' title='bbox 901 863 1041 904; x_wconf 85' lang='grc' dir='ltr'><strong>ΚΕΦ.</strong></span> <span class='ocrx_word' id='word_1_80' title='bbox 1067 859 1116 905; x_wconf 89' lang='grc' dir='ltr'><strong>ν’.</strong></span> <span class='ocrx_word' id='word_1_81' title='bbox 1733 861 1782 889; x_wconf 83' lang='lat'><strong>¹⁰</strong></span> 
     </span>
    </p>
   </div>
   <div class='ocr_carea' id='block_1_3' title="bbox 284 927 1730 1040">
    <p class='ocr_par' dir='ltr' id='par_1_5' title="bbox 284 927 1730 1040">
     <span class='ocr_line' id='line_1_12' title="bbox 284 927 1730 977; baseline 0.003 -17"><span class='ocrx_word' id='word_1_82' title='bbox 284 927 400 965; x_wconf 72' lang='grc' dir='ltr'><em>Εἰσὶν</em></span> <span class='ocrx_word' id='word_1_83' title='bbox 431 928 473 962; x_wconf 74' lang='grc' dir='ltr'><strong>αἱ</strong></span> <span class='ocrx_word' id='word_1_84' title='bbox 495 927 590 963; x_wconf 77' lang='grc' dir='ltr'><em>κατὰ</em></span> <span class='ocrx_word' id='word_1_85' title='bbox 622 928 747 966; x_wconf 80' lang='grc' dir='ltr'><em>τύπον</em></span> <span class='ocrx_word' id='word_1_86' title='bbox 787 929 907 977; x_wconf 76' lang='grc' dir='ltr'><em>ῥόγαι</em></span> <span class='ocrx_word' id='word_1_87' title='bbox 939 933 1015 965; x_wconf 78' lang='grc' dir='ltr'><strong>τῶν</strong></span> <span class='ocrx_word' id='word_1_88' title='bbox 1049 929 1271 977; x_wconf 78' lang='grc' dir='ltr'><em>στρατηγῶν</em></span> <span class='ocrx_word' id='word_1_89' title='bbox 1305 929 1370 964; x_wconf 71' lang='grc' dir='ltr'><em>καὶ</em></span> <span class='ocrx_word' id='word_1_90' title='bbox 1397 928 1730 976; x_wconf 72' lang='grc' dir='ltr'><em>κλεισουραρχόν,</em></span> 
     </span>
     <span class='ocr_line' id='line_1_13' title="bbox 379 984 1680 1040; baseline -0.003 -10"><span class='ocrx_word' id='word_1_91' title='bbox 379 984 510 1030; x_wconf 53' lang='lat' dir='ltr'><strong>”affixis</strong></span> <span class='ocrx_word' id='word_1_92' title='bbox 530 992 756 1039; x_wconf 74' lang='grc' dir='ltr'><em>ἐρογεύοντο</em></span> <span class='ocrx_word' id='word_1_93' title='bbox 780 994 847 1028; x_wconf 73' lang='grc' dir='ltr'><strong>ἐπὶ</strong></span> <span class='ocrx_word' id='word_1_94' title='bbox 871 995 1038 1032; x_wconf 79' lang='grc' dir='ltr'><em>Λέοντος</em></span> <span class='ocrx_word' id='word_1_95' title='bbox 1060 996 1131 1028; x_wconf 72' lang='grc' dir='ltr'><strong>τοῦ</strong></span> <span class='ocrx_word' id='word_1_96' title='bbox 1147 994 1404 1040; x_wconf 75' lang='grc' dir='ltr'><em>φιλοχρίστου</em></span> <span class='ocrx_word' id='word_1_97' title='bbox 1425 991 1623 1027; x_wconf 85' lang='grc' dir='ltr'><em>δεσπότου.</em></span> <span class='ocrx_word' id='word_1_98' title='bbox 1677 1023 1680 1026; x_wconf 78' lang='grc'>,</span> 
     </span>
    </p>
   </div>
   <div class='ocr_carea' id='block_1_4' title="bbox 230 1055 1783 1382">
    <p class='ocr_par' dir='ltr' id='par_1_6' title="bbox 378 1055 1732 1116">
     <span class='ocr_line' id='line_1_14' title="bbox 378 1055 1732 1116; baseline -0.001 -15"><span class='ocrx_word' id='word_1_99' title='bbox 378 1055 430 1101; x_wconf 86' lang='grc' dir='ltr'>Ὅ</span> <span class='ocrx_word' id='word_1_100' title='bbox 455 1059 688 1115; x_wconf 78' lang='grc' dir='ltr'><em>στρατηγὸς</em></span> <span class='ocrx_word' id='word_1_101' title='bbox 715 1062 799 1103; x_wconf 74' lang='grc' dir='ltr'><strong>τῶν</strong></span> <span class='ocrx_word' id='word_1_102' title='bbox 822 1061 1102 1104; x_wconf 81' lang='grc' dir='ltr'><em>Ἀνατολικῶν</em></span> <span class='ocrx_word' id='word_1_103' title='bbox 1129 1064 1192 1103; x_wconf 88' lang='grc' dir='ltr'><strong>λλ.</strong></span> <span class='ocrx_word' id='word_1_104' title='bbox 1219 1059 1276 1114; x_wconf 85' lang='grc' dir='ltr'><strong>μ’.</strong></span> <span class='ocrx_word' id='word_1_105' title='bbox 1329 1058 1354 1102; x_wconf 78' lang='grc' dir='ltr'>ὅ</span> <span class='ocrx_word' id='word_1_106' title='bbox 1382 1057 1614 1116; x_wconf 80' lang='grc' dir='ltr'><em>στρατηγὸς</em></span> <span class='ocrx_word' id='word_1_107' title='bbox 1646 1055 1732 1100; x_wconf 72' lang='grc' dir='ltr'><strong>τῶν</strong></span> 
     </span>
    </p>

    <p class='ocr_par' dir='ltr' id='par_1_7' title="bbox 275 1123 1783 1315">
     <span class='ocr_line' id='line_1_15' title="bbox 276 1123 1724 1184; baseline 0 -17"><span class='ocrx_word' id='word_1_108' title='bbox 276 1123 562 1180; x_wconf 80' lang='grc' dir='ltr'><em>Ἀρμενιάκων</em></span> <span class='ocrx_word' id='word_1_109' title='bbox 599 1126 724 1179; x_wconf 80' lang='grc' dir='ltr'><strong>λλ.μ’.</strong></span> <span class='ocrx_word' id='word_1_110' title='bbox 777 1126 802 1168; x_wconf 84' lang='lat' dir='ltr'><strong>o‘</strong></span> <span class='ocrx_word' id='word_1_111' title='bbox 830 1126 1064 1182; x_wconf 76' lang='grc' dir='ltr'><em>στρατηγὸς</em></span> <span class='ocrx_word' id='word_1_112' title='bbox 1094 1130 1177 1170; x_wconf 74' lang='grc' dir='ltr'><strong>τῶν</strong></span> <span class='ocrx_word' id='word_1_113' title='bbox 1219 1127 1468 1184; x_wconf 78' lang='grc' dir='ltr'><em>Θρᾳκησίων</em></span> <span class='ocrx_word' id='word_1_114' title='bbox 1495 1129 1558 1167; x_wconf 92' lang='grc' dir='ltr'><strong>λλ.</strong></span> <span class='ocrx_word' id='word_1_115' title='bbox 1586 1123 1642 1179; x_wconf 86' lang='grc' dir='ltr'><strong>μ’.</strong></span> <span class='ocrx_word' id='word_1_116' title='bbox 1699 1124 1724 1167; x_wconf 79' lang='grc' dir='ltr'>ὅ</span> 
     </span>
     <span class='ocr_line' id='line_1_16' title="bbox 275 1190 1783 1248; baseline 0.003 -15"><span class='ocrx_word' id='word_1_117' title='bbox 275 1190 507 1247; x_wconf 82' lang='grc' dir='ltr'><em>στρατηγὸς</em></span> <span class='ocrx_word' id='word_1_118' title='bbox 533 1195 612 1233; x_wconf 77' lang='grc' dir='ltr'><strong>τοῦ</strong></span> <span class='ocrx_word' id='word_1_119' title='bbox 642 1192 833 1247; x_wconf 82' lang='grc' dir='ltr'><em>Ὀψικίου</em></span> <span class='ocrx_word' id='word_1_120' title='bbox 862 1197 926 1235; x_wconf 93' lang='grc' dir='ltr'><strong>λλ.</strong></span> <span class='ocrx_word' id='word_1_121' title='bbox 953 1191 1000 1235; x_wconf 89' lang='grc' dir='ltr'><strong>λ’.</strong></span> <span class='ocrx_word' id='word_1_122' title='bbox 1057 1192 1079 1234; x_wconf 82' lang='grc' dir='ltr'>ὅ</span> <span class='ocrx_word' id='word_1_123' title='bbox 1111 1191 1341 1248; x_wconf 78' lang='grc' dir='ltr'><em>στρατηγὸς</em></span> <span class='ocrx_word' id='word_1_124' title='bbox 1378 1194 1464 1235; x_wconf 75' lang='grc' dir='ltr'><strong>τῶν</strong></span> <span class='ocrx_word' id='word_1_125' title='bbox 1491 1194 1783 1237; x_wconf 83' lang='grc' dir='ltr'><em>Βουκελλα-15</em></span> 
     </span>
     <span class='ocr_line' id='line_1_17' title="bbox 275 1255 1732 1315; baseline 0 -16"><span class='ocrx_word' id='word_1_126' title='bbox 275 1258 380 1312; x_wconf 86' lang='grc' dir='ltr'><em>ρίων</em></span> <span class='ocrx_word' id='word_1_127' title='bbox 418 1261 482 1299; x_wconf 89' lang='grc' dir='ltr'><strong>λλ.</strong></span> <span class='ocrx_word' id='word_1_128' title='bbox 510 1255 560 1300; x_wconf 91' lang='grc' dir='ltr'><strong>λ’.</strong></span> <span class='ocrx_word' id='word_1_129' title='bbox 616 1258 639 1300; x_wconf 80' lang='grc' dir='ltr'>ὅ</span> <span class='ocrx_word' id='word_1_130' title='bbox 680 1258 912 1315; x_wconf 76' lang='grc' dir='ltr'><em>στρατηγὸς</em></span> <span class='ocrx_word' id='word_1_131' title='bbox 959 1260 1270 1309; x_wconf 84' lang='grc' dir='ltr'><em>Καππαδοκίας</em></span> <span class='ocrx_word' id='word_1_132' title='bbox 1297 1263 1361 1300; x_wconf 92' lang='grc' dir='ltr'><strong>λλ.</strong></span> <span class='ocrx_word' id='word_1_133' title='bbox 1392 1259 1441 1301; x_wconf 83' lang='grc' dir='ltr'><strong>κ’.</strong></span> <span class='ocrx_word' id='word_1_134' title='bbox 1499 1255 1522 1299; x_wconf 81' lang='grc' dir='ltr'>ὅ</span> <span class='ocrx_word' id='word_1_135' title='bbox 1550 1266 1732 1313; x_wconf 86' lang='grc' dir='ltr'><em>στρατη-</em></span> 
     </span>
    </p>

    <p class='ocr_par' dir='ltr' id='par_1_8' title="bbox 230 1322 1732 1382">
     <span class='ocr_line' id='line_1_18' title="bbox 230 1322 1732 1382; baseline -0.002 -14"><span class='ocrx_word' id='word_1_136' title='bbox 230 1322 350 1378; x_wconf 71' lang='grc' dir='ltr'><strong>Ιὶγὸς</strong></span> <span class='ocrx_word' id='word_1_137' title='bbox 375 1325 455 1366; x_wconf 80' lang='grc' dir='ltr'><strong>τοῦ</strong></span> <span class='ocrx_word' id='word_1_138' title='bbox 483 1327 733 1380; x_wconf 85' lang='grc' dir='ltr'><em>Χαρσιανοῦ</em></span> <span class='ocrx_word' id='word_1_139' title='bbox 762 1329 822 1368; x_wconf 91' lang='grc' dir='ltr'><strong>λλ.</strong></span> <span class='ocrx_word' id='word_1_140' title='bbox 852 1322 899 1368; x_wconf 83' lang='grc' dir='ltr'><strong>κ’.</strong></span> <span class='ocrx_word' id='word_1_141' title='bbox 956 1324 979 1367; x_wconf 80' lang='grc' dir='ltr'>ὅ</span> <span class='ocrx_word' id='word_1_142' title='bbox 1008 1324 1238 1382; x_wconf 76' lang='grc' dir='ltr'><em>στρατηγὸς</em></span> <span class='ocrx_word' id='word_1_143' title='bbox 1285 1324 1639 1380; x_wconf 82' lang='grc' dir='ltr'><em>Παμφλαγωνίας</em></span> <span class='ocrx_word' id='word_1_144' title='bbox 1666 1326 1732 1365; x_wconf 92' lang='grc' dir='ltr'><strong>λλ.</strong></span> 
     </span>
    </p>
   </div>
   <div class='ocr_carea' id='block_1_5' title="bbox 284 1388 1732 1450">
    <p class='ocr_par' dir='ltr' id='par_1_9' title="bbox 284 1388 1732 1450">
     <span class='ocr_line' id='line_1_19' title="bbox 284 1388 1732 1450; baseline 0 -19"><span class='ocrx_word' id='word_1_145' title='bbox 284 1406 334 1432; x_wconf 84' lang='grc' dir='ltr'><strong>κ.</strong></span> <span class='ocrx_word' id='word_1_146' title='bbox 389 1389 413 1432; x_wconf 80' lang='grc' dir='ltr'>ὅ</span> <span class='ocrx_word' id='word_1_147' title='bbox 451 1389 684 1447; x_wconf 78' lang='grc' dir='ltr'><em>στρατηγὸς</em></span> <span class='ocrx_word' id='word_1_148' title='bbox 725 1389 891 1450; x_wconf 80' lang='grc' dir='ltr'><em>Θρᾴκης</em></span> <span class='ocrx_word' id='word_1_149' title='bbox 933 1396 995 1435; x_wconf 85' lang='grc' dir='ltr'><strong>λλ.</strong></span> <span class='ocrx_word' id='word_1_150' title='bbox 1024 1390 1073 1435; x_wconf 82' lang='grc' dir='ltr'><strong>κ’.</strong></span> <span class='ocrx_word' id='word_1_151' title='bbox 1127 1391 1150 1435; x_wconf 78' lang='grc' dir='ltr'>ὅ</span> <span class='ocrx_word' id='word_1_152' title='bbox 1189 1388 1422 1449; x_wconf 79' lang='grc' dir='ltr'><em>στρατηγός</em></span> <span class='ocrx_word' id='word_1_153' title='bbox 1459 1389 1732 1439; x_wconf 78' lang='grc' dir='ltr'><em>Μακεδονίας</em></span> 
     </span>
    </p>
   </div>
   <div class='ocr_carea' id='block_1_6' title="bbox 1852 0 1878 1505">
    <p class='ocr_par' dir='ltr' id='par_1_10' title="bbox 1852 0 1878 1505">
     <span class='ocr_line' id='line_1_20' title="bbox 1852 0 1878 1505; baseline 0 0"><span class='ocrx_word' id='word_1_154' title='bbox 1852 0 1878 1505; x_wconf 95' lang='lat' dir='ltr'><strong> </strong></span> 
     </span>
    </p>
   </div>
   <div class='ocr_carea' id='block_1_7' title="bbox 282 1523 1878 2278">
    <p class='ocr_par' dir='ltr' id='par_1_11' title="bbox 282 1523 1878 1998">
     <span class='ocr_line' id='line_1_21' title="bbox 289 1523 1733 1574; baseline 0.001 -17"><span class='ocrx_word' id='word_1_155' title='bbox 289 1523 429 1557; x_wconf 80' lang='lat' dir='ltr'><strong>viritim</strong></span> <span class='ocrx_word' id='word_1_156' title='bbox 454 1536 521 1569; x_wconf 85' lang='lat' dir='ltr'><strong>pro</strong></span> <span class='ocrx_word' id='word_1_157' title='bbox 546 1538 584 1560; x_wconf 89' lang='lat' dir='ltr'><strong>se</strong></span> <span class='ocrx_word' id='word_1_158' title='bbox 610 1527 781 1562; x_wconf 85' lang='lat' dir='ltr'><strong>militare.</strong></span> <span class='ocrx_word' id='word_1_159' title='bbox 829 1528 868 1562; x_wconf 90' lang='lat' dir='ltr'><strong>Si</strong></span> <span class='ocrx_word' id='word_1_160' title='bbox 901 1527 965 1574; x_wconf 84' lang='lat' dir='ltr'><strong>qui</strong></span> <span class='ocrx_word' id='word_1_161' title='bbox 997 1531 1118 1562; x_wconf 88' lang='lat' dir='ltr'><strong>autem</strong></span> <span class='ocrx_word' id='word_1_162' title='bbox 1140 1537 1319 1573; x_wconf 72' lang='lat' dir='ltr'><strong>pauperes</strong></span> <span class='ocrx_word' id='word_1_163' title='bbox 1342 1525 1482 1561; x_wconf 81' lang='lat' dir='ltr'><strong>fuerint</strong></span> <span class='ocrx_word' id='word_1_164' title='bbox 1502 1529 1540 1560; x_wconf 86' lang='lat' dir='ltr'><strong>et</strong></span> <span class='ocrx_word' id='word_1_165' title='bbox 1564 1525 1733 1571; x_wconf 75' lang='lat' dir='ltr'><strong>expensis</strong></span> 
     </span>
     <span class='ocr_line' id='line_1_22' title="bbox 286 1572 1734 1621; baseline 0.001 -18"><span class='ocrx_word' id='word_1_166' title='bbox 286 1572 508 1606; x_wconf 84' lang='lat' dir='ltr'><strong>militaribus</strong></span> <span class='ocrx_word' id='word_1_167' title='bbox 522 1573 698 1608; x_wconf 81' lang='lat' dir='ltr'>faciendis</span> <span class='ocrx_word' id='word_1_168' title='bbox 719 1586 794 1609; x_wconf 89' lang='lat' dir='ltr'><strong>non</strong></span> <span class='ocrx_word' id='word_1_169' title='bbox 812 1587 937 1621; x_wconf 82' lang='lat' dir='ltr'><strong>pares,</strong></span> <span class='ocrx_word' id='word_1_170' title='bbox 963 1575 1038 1609; x_wconf 87' lang='lat' dir='ltr'><strong>illis</strong></span> <span class='ocrx_word' id='word_1_171' title='bbox 1054 1574 1491 1615; x_wconf 74' lang='lat' dir='ltr'><strong>‹lanturcontribuentes;</strong></span> <span class='ocrx_word' id='word_1_172' title='bbox 1517 1583 1589 1618; x_wconf 91' lang='lat' dir='ltr'><strong>quo</strong></span> <span class='ocrx_word' id='word_1_173' title='bbox 1603 1582 1734 1617; x_wconf 82' lang='lat' dir='ltr'>nempe</span> 
     </span>
     <span class='ocr_line' id='line_1_23' title="bbox 286 1617 1734 1664; baseline 0.002 -13"><span class='ocrx_word' id='word_1_174' title='bbox 286 1617 447 1652; x_wconf 78' lang='lat' dir='ltr'><strong>habeant</strong></span> <span class='ocrx_word' id='word_1_175' title='bbox 471 1631 536 1664; x_wconf 83' lang='lat' dir='ltr'><strong>per</strong></span> <span class='ocrx_word' id='word_1_176' title='bbox 561 1631 622 1654; x_wconf 84' lang='lat' dir='ltr'><strong>eos</strong></span> <span class='ocrx_word' id='word_1_177' title='bbox 646 1621 886 1656; x_wconf 82' lang='lat' dir='ltr'><strong>sufficientem</strong></span> <span class='ocrx_word' id='word_1_178' title='bbox 911 1634 1012 1656; x_wconf 89' lang='lat' dir='ltr'><strong>suam</strong></span> <span class='ocrx_word' id='word_1_179' title='bbox 1026 1623 1262 1656; x_wconf 86' lang='lat' dir='ltr'><strong>necessariam</strong></span> <span class='ocrx_word' id='word_1_180' title='bbox 1282 1621 1569 1660; x_wconf 73' lang='lat' dir='ltr'><strong>subsistentiam,</strong></span> <span class='ocrx_word' id='word_1_181' title='bbox 1595 1625 1632 1653; x_wconf 89' lang='lat' dir='ltr'><strong>et</strong></span> <span class='ocrx_word' id='word_1_182' title='bbox 1644 1629 1734 1663; x_wconf 81' lang='lat' dir='ltr'><strong>pos-</strong></span> 
     </span>
     <span class='ocr_line' id='line_1_24' title="bbox 287 1665 1733 1715; baseline 0.001 -17"><span class='ocrx_word' id='word_1_183' title='bbox 287 1666 362 1698; x_wconf 87' lang='lat' dir='ltr'><strong>sint</strong></span> <span class='ocrx_word' id='word_1_184' title='bbox 386 1676 488 1698; x_wconf 89' lang='lat' dir='ltr'><strong>suam</strong></span> <span class='ocrx_word' id='word_1_185' title='bbox 513 1668 682 1701; x_wconf 86' lang='lat' dir='ltr'><strong>militiam</strong></span> <span class='ocrx_word' id='word_1_186' title='bbox 709 1669 747 1702; x_wconf 92' lang='lat' dir='ltr'><strong>in</strong></span> <span class='ocrx_word' id='word_1_187' title='bbox 774 1680 922 1715; x_wconf 82' lang='lat' dir='ltr'><strong>corpore</strong></span> <span class='ocrx_word' id='word_1_188' title='bbox 949 1681 1013 1703; x_wconf 90' lang='lat' dir='ltr'><strong>suo</strong></span> <span class='ocrx_word' id='word_1_189' title='bbox 1049 1670 1180 1707; x_wconf 79' lang='lat' dir='ltr'><strong>facere.</strong></span> <span class='ocrx_word' id='word_1_190' title='bbox 1227 1669 1368 1714; x_wconf 81' lang='lat' dir='ltr'><strong>Quodsi</strong></span> <span class='ocrx_word' id='word_1_191' title='bbox 1402 1678 1487 1701; x_wconf 86' lang='lat' dir='ltr'><strong>vero</strong></span> <span class='ocrx_word' id='word_1_192' title='bbox 1518 1677 1662 1711; x_wconf 78' lang='lat' dir='ltr'><strong>prorsus</strong></span> <span class='ocrx_word' id='word_1_193' title='bbox 1686 1665 1733 1700; x_wconf 84' lang='lat' dir='ltr'><strong>ad</strong></span> 
     </span>
     <span class='ocr_line' id='line_1_25' title="bbox 288 1711 1878 1763; baseline 0.001 -20"><span class='ocrx_word' id='word_1_194' title='bbox 288 1712 420 1746; x_wconf 88' lang='lat' dir='ltr'><strong>incitas</strong></span> <span class='ocrx_word' id='word_1_195' title='bbox 456 1713 592 1748; x_wconf 80' lang='lat' dir='ltr'><strong>redacti</strong></span> <span class='ocrx_word' id='word_1_196' title='bbox 628 1717 691 1760; x_wconf 92' lang='lat' dir='ltr'><strong>qui</strong></span> <span class='ocrx_word' id='word_1_197' title='bbox 724 1716 882 1758; x_wconf 83' lang='lat' dir='ltr'><strong>fuerint,</strong></span> <span class='ocrx_word' id='word_1_198' title='bbox 916 1722 957 1749; x_wconf 87' lang='lat' dir='ltr'><strong>ut</strong></span> <span class='ocrx_word' id='word_1_199' title='bbox 979 1728 1026 1750; x_wconf 90' lang='lat' dir='ltr'><strong>ne</strong></span> <span class='ocrx_word' id='word_1_200' title='bbox 1053 1715 1202 1762; x_wconf 86' lang='lat' dir='ltr'><strong>quidem</strong></span> <span class='ocrx_word' id='word_1_201' title='bbox 1226 1727 1307 1749; x_wconf 90' lang='lat' dir='ltr'><strong>cum</strong></span> <span class='ocrx_word' id='word_1_202' title='bbox 1334 1715 1422 1762; x_wconf 84' lang='lat' dir='ltr'><strong>ipsis</strong></span> <span class='ocrx_word' id='word_1_203' title='bbox 1451 1713 1637 1748; x_wconf 76' lang='lat' dir='ltr'><strong>attributis</strong></span> <span class='ocrx_word' id='word_1_204' title='bbox 1661 1711 1735 1745; x_wconf 88' lang='lat' dir='ltr'><strong>sibi</strong></span> <span class='ocrx_word' id='word_1_205' title='bbox 1871 1747 1878 1763; x_wconf 41' lang='grc' dir='ltr'><strong><em>Α</em></strong></span> 
     </span>
     <span class='ocr_line' id='line_1_26' title="bbox 287 1758 1878 1821; baseline 0.001 -29"><span class='ocrx_word' id='word_1_206' title='bbox 287 1759 609 1795; x_wconf 83' lang='lat' dir='ltr'><strong>contribuentibus</strong></span> <span class='ocrx_word' id='word_1_207' title='bbox 637 1763 852 1798; x_wconf 81' lang='lat' dir='ltr'><strong>incumbens</strong></span> <span class='ocrx_word' id='word_1_208' title='bbox 879 1764 951 1798; x_wconf 90' lang='lat' dir='ltr'><strong>sibi</strong></span> <span class='ocrx_word' id='word_1_209' title='bbox 980 1765 1168 1798; x_wconf 77' lang='lat' dir='ltr'><strong>servitium</strong></span> <span class='ocrx_word' id='word_1_210' title='bbox 1196 1764 1345 1809; x_wconf 80' lang='lat' dir='ltr'><strong>exsequi</strong></span> <span class='ocrx_word' id='word_1_211' title='bbox 1367 1762 1531 1798; x_wconf 82' lang='lat' dir='ltr'><strong>valeant:</strong></span> <span class='ocrx_word' id='word_1_212' title='bbox 1562 1760 1620 1794; x_wconf 85' lang='lat' dir='ltr'><strong>illi</strong></span> <span class='ocrx_word' id='word_1_213' title='bbox 1644 1758 1736 1803; x_wconf 68' lang='lat' dir='ltr'><strong>adjo-</strong></span> <span class='ocrx_word' id='word_1_214' title='bbox 1871 1783 1878 1821; x_wconf 39' lang='grc' dir='ltr'><strong>ἦ</strong></span> 
     </span>
     <span class='ocr_line' id='line_1_27' title="bbox 285 1805 1763 1852; baseline 0.001 -15"><span class='ocrx_word' id='word_1_215' title='bbox 285 1810 413 1839; x_wconf 81' lang='lat' dir='ltr'><strong>rantur</strong></span> <span class='ocrx_word' id='word_1_216' title='bbox 437 1818 500 1840; x_wconf 89' lang='lat' dir='ltr'><strong>seu</strong></span> <span class='ocrx_word' id='word_1_217' title='bbox 527 1808 572 1842; x_wconf 89' lang='lat' dir='ltr'><strong>ad</strong></span> <span class='ocrx_word' id='word_1_218' title='bbox 598 1820 677 1843; x_wconf 83' lang='lat' dir='ltr'><strong>oras</strong></span> <span class='ocrx_word' id='word_1_219' title='bbox 702 1815 739 1843; x_wconf 85' lang='lat' dir='ltr'><strong>et</strong></span> <span class='ocrx_word' id='word_1_220' title='bbox 761 1810 856 1845; x_wconf 83' lang='lat' dir='ltr'><strong>feces</strong></span> <span class='ocrx_word' id='word_1_221' title='bbox 882 1813 1062 1845; x_wconf 72' lang='lat' dir='ltr'><strong>exercitus</strong></span> <span class='ocrx_word' id='word_1_222' title='bbox 1088 1810 1328 1852; x_wconf 73' lang='lat' dir='ltr'><strong>reficiuntur,</strong></span> <span class='ocrx_word' id='word_1_223' title='bbox 1360 1816 1397 1844; x_wconf 81' lang='lat' dir='ltr'><strong>et</strong></span> <span class='ocrx_word' id='word_1_224' title='bbox 1427 1807 1664 1842; x_wconf 81' lang='lat' dir='ltr'><strong>amandantur</strong></span> <span class='ocrx_word' id='word_1_225' title='bbox 1689 1805 1737 1840; x_wconf 82' lang='lat' dir='ltr'><strong>ad</strong></span> <span class='ocrx_word' id='word_1_226' title='bbox 1760 1821 1763 1823; x_wconf 44' lang='grc'><strong>“</strong></span> 
     </span>
     <span class='ocr_line' id='line_1_28' title="bbox 286 1831 1878 1901; baseline 0.003 -17"><span class='ocrx_word' id='word_1_227' title='bbox 286 1851 455 1898; x_wconf 73' lang='lat' dir='ltr'><strong>abiegna,</strong></span> <span class='ocrx_word' id='word_1_228' title='bbox 482 1852 737 1899; x_wconf 64' lang='lat' dir='ltr'><strong>nummulos,</strong></span> <span class='ocrx_word' id='word_1_229' title='bbox 763 1858 860 1891; x_wconf 89' lang='lat' dir='ltr'><strong>leves</strong></span> <span class='ocrx_word' id='word_1_230' title='bbox 875 1859 1030 1899; x_wconf 88' lang='lat' dir='ltr'><strong>milites,</strong></span> <span class='ocrx_word' id='word_1_231' title='bbox 1058 1857 1332 1892; x_wconf 85' lang='lat' dir='ltr'><strong>excursionibus</strong></span> <span class='ocrx_word' id='word_1_232' title='bbox 1356 1857 1395 1892; x_wconf 90' lang='lat' dir='ltr'><strong>in</strong></span> <span class='ocrx_word' id='word_1_233' title='bbox 1413 1866 1536 1901; x_wconf 80' lang='lat' dir='ltr'><strong>agrum</strong></span> <span class='ocrx_word' id='word_1_234' title='bbox 1561 1853 1734 1887; x_wconf 79' lang='lat' dir='ltr'><strong>hostilem</strong></span> <span class='ocrx_word' id='word_1_235' title='bbox 1868 1831 1878 1888; x_wconf 77' lang='lat' dir='ltr'><strong>l</strong></span> 
     </span>
     <span class='ocr_line' id='line_1_29' title="bbox 285 1899 1734 1952; baseline 0.001 -19"><span class='ocrx_word' id='word_1_236' title='bbox 285 1906 323 1934; x_wconf 85' lang='lat' dir='ltr'><strong>et</strong></span> <span class='ocrx_word' id='word_1_237' title='bbox 348 1901 491 1944; x_wconf 87' lang='lat' dir='ltr'><strong>praedis</strong></span> <span class='ocrx_word' id='word_1_238' title='bbox 518 1903 665 1947; x_wconf 76' lang='lat' dir='ltr'><strong>agendis</strong></span> <span class='ocrx_word' id='word_1_239' title='bbox 692 1910 831 1938; x_wconf 86' lang='lat' dir='ltr'><strong>tantum</strong></span> <span class='ocrx_word' id='word_1_240' title='bbox 859 1904 1107 1952; x_wconf 81' lang='lat' dir='ltr'><strong>destinatos‚]</strong></span> <span class='ocrx_word' id='word_1_241' title='bbox 1136 1917 1155 1938; x_wconf 90' lang='lat' dir='ltr'><strong>e</strong></span> <span class='ocrx_word' id='word_1_242' title='bbox 1180 1904 1314 1950; x_wconf 89' lang='lat' dir='ltr'><strong>quibus</strong></span> <span class='ocrx_word' id='word_1_243' title='bbox 1329 1905 1439 1938; x_wconf 85' lang='lat' dir='ltr'><strong>etiam</strong></span> <span class='ocrx_word' id='word_1_244' title='bbox 1453 1904 1634 1937; x_wconf 84' lang='lat' dir='ltr'><strong>Tzecones</strong></span> <span class='ocrx_word' id='word_1_245' title='bbox 1654 1899 1734 1947; x_wconf 81' lang='lat' dir='ltr'><strong>[seu</strong></span> 
     </span>
     <span class='ocr_line' id='line_1_30' title="bbox 282 1947 1734 1998; baseline -0.008 -5"><span class='ocrx_word' id='word_1_246' title='bbox 282 1947 600 1996; x_wconf 59' lang='lat' dir='ltr'><strong>Peloponnesiaci]</strong></span> <span class='ocrx_word' id='word_1_247' title='bbox 619 1949 858 1986; x_wconf 77' lang='lat' dir='ltr'><strong>desumuntur</strong></span> <span class='ocrx_word' id='word_1_248' title='bbox 883 1958 920 1986; x_wconf 82' lang='lat' dir='ltr'><strong>ct</strong></span> <span class='ocrx_word' id='word_1_249' title='bbox 945 1953 1147 1998; x_wconf 79' lang='lat' dir='ltr'><strong>seliguntur</strong></span> <span class='ocrx_word' id='word_1_250' title='bbox 1170 1952 1209 1986; x_wconf 89' lang='lat' dir='ltr'><strong>iu</strong></span> <span class='ocrx_word' id='word_1_251' title='bbox 1233 1952 1382 1985; x_wconf 80' lang='lat' dir='ltr'><strong>castella</strong></span> <span class='ocrx_word' id='word_1_252' title='bbox 1407 1951 1454 1985; x_wconf 84' lang='lat' dir='ltr'><strong>ad</strong></span> <span class='ocrx_word' id='word_1_253' title='bbox 1469 1948 1607 1994; x_wconf 77' lang='lat' dir='ltr'><strong>agenda</strong></span> <span class='ocrx_word' id='word_1_254' title='bbox 1630 1948 1734 1982; x_wconf 85' lang='lat' dir='ltr'><strong>inte-</strong></span> 
     </span>
    </p>

    <p class='ocr_par' dir='ltr' id='par_1_12' title="bbox 282 1994 1878 2139">
     <span class='ocr_line' id='line_1_31' title="bbox 282 1994 1878 2048; baseline -0.007 -10"><span class='ocrx_word' id='word_1_255' title='bbox 282 1994 351 2026; x_wconf 60' lang='lat' dir='ltr'><strong>rim</strong></span> <span class='ocrx_word' id='word_1_256' title='bbox 377 1995 571 2038; x_wconf 65' lang='lat' dir='ltr'><strong>praesidia,</strong></span> <span class='ocrx_word' id='word_1_257' title='bbox 609 1996 693 2031; x_wconf 88' lang='lat' dir='ltr'><strong>dum</strong></span> <span class='ocrx_word' id='word_1_258' title='bbox 731 1999 809 2032; x_wconf 84' lang='lat' dir='ltr'><strong>veri</strong></span> <span class='ocrx_word' id='word_1_259' title='bbox 849 2001 986 2034; x_wconf 77' lang='lat' dir='ltr'><strong>milites</strong></span> <span class='ocrx_word' id='word_1_260' title='bbox 1014 1999 1060 2034; x_wconf 91' lang='lat' dir='ltr'><strong>ob</strong></span> <span class='ocrx_word' id='word_1_261' title='bbox 1098 1999 1198 2033; x_wconf 85' lang='lat' dir='ltr'><strong>bella</strong></span> <span class='ocrx_word' id='word_1_262' title='bbox 1237 1997 1379 2032; x_wconf 78' lang='lat' dir='ltr'><strong>absunt.</strong></span> <span class='ocrx_word' id='word_1_263' title='bbox 1440 1998 1534 2031; x_wconf 84' lang='lat' dir='ltr'><strong>Loca</strong></span> <span class='ocrx_word' id='word_1_264' title='bbox 1557 2006 1640 2029; x_wconf 84' lang='lat' dir='ltr'><strong>vero</strong></span> <span class='ocrx_word' id='word_1_265' title='bbox 1673 1994 1735 2029; x_wconf 82' lang='lat' dir='ltr'><strong>vel</strong></span> <span class='ocrx_word' id='word_1_266' title='bbox 1872 2015 1878 2048; x_wconf 69' lang='lat' dir='ltr'><strong>l</strong></span> 
     </span>
     <span class='ocr_line' id='line_1_32' title="bbox 283 2039 1733 2089; baseline -0.003 -9"><span class='ocrx_word' id='word_1_267' title='bbox 283 2040 389 2075; x_wconf 78' lang='lat' dir='ltr'><strong>fundi</strong></span> <span class='ocrx_word' id='word_1_268' title='bbox 415 2047 479 2075; x_wconf 74' lang='lat' dir='ltr'><strong>aut</strong></span> <span class='ocrx_word' id='word_1_269' title='bbox 503 2043 652 2087; x_wconf 83' lang='lat' dir='ltr'><strong>praedia</strong></span> <span class='ocrx_word' id='word_1_270' title='bbox 685 2045 848 2089; x_wconf 84' lang='lat' dir='ltr'><strong>ipsorum</strong></span> <span class='ocrx_word' id='word_1_271' title='bbox 887 2046 975 2081; x_wconf 83' lang='lat' dir='ltr'><strong>hero</strong></span> <span class='ocrx_word' id='word_1_272' title='bbox 1005 2047 1145 2080; x_wconf 87' lang='lat' dir='ltr'><strong>interea</strong></span> <span class='ocrx_word' id='word_1_273' title='bbox 1168 2051 1319 2085; x_wconf 83' lang='lat' dir='ltr'><strong>vacant,</strong></span> <span class='ocrx_word' id='word_1_274' title='bbox 1354 2055 1475 2089; x_wconf 85' lang='lat' dir='ltr'><strong>neque</strong></span> <span class='ocrx_word' id='word_1_275' title='bbox 1500 2042 1565 2076; x_wconf 82' lang='lat' dir='ltr'><strong>alii</strong></span> <span class='ocrx_word' id='word_1_276' title='bbox 1590 2039 1733 2074; x_wconf 80' lang='lat' dir='ltr'><strong>cuidam</strong></span> 
     </span>
     <span class='ocr_line' id='line_1_33' title="bbox 284 2087 1736 2139; baseline 0.001 -20"><span class='ocrx_word' id='word_1_277' title='bbox 284 2087 478 2122; x_wconf 82' lang='lat' dir='ltr'><strong>traduntur</strong></span> <span class='ocrx_word' id='word_1_278' title='bbox 494 2113 504 2129; x_wconf 94' lang='lat'>‚</span> <span class='ocrx_word' id='word_1_279' title='bbox 526 2090 589 2124; x_wconf 87' lang='lat' dir='ltr'><strong>sed</strong></span> <span class='ocrx_word' id='word_1_280' title='bbox 613 2098 762 2125; x_wconf 78' lang='lat' dir='ltr'><strong>manent</strong></span> <span class='ocrx_word' id='word_1_281' title='bbox 789 2099 1012 2139; x_wconf 77' lang='lat' dir='ltr'><strong>sequestrata</strong></span> <span class='ocrx_word' id='word_1_282' title='bbox 1038 2099 1076 2127; x_wconf 86' lang='lat' dir='ltr'><strong>et</strong></span> <span class='ocrx_word' id='word_1_283' title='bbox 1106 2093 1216 2126; x_wconf 81' lang='lat' dir='ltr'><strong>affixis</strong></span> <span class='ocrx_word' id='word_1_284' title='bbox 1242 2092 1349 2125; x_wconf 88' lang='lat' dir='ltr'><strong>sacris</strong></span> <span class='ocrx_word' id='word_1_285' title='bbox 1374 2091 1485 2124; x_wconf 86' lang='lat' dir='ltr'><strong>bullis</strong></span> <span class='ocrx_word' id='word_1_286' title='bbox 1506 2089 1666 2132; x_wconf 70' lang='lat' dir='ltr'><strong>signata,</strong></span> <span class='ocrx_word' id='word_1_287' title='bbox 1691 2092 1736 2121; x_wconf 85' lang='lat' dir='ltr'><strong>ut</strong></span> 
     </span>
    </p>

    <p class='ocr_par' dir='ltr' id='par_1_13' title="bbox 285 2117 1878 2278">
     <span class='ocr_line' id='line_1_34' title="bbox 285 2117 1878 2184; baseline 0.007 -19"><span class='ocrx_word' id='word_1_288' title='bbox 285 2143 372 2167; x_wconf 77' lang='lat' dir='ltr'><strong>usus</strong></span> <span class='ocrx_word' id='word_1_289' title='bbox 400 2136 537 2170; x_wconf 85' lang='lat' dir='ltr'><strong>fructus</strong></span> <span class='ocrx_word' id='word_1_290' title='bbox 563 2147 689 2171; x_wconf 86' lang='lat' dir='ltr'><strong>eorum</strong></span> <span class='ocrx_word' id='word_1_291' title='bbox 715 2139 761 2171; x_wconf 89' lang='lat' dir='ltr'><strong>ad</strong></span> <span class='ocrx_word' id='word_1_292' title='bbox 796 2140 970 2172; x_wconf 83' lang='lat' dir='ltr'><strong>aerarium</strong></span> <span class='ocrx_word' id='word_1_293' title='bbox 1001 2138 1188 2184; x_wconf 88' lang='lat' dir='ltr'><strong>publicum</strong></span> <span class='ocrx_word' id='word_1_294' title='bbox 1222 2138 1366 2178; x_wconf 80' lang='lat' dir='ltr'><strong>redeat3</strong></span> <span class='ocrx_word' id='word_1_295' title='bbox 1401 2148 1444 2169; x_wconf 93' lang='lat' dir='ltr'><strong>eo</strong></span> <span class='ocrx_word' id='word_1_296' title='bbox 1476 2135 1569 2176; x_wconf 84' lang='lat' dir='ltr'><strong>fine,</strong></span> <span class='ocrx_word' id='word_1_297' title='bbox 1605 2138 1668 2175; x_wconf 66' lang='lat' dir='ltr'><strong>ut,</strong></span> <span class='ocrx_word' id='word_1_298' title='bbox 1701 2134 1734 2168; x_wconf 65' lang='grc' dir='ltr'>δί</span> <span class='ocrx_word' id='word_1_299' title='bbox 1871 2117 1878 2159; x_wconf 62' lang='lat' dir='ltr'><strong>l</strong></span> 
     </span>
     <span class='ocr_line' id='line_1_35' title="bbox 286 2180 1878 2229; baseline 0.003 -18"><span class='ocrx_word' id='word_1_300' title='bbox 286 2180 353 2212; x_wconf 68' lang='lat' dir='ltr'><strong>tali</strong></span> <span class='ocrx_word' id='word_1_301' title='bbox 380 2181 521 2214; x_wconf 87' lang='lat' dir='ltr'><strong>cuidam</strong></span> <span class='ocrx_word' id='word_1_302' title='bbox 547 2190 684 2217; x_wconf 76' lang='lat' dir='ltr'><strong>cassato</strong></span> <span class='ocrx_word' id='word_1_303' title='bbox 714 2186 900 2229; x_wconf 79' lang='lat' dir='ltr'><strong>contingat</strong></span> <span class='ocrx_word' id='word_1_304' title='bbox 923 2187 1072 2220; x_wconf 82' lang='lat' dir='ltr'><strong>facultas</strong></span> <span class='ocrx_word' id='word_1_305' title='bbox 1107 2185 1288 2218; x_wconf 79' lang='lat' dir='ltr'><strong>fortunam</strong></span> <span class='ocrx_word' id='word_1_306' title='bbox 1315 2195 1414 2216; x_wconf 85' lang='lat' dir='ltr'><strong>suam</strong></span> <span class='ocrx_word' id='word_1_307' title='bbox 1430 2182 1656 2229; x_wconf 80' lang='lat' dir='ltr'><strong>afflictasque</strong></span> <span class='ocrx_word' id='word_1_308' title='bbox 1676 2192 1734 2216; x_wconf 72' lang='lat' dir='ltr'><strong>rea</strong></span> <span class='ocrx_word' id='word_1_309' title='bbox 1874 2203 1878 2229; x_wconf 58' lang='lat'>1</span> 
     </span>
     <span class='ocr_line' id='line_1_36' title="bbox 287 2229 1610 2278; baseline 0.004 -18"><span class='ocrx_word' id='word_1_310' title='bbox 287 2229 540 2271; x_wconf 75' lang='lat' dir='ltr'><strong>restaurandi,</strong></span> <span class='ocrx_word' id='word_1_311' title='bbox 566 2237 755 2275; x_wconf 78' lang='lat' dir='ltr'><strong>recuperet</strong></span> <span class='ocrx_word' id='word_1_312' title='bbox 778 2232 909 2266; x_wconf 81' lang='lat' dir='ltr'><strong>fundos</strong></span> <span class='ocrx_word' id='word_1_313' title='bbox 935 2233 1107 2278; x_wconf 86' lang='lat' dir='ltr'><strong>pristinos</strong></span> <span class='ocrx_word' id='word_1_314' title='bbox 1134 2231 1379 2276; x_wconf 83' lang='lat' dir='ltr'><strong>militiamque</strong></span> <span class='ocrx_word' id='word_1_315' title='bbox 1408 2229 1610 2275; x_wconf 78' lang='lat' dir='ltr'><strong>pristinam.</strong></span> 
     </span>
    </p>
   </div>
   <div class='ocr_carea' id='block_1_8' title="bbox 916 2300 1094 2335">
    <p class='ocr_par' dir='ltr' id='par_1_14' title="bbox 916 2300 1094 2335">
     <span class='ocr_line' id='line_1_37' title="bbox 916 2300 1094 2335; baseline -0.011 0"><span class='ocrx_word' id='word_1_316' title='bbox 916 2301 1012 2335; x_wconf 85' lang='lat' dir='ltr'><strong>CAP.</strong></span> <span class='ocrx_word' id='word_1_317' title='bbox 1040 2300 1094 2335; x_wconf 91' lang='grc'><strong>50.</strong></span> 
     </span>
    </p>
   </div>
   <div class='ocr_carea' id='block_1_9' title="bbox 334 2363 1878 2528">
    <p class='ocr_par' dir='ltr' id='par_1_15' title="bbox 334 2363 1878 2528">
     <span class='ocr_line' id='line_1_38' title="bbox 345 2363 1878 2437; baseline 0.003 -38"><span class='ocrx_word' id='word_1_318' title='bbox 345 2363 486 2399; x_wconf 87' lang='lat' dir='ltr'><strong>Tabula</strong></span> <span class='ocrx_word' id='word_1_319' title='bbox 507 2378 702 2413; x_wconf 77' lang='lat' dir='ltr'><strong>rugarum,</strong></span> <span class='ocrx_word' id='word_1_320' title='bbox 719 2381 811 2416; x_wconf 83' lang='lat' dir='ltr'><strong>quas</strong></span> <span class='ocrx_word' id='word_1_321' title='bbox 827 2369 871 2403; x_wconf 80' lang='lat' dir='ltr'><strong>vi</strong></span> <span class='ocrx_word' id='word_1_322' title='bbox 891 2371 971 2415; x_wconf 82' lang='lat' dir='ltr'><strong>typi</strong></span> <span class='ocrx_word' id='word_1_323' title='bbox 993 2369 1256 2416; x_wconf 78' lang='lat' dir='ltr'><strong>autfhrmulae</strong></span> <span class='ocrx_word' id='word_1_324' title='bbox 1275 2368 1528 2415; x_wconf 76' lang='lat' dir='ltr'><strong>praescriptae</strong></span> <span class='ocrx_word' id='word_1_325' title='bbox 1552 2375 1664 2416; x_wconf 73' lang='lat' dir='ltr'><strong>atque</strong></span> <span class='ocrx_word' id='word_1_326' title='bbox 1872 2394 1878 2437; x_wconf 51' lang='lat'>5</span> 
     </span>
     <span class='ocr_line' id='line_1_39' title="bbox 334 2429 1689 2477; baseline 0.001 -16"><span class='ocrx_word' id='word_1_327' title='bbox 334 2437 502 2474; x_wconf 79' lang='lat' dir='ltr'><strong>receptae</strong></span> <span class='ocrx_word' id='word_1_328' title='bbox 533 2429 765 2476; x_wconf 77' lang='lat' dir='ltr'><strong>accipiebant</strong></span> <span class='ocrx_word' id='word_1_329' title='bbox 798 2433 953 2477; x_wconf 80' lang='lat' dir='ltr'><strong>strategi</strong></span> <span class='ocrx_word' id='word_1_330' title='bbox 983 2439 1017 2466; x_wconf 82' lang='lat' dir='ltr'><strong>et</strong></span> <span class='ocrx_word' id='word_1_331' title='bbox 1056 2429 1308 2466; x_wconf 78' lang='lat' dir='ltr'><strong>elisur-archae</strong></span> <span class='ocrx_word' id='word_1_332' title='bbox 1340 2439 1497 2477; x_wconf 79' lang='lat' dir='ltr'><strong>tempore</strong></span> <span class='ocrx_word' id='word_1_333' title='bbox 1523 2429 1689 2470; x_wconf 78' lang='lat' dir='ltr'><strong>Leonis,</strong></span> 
     </span>
     <span class='ocr_line' id='line_1_40' title="bbox 728 2492 1295 2528; baseline 0 -2"><span class='ocrx_word' id='word_1_334' title='bbox 728 2493 880 2527; x_wconf 84' lang='lat' dir='ltr'><strong>Domini</strong></span> <span class='ocrx_word' id='word_1_335' title='bbox 911 2492 1092 2528; x_wconf 76' lang='lat' dir='ltr'><strong>Christum</strong></span> <span class='ocrx_word' id='word_1_336' title='bbox 1123 2493 1295 2527; x_wconf 79' lang='lat' dir='ltr'><strong>amantis.</strong></span> 
     </span>
    </p>
   </div>
   <div class='ocr_carea' id='block_1_10' title="bbox 289 2558 1736 2798">
    <p class='ocr_par' dir='ltr' id='par_1_16' title="bbox 289 2558 1736 2798">
     <span class='ocr_line' id='line_1_41' title="bbox 381 2558 1735 2606; baseline 0 -15"><span class='ocrx_word' id='word_1_337' title='bbox 381 2558 566 2605; x_wconf 82' lang='lat' dir='ltr'><strong>strategus</strong></span> <span class='ocrx_word' id='word_1_338' title='bbox 584 2560 856 2594; x_wconf 83' lang='lat' dir='ltr'><strong>Anatolicorum</strong></span> <span class='ocrx_word' id='word_1_339' title='bbox 886 2560 1092 2606; x_wconf 83' lang='lat' dir='ltr'><strong>accipiebat</strong></span> <span class='ocrx_word' id='word_1_340' title='bbox 1114 2562 1214 2595; x_wconf 82' lang='lat' dir='ltr'><strong>litras</strong></span> <span class='ocrx_word' id='word_1_341' title='bbox 1241 2562 1299 2606; x_wconf 73' lang='grc'><strong>40.</strong></span> <span class='ocrx_word' id='word_1_342' title='bbox 1349 2560 1533 2606; x_wconf 76' lang='lat' dir='ltr'><strong>Strategus</strong></span> <span class='ocrx_word' id='word_1_343' title='bbox 1543 2558 1735 2594; x_wconf 78' lang='lat' dir='ltr'><strong>Armenia-</strong></span> 
     </span>
     <span class='ocr_line' id='line_1_42' title="bbox 291 2605 1736 2653; baseline -0.001 -15"><span class='ocrx_word' id='word_1_344' title='bbox 291 2616 411 2638; x_wconf 88' lang='lat' dir='ltr'><strong>corum</strong></span> <span class='ocrx_word' id='word_1_345' title='bbox 441 2607 512 2640; x_wconf 86' lang='lat' dir='ltr'><strong>litr.</strong></span> <span class='ocrx_word' id='word_1_346' title='bbox 542 2607 598 2652; x_wconf 78' lang='grc'><strong>40,</strong></span> <span class='ocrx_word' id='word_1_347' title='bbox 649 2608 831 2652; x_wconf 82' lang='lat' dir='ltr'><strong>Strategns</strong></span> <span class='ocrx_word' id='word_1_348' title='bbox 864 2609 1141 2642; x_wconf 80' lang='lat' dir='ltr'><strong>Thracesiorum</strong></span> <span class='ocrx_word' id='word_1_349' title='bbox 1171 2609 1242 2641; x_wconf 90' lang='lat' dir='ltr'><strong>litr.</strong></span> <span class='ocrx_word' id='word_1_350' title='bbox 1273 2606 1329 2651; x_wconf 76' lang='grc' dir='ltr'><strong>4ο,</strong></span> <span class='ocrx_word' id='word_1_351' title='bbox 1381 2608 1565 2653; x_wconf 81' lang='lat' dir='ltr'><strong>Strategus</strong></span> <span class='ocrx_word' id='word_1_352' title='bbox 1596 2605 1736 2651; x_wconf 86' lang='lat' dir='ltr'><strong>Opsicii</strong></span> 
     </span>
     <span class='ocr_line' id='line_1_43' title="bbox 289 2651 1735 2700; baseline 0 -16"><span class='ocrx_word' id='word_1_353' title='bbox 289 2651 363 2685; x_wconf 81' lang='lat' dir='ltr'><strong>litr.</strong></span> <span class='ocrx_word' id='word_1_354' title='bbox 395 2654 452 2691; x_wconf 79' lang='lat'><strong>30,</strong></span> <span class='ocrx_word' id='word_1_355' title='bbox 502 2654 685 2700; x_wconf 82' lang='lat' dir='ltr'><strong>strategus</strong></span> <span class='ocrx_word' id='word_1_356' title='bbox 717 2656 998 2689; x_wconf 80' lang='lat' dir='ltr'><strong>Bucellariorum</strong></span> <span class='ocrx_word' id='word_1_357' title='bbox 1025 2656 1125 2689; x_wconf 86' lang='lat' dir='ltr'><strong>litras</strong></span> <span class='ocrx_word' id='word_1_358' title='bbox 1160 2657 1218 2689; x_wconf 81' lang='lat'><strong>30.</strong></span> <span class='ocrx_word' id='word_1_359' title='bbox 1267 2655 1451 2698; x_wconf 73' lang='lat' dir='ltr'><strong>strategus</strong></span> <span class='ocrx_word' id='word_1_360' title='bbox 1483 2653 1735 2699; x_wconf 80' lang='lat' dir='ltr'><strong>Cappadociae</strong></span> 
     </span>
     <span class='ocr_line' id='line_1_44' title="bbox 289 2698 1734 2747; baseline 0.001 -17"><span class='ocrx_word' id='word_1_361' title='bbox 289 2698 390 2732; x_wconf 83' lang='lat' dir='ltr'><strong>litras</strong></span> <span class='ocrx_word' id='word_1_362' title='bbox 411 2713 466 2734; x_wconf 79' lang='lat'><strong>20.</strong></span> <span class='ocrx_word' id='word_1_363' title='bbox 516 2701 700 2746; x_wconf 77' lang='lat' dir='ltr'><strong>Strategus</strong></span> <span class='ocrx_word' id='word_1_364' title='bbox 723 2701 913 2736; x_wconf 86' lang='lat' dir='ltr'><strong>Charsiaui</strong></span> <span class='ocrx_word' id='word_1_365' title='bbox 931 2703 1035 2736; x_wconf 85' lang='lat' dir='ltr'><strong>litras</strong></span> <span class='ocrx_word' id='word_1_366' title='bbox 1055 2713 1110 2736; x_wconf 76' lang='lat' dir='ltr'><strong>ao.</strong></span> <span class='ocrx_word' id='word_1_367' title='bbox 1161 2702 1344 2745; x_wconf 84' lang='lat' dir='ltr'><strong>Strategus</strong></span> <span class='ocrx_word' id='word_1_368' title='bbox 1370 2700 1636 2747; x_wconf 84' lang='lat' dir='ltr'><strong>Paphlagoniae</strong></span> <span class='ocrx_word' id='word_1_369' title='bbox 1660 2699 1734 2732; x_wconf 81' lang='lat' dir='ltr'><strong>litr·</strong></span> 
     </span>
     <span class='ocr_line' id='line_1_45' title="bbox 290 2745 1735 2798; baseline 0.001 -17"><span class='ocrx_word' id='word_1_370' title='bbox 290 2755 346 2779; x_wconf 79' lang='lat'><strong>20.</strong></span> <span class='ocrx_word' id='word_1_371' title='bbox 372 2746 558 2795; x_wconf 76' lang='lat' dir='ltr'><strong>strategus</strong></span> <span class='ocrx_word' id='word_1_372' title='bbox 575 2748 752 2786; x_wconf 79' lang='lat' dir='ltr'><strong>Thraciae</strong></span> <span class='ocrx_word' id='word_1_373' title='bbox 772 2750 875 2787; x_wconf 75' lang='lat' dir='ltr'><strong>litras</strong></span> <span class='ocrx_word' id='word_1_374' title='bbox 900 2761 954 2786; x_wconf 78' lang='lat' dir='ltr'><strong>ao.</strong></span> <span class='ocrx_word' id='word_1_375' title='bbox 983 2749 1168 2798; x_wconf 76' lang='lat' dir='ltr'><strong>strategus</strong></span> <span class='ocrx_word' id='word_1_376' title='bbox 1192 2747 1430 2785; x_wconf 81' lang='lat' dir='ltr'><strong>Macedoniae</strong></span> <span class='ocrx_word' id='word_1_377' title='bbox 1456 2748 1530 2783; x_wconf 79' lang='lat' dir='ltr'><strong>litr.</strong></span> <span class='ocrx_word' id='word_1_378' title='bbox 1551 2749 1607 2784; x_wconf 83' lang='grc'><strong>30.</strong></span> <span class='ocrx_word' id='word_1_379' title='bbox 1633 2745 1735 2782; x_wconf 74' lang='lat' dir='ltr'><strong>stra-</strong></span> 
     </span>
    </p>
   </div>
  </div>
 </body>
</html>
