1878 3112
316 104 427 180 784
584 120 944 164 CONSTANTlNl
993 122 1476 169 ronpnmoemm

309 226 531 281 ταριθμεΐν
557 221 659 272 τούς
687 223 822 278 αὐτῆς
844 222 1069 280 μετόχους,
1099 221 1178 268 κᾶν
1216 225 1427 276 ἐλάττονες
1451 229 1535 270 τῶν
1561 222 1752 283 ἅξιωμά·

308 307 393 334 των
419 286 698 344 τυγχάνουσι·
753 287 827 330 καί
851 294 936 338 τοῖς
963 291 1043 342 μὲν
1067 293 1310 348 μαγάττροις
1337 295 1656 348 συγκαταλέγειν
1678 292 1752 336 τόν

307 372 353 400 τε
381 356 583 412 ῥαίκτορα
612 356 684 396 καί
711 351 788 409 τὴν
817 353 978 410 ζωστὴν
1013 356 1262 412 πατρικίαν,
1305 357 1380 400 τὸν
1418 355 1639 413 σύγκελλον
1677 361 1753 400 καί

308 419 406 469 τούς
434 418 515 461 α’πὸ
553 420 791 476 μαγίστρων
816 420 1070 474 μοναδικοὺς
1107 421 1181 464 καί
1207 421 1280 465 τὸν
1314 421 1616 480 πραιπόσιτον,
1659 422 1750 478 ἅμα

308 489 356 530 δὲ
382 489 456 529 καί
484 487 540 543 τῷ
581 487 770 543 οἰκειακῷ
807 490 1167 547 παρακοιμωμένῳ
1208 491 1283 532 τοῦ
1310 488 1492 544 μεγάλου
1521 491 1638 547 ἡμῶν
1665 486 1774 546 βα-5

269 555 483 603 Βσιλέως·
539 553 597 603 εἷς
627 553 674 594 δὲ
700 551 776 609 τὴν
803 555 885 596 τῶν
913 552 1166 597 ἀνθυπάτων
1192 554 1306 607 τάξιν
1341 559 1617 612 συναριθμεῖν
1652 555 1751 607 τούς

305 615 538 673 εὖνούχους
565 619 820 675 πατρικίους·
878 621 922 662 ἐν
949 621 995 661 δὲ
1023 622 1072 678 τῇ
1094 619 1207 672 τάξει
1233 624 1317 664 τῶν
1343 623 1496 664 λοιπῶν
1522 620 1750 678 πατρικίων

305 683 658 741 συγκατατάττειν
686 682 783 735 τούς
811 687 856 727 ἐν
883 687 942 743 τῷ
966 684 1080 744 ,Βήλῳ
1109 689 1193 729 τῶν
1217 689 1448 743 πατρικίων
1474 690 1749 743 τεταγμένους

305 748 625 808 ὄφφικιαλιόυς,
656 745 783 806 ἤγουν
808 750 906 800 τούς
929 756 1337 809 πρωτοσπαθαρίους
1365 752 1438 795 καὶ
1476 752 1747 810 στρατηγούς,

303 816 402 867 τούς
430 819 835 872 πρωτοσπαθαρίους
862 820 936 859 καί
955 819 1281 874 πραιποσίτους,
1306 817 1378 861 τὸν
1407 820 1649 872 δομέστικον
1665 820 1800 862 ruffino

304 885 490 938 σχολῶν,
515 882 587 925 τὸν
614 882 902 937 ἐξσκούβιτον,
931 882 1007 926 τὸν
1034 881 1240 941 ὕπαρχον,
1269 884 1342 928 τὸν
1368 885 1543 941 γενικόν,
1571 884 1644 928 τὸν
1671 901 1750 928 σα-

304 946 547 1006 κελλάριον,
587 947 659 991 τὸν
686 950 921 1005 κυέστορα,
960 949 1032 991 τὸν
1062 950 1335 1007 δρουγγάριον
1363 954 1434 1008 τῆς
1472 952 1636 1007 βίγλης,
1674 949 1749 996 τόν

301 1012 688 1072 ’πρωτοβεστιάριον
723 1017 798 1058 τοῦ
842 1014 1072 1069 δεσπότου,
1109 1015 1185 1059 τὸν
1222 1019 1297 1072 τῆς
1324 1018 1554 1074 τραπέζης,
1588 1018 1682 1071 καί,
1709 1018 1752 1060 εἰ

303 1081 498 1136 τύχοιεν,
539 1085 699 1130 παπίας
744 1083 874 1136 μέγας
912 1083 986 1123 καί
1030 1079 1325 1139 ἑταιρειάρχης
1372 1083 1749 1140 πρωτοσπαθάριος

306 1149 520 1202 εὐνοῦχος·
560 1149 604 1189 ἐν
632 1149 679 1189 δὲ
707 1150 759 1204 τῇ
785 1146 900 1197 τάξει
929 1150 1013 1191 τῶν
1042 1151 1312 1204 σεκραιτικῶν
1340 1148 1620 1206 ὄφφικιαλίων
1646 1151 1800 1204 συγ-15

111 1216 581 1271 ΕΔ.Ι,.454καταριθμεῖν
606 1210 704 1261 τούς
745 1211 974 1266 εὐνούχους
1009 1217 1415 1270 πρωτοσπαθαρίους
1451 1216 1747 1270 πριμικηρίους

305 1280 380 1322 καί
405 1280 643 1334 ὀστιαριόυς
669 1279 744 1320 καί
775 1276 875 1326 τούς
914 1277 1155 1334 ἐμπράτους
1213 1279 1354 1334 κριτὰς
1397 1282 1471 1322 καί
1503 1277 1644 1333 μόνον.
1699 1282 1746 1322 ἐκ

306 1347 354 1389 δὲ
382 1347 457 1401 τῆς
482 1343 635 1394 τάξεως
662 1346 746 1387 τῶν
773 1346 1164 1401 πρωτοσπαθαρίων
1190 1347 1260 1386 δεῖ
1282 1347 1535 1401 διαστέλλειν
1551 1344 1651 1396 τούς
1668 1347 1746 1388 τοῦ

302 1411 652 1468 χρυσοτρικλίνου
681 1411 755 1452 καί
777 1412 1041 1465 μαγλαβίτας
1067 1412 1141 1453 καί
1168 1412 1404 1467 ἂρτικλίνας
1434 1443 1446 1454 .
1474 1442 1486 1454 .
1514 1442 1528 1454 .
1555 1442 1568 1454 .
1593 1410 1746 1467 μικρὸν

305 1481 431 1521 πλέον
456 1477 756 1533 προτιμᾶσθαι.
795 1475 912 1525 ’τοὺς
941 1478 987 1519 δὲ
1016 1475 1488 1533 σπαθαροκανὸιὸάτους
1519 1513 1529 1524 .
1559 1513 1570 1523 .
1601 1508 1613 1519 .
1642 1493 1797 1520 συν-20

307 1546 509 1601 αριθμεῖν
536 1548 623 1591 τοῖς
650 1545 1206 1599 σπαθαροκουβικουλαριόις
1241 1541 1345 1596 μετὰ
1374 1545 1458 1586 τῶν
1494 1542 1745 1600 σπαθαριὶυν

306 1610 382 1654 καὶ
406 1608 644 1666 στρατόρων
670 1611 743 1651 καί
769 1609 840 1650 ἀπ’
879 1605 1018 1651 αὗτῶν
1041 1607 1138 1658 τούς
1174 1611 1446 1659 κανδιδάτους
1479 1609 1745 1667 μανὸάτορας

307 1678 638 1733 συγκαταλέγειν,
670 1675 861 1732 δηλονότι
883 1677 964 1721 τῶν
991 1677 1237 1732 σεκρετικῶν
1264 1677 1465 1734 νοταρίων
1494 1675 1745 1732 ὖπξξαιρουῳ

308 1814 440 1860 cuique
467 1811 753 1858 competentium
773 1812 1045 1856 proportionem
1069 1813 1291 1856 supputare,
1337 1815 1374 1845 et
1406 1810 1551 1846 tandem
1585 1816 1676 1858 quot
1698 1811 1745 1850 de

307 1871 532 1906 unoquoque
570 1859 784 1904 dignitatum
819 1858 947 1892 ordine
981 1859 1139 1892 muneris
1172 1857 1367 1902 participes
1401 1858 1515 1894 futuri
1547 1857 1642 1894 sint:
1689 1864 1746 1893 et-

307 1907 412 1941 iamsi
431 1906 576 1952 quidam
595 1917 717 1939 eorum
742 1905 935 1950 dignitates
960 1905 1079 1938 nullas
1103 1909 1232 1950 gerunt
1257 1903 1308 1950 [et
1324 1905 1532 1942 axiomatici
1550 1916 1625 1941 non
1647 1911 1744 1948 sunt,

307 1959 431 1988 tamen
457 1953 503 1986 ad
525 1953 735 1986 axiomatici
759 1953 912 1990 alicuius
946 1951 1160 1997 obsequium
1193 1950 1405 1998 pertinent].
1453 1952 1509 1985 Ita
1533 1952 1638 1988 classi
1662 1963 1743 1986 ma-

307 2001 499 2046 gistrorum
525 2010 712 2034 accensere
739 2003 883 2043 oportet
906 2004 1080 2032 rectorem
1106 2003 1143 2031 et
1165 2003 1288 2031 zosten
1310 1998 1512 2043 patriciam,
1543 1998 1743 2042 syncellum

308 2048 559 2091 exmagistros‚
608 2047 720 2078 vitam
745 2045 991 2079 monachalem
1024 2044 1193 2089 deinceps
1216 2045 1399 2088 amplexos
1423 2051 1459 2078 et
1473 2046 1742 2091 praepositum;

306 2093 395 2126 item
420 2094 599 2138 privatum
623 2091 742 2137 magni
767 2093 881 2125 nostri
909 2092 1054 2125 Domini
1076 2101 1436 2136 paracoemomenum
1466 2102 1529 2124 seu
1553 2091 1743 2126 accubito—

307 2150 394 2173 rem.
444 2140 557 2172 Classi
581 2139 836 2183 proconsulum
860 2137 1045 2170 eunuchos
1071 2139 1264 2182 patricios,
1298 2138 1402 2171 classi
1427 2139 1651 2184 reliquorum
1675 2149 1743 2183 pa.-

305 2186 496 2220 triciorum
521 2185 688 2218 officiales
714 2185 753 2216 in
776 2184 857 2217 velo
881 2184 1115 2228 patriciorum
1141 2185 1380 2224 constitutos,
1405 2182 1444 2216 id
1469 2189 1524 2217 est
1547 2189 1741 2230 protospa-

306 2233 445 2267 tharios
470 2232 713 2276 praepositoS,
758 2230 995 2263 domesticum
1020 2228 1245 2270 scholarum,
1291 2229 1527 2263 domesticum
1552 2232 1743 2266 excubito„

308 2291 404 2320 rum,
422 2277 643 2324 praefectum
667 2276 786 2318 Urbis,
811 2277 975 2322 genicum
1002 2286 1066 2309 seu
1090 2276 1313 2322 praefectum
1337 2277 1479 2319 aerarii,
1504 2288 1583 2311 sace
1636 2279 1744 2321 rium,

310 2331 559 2374 quaestorem,
595 2324 828 2369 drungarium
850 2323 1016 2367 vigiliae,
1057 2322 1372 2367 protovestiarium
1397 2324 1568 2367 Domini,
1600 2326 1742 2370 praese-.-

311 2379 410 2408 ctum
435 2381 580 2405 mensae
606 2376 642 2404 ct
664 2370 809 2416 papiam
834 2381 1001 2414 magnum
1026 2374 1134 2416 atque
1166 2369 1453 2404 hetaeriarcham
1485 2371 1744 2417 protospatha-

310 2422 407 2457 rium
433 2417 656 2459 eunuchum,
689 2418 719 2450 si
742 2422 820 2450 tum
845 2417 1016 2461 temporis
1041 2416 1082 2450 hi
1107 2415 1177 2449 duo
1203 2417 1374 2461 postremi
1398 2417 1438 2450 in
1463 2419 1636 2452 comitatu
1661 2419 1743 2452 exi-

311 2472 421 2501 stant.
469 2465 600 2500 Ordini
624 2464 851 2498 secretalium
876 2463 1082 2497 officialium
1107 2464 1285 2496 accenseri
1310 2463 1446 2498 dehent
1478 2464 1636 2498 eunuchi
1655 2476 1742 2510 pro-

311 2512 541 2559 tospatharii,
565 2511 775 2557 primicerii,
802 2510 969 2544 ostiarius
999 2515 1036 2544 et
1057 2509 1214 2552 iudices,
1239 2509 1302 2542 sed
1325 2510 1364 2543 hi
1389 2511 1611 2545 functionem
1637 2522 1744 2546 exer-

312 2566 433 2596 centes
459 2564 612 2592 tantum.
660 2556 713 2592 Ab
739 2556 865 2591 ordine
883 2563 1006 2591 autem
1028 2556 1401 2603 protospathariorum
1425 2568 1609 2592 secernere
1633 2569 1741 2603 opor-

311 2614 366 2642 tet
391 2606 576 2640 ministros
603 2609 639 2638 et
662 2605 862 2650 praefectos
890 2604 1156 2648 chrysotriclini
1191 2609 1227 2636 et
1249 2603 1458 2650 maglabitas
1483 2610 1521 2638 et
1544 2604 1739 2638 articlinas.

312 2655 386 2689 Hos
430 2654 526 2686 enim
571 2652 675 2686 decet
709 2651 790 2696 plus
830 2651 1002 2695 accipere.
1063 2649 1473 2696 Spatharocubiculariis
1515 2661 1740 2690 accensemus

318 2698 709 2751 rpatharocandidatos,
750 2697 975 2745 spatharios,
1009 2701 1198 2740 stratores,
1233 2697 1466 2740 candidatos,
1495 2697 1740 2747 mandatoresj
