1832 3112
346 157 418 198 m:
454 152 714 198 caimos.
760 151 942 194 AULAE
979 151 1202 194 BYzANr.
1238 156 1271 195 1.
1301 154 1367 194 10.
1509 156 1570 211 71

132 257 246 300 λεύει
272 256 295 300 ὃ
322 255 523 311 βασιλεῦς
548 257 743 312 γενέσθαι
778 252 886 296 κατά
915 250 1154 310 προσθήκην
1181 255 1304 311 ἓτερα
1338 255 1414 297 δύο
1441 272 1579 310 παρα-

133 322 347 380 τράπεζα,
382 323 548 365 ἵσταται
577 320 624 364 τὸ
646 323 692 363 ἓν
723 322 769 362 ἐν
791 321 842 377 τῇ
873 319 1079 378 α’ριστερᾷ
1105 320 1300 379 καμάρᾳ,
1329 319 1377 363 τὸ
1412 321 1459 364 δὲ
1489 323 1579 363 ἓτε-

133 404 207 444 ρον
236 389 283 430 ἐν
312 389 368 445 τῇ
396 388 526 444 δεξιᾷ.
579 387 788 442 γνωστέον
825 387 873 428 δὲ
902 385 977 427 καί
1006 386 1156 438 τοῦτο,
1198 381 1264 427 ὅτι
1297 387 1339 428 εἰ
1360 388 1441 439 μὲν
1467 386 1576 443 τύχῃ

132 453 160 508 ἦ
190 449 314 510 ἑορτὴ
342 453 421 496 τοῦ
453 449 760 508 εὗαγγελισμοῦ
790 453 842 508 τῇ
886 451 995 508 αὐτῇ
1025 451 1160 508 ἡμέρᾳ
1187 452 1261 493 τοῦ
1290 451 1460 506 πάσχα,
1506 468 1576 493 τε-

106 520 287 562 5λεῖται,
303 514 453 568 οὕτως.
527 519 743 573 ἐξέρχεται
785 514 892 570 μετὰ
927 518 1041 571 λιτῆς
1078 517 1125 558 ἐκ
1166 518 1244 558 τοῦ
1281 516 1575 573 θεοφυλάκτου

133 585 270 628 αὐτοῦ
306 583 533 636 παλατίου,
582 581 664 624 ἀπὸ
703 585 778 638 τῆς
820 581 1027 636 παναγίας
1074 580 1278 624 Θεοτόκου
1314 585 1389 624 τοῦ
1412 584 1577 638 Φάρου,

133 649 207 693 καὶ
227 652 438 708 διέρχεται
458 648 529 691 διὰ
559 650 641 691 τῶν
664 649 915 702 διαβατικῶν
937 650 1022 690 τῶν
1048 647 1178 702 ἁγίων
1199 646 1243 701 μ’
1270 647 1343 690 καί
1367 651 1443 704 τῆς
1471 649 1578 702 ‹21ch-

134 719 229 770 δος,
263 715 338 759 καί
358 716 591 771 α’πέρχεται
615 715 661 757 ἐν
683 715 740 771 τῷ
772 716 859 772 ναῷ
884 717 958 770 τῆς
984 716 1189 768 παναγίας
1219 713 1423 757 Θεοτόκου
1456 716 1576 777 ἐζτῇ
1583 727 1611 760 Β

133 783 287 840 Δάφνῃ
302 816 316 836 ,
357 780 440 824 άπὸ
466 783 514 823 δὲ
533 782 619 823 τῶν
648 781 779 823 ἐκεῖσε
805 777 1034 836 ἀπέρχεται
1059 782 1119 829 εἰς
1145 778 1220 822 τὸν
1237 779 1338 822 ναὸν
1357 783 1433 822 τοῦ
1455 780 1578 836 ἁγίου
1651 777 1656 782 ’

83 847 380 904 ιοΣτεφάνου,
429 848 503 888 καί
539 847 782 894 τελέσαντος
816 843 868 888 τά
909 844 1104 900 συνήθη,
1162 844 1308 899 οἱμὲν
1335 845 1462 902 ispe&
1495 845 1580 888 α’πὸ

131 915 216 956 τῶν
243 914 375 955 ἐκεῖσε
402 909 708 965 λιτανεύοντες,
748 909 1089 968 ὑποστρέφουσιν
1121 912 1167 954 ἒν
1200 912 1258 970 τῷ
1295 911 1486 969 παλατίῳ
1498 947 1512 966 ,
1552 911 1580 954 ὅ

133 979 182 1022 δὲ
213 976 412 1032 βασιλεῦς
444 978 680 1033 εἰσέρχεται
702 978 749 1019 ἐν
778 978 837 1034 τῷ
862 977 995 1019 ἐκεῖσε
1023 971 1108 1019 ὄντι
1132 979 1295 1020 κοιτῶνι
1320 979 1397 1020 τοῦ
1420 975 1578 1033 αὔγου-

131 1044 284 1098 στέως,
321 1044 592 1098 ἐκδεχόμενος
611 1040 683 1086 τὸν
716 1041 887 1098 καιρὸν,
914 1043 1223 1097 καταλαβόντος
1250 1045 1297 1086 δὲ
1319 1045 1396 1086 τοῦ
1413 1047 1578 1101 καιροῦ,

130 1113 247 1152 τελεῖ
263 1104 435 1151 ἅπαντα
458 1105 700 1158 ἀκολούθως
726 1107 780 1151 τὰ
809 1110 888 1151 τοῦ
911 1107 1071 1163 πάσχα,
1094 1108 1153 1159 ὥς
1175 1108 1369 1165 ἀνωτέρω
1399 1107 1578 1166 εἴρηται.

82 1225 130 1269 15
753 1221 892 1266 ΚΕΦ.
930 1216 974 1263 ι’.

165 1318 261 1357 Ὅσα
283 1320 345 1356 δεῖ
362 1321 675 1369 παραφυλάττειν
698 1321 741 1358 ἐν
762 1323 805 1369 τῇ
821 1320 975 1371 δευτέρᾳ
998 1320 1118 1370 ἡμέρᾳ
1139 1324 1204 1366 τῆς
1218 1321 1526 1371 διακαινησίμου.

240 1413 537 1467 Προέρχονται
577 1410 725 1465 τάχιον
761 1407 943 1461 ἅπαντες
981 1409 1022 1454 οἶ
1061 1406 1265 1468 ἄρχοντες
1303 1407 1384 1453 ἇπὸ
1414 1414 1572 1454 λευκῶν

132 1475 363 1531 χλανιδίων
412 1477 459 1519 ἐν
491 1478 543 1535 τῇ
581 1476 732 1532 ἇψίδι,
785 1476 1043 1520 α’λλάσσουσι
1083 1479 1129 1520 δὲ
1168 1476 1207 1519 οἱ
1244 1478 1325 1530 μὲν
1362 1478 1614 1533 πατρίκιοιο

132 1541 329 1595 χλανίδια
350 1541 626 1599 χρυσόταβλα
638 1577 652 1597 ,
693 1542 733 1585 οἱ
770 1545 817 1585 δὲ
845 1544 983 1585 λοιποί
1010 1543 1183 1593 ἕκαστος
1210 1541 1313 1585 κατὰ
1340 1541 1417 1598 τὴν
1438 1541 1571 1584 αὑτοῦ

78 1606 250 1659 :nordgoe
274 1623 321 1649 τε
346 1609 418 1651 καί
443 1605 576 1662 ἀξίαν,
603 1610 678 1652 τοῦ
706 1611 753 1651 δὲ
781 1610 1077 1663 κουβουκλείου
1125 1608 1164 1650 οἱ
1199 1611 1279 1662 μὲν
1304 1610 1572 1664 πραιπόσιτοι

133 1669 208 1715 καὶ
243 1671 672 1730 ὄοτιαροπριμικήριοι
708 1677 1027 1730 περιβέβληνται
1050 1673 1248 1728 χλανίδία
1281 1674 1573 1729 χρυσόταβλα,

226 1783 257 1816 α.
281 1764 324 1806 τό
348 1770 422 1818 μὲν
437 1770 482 1809 ἓν
497 1773 588 1807 coni.
603 1773 642 1807 R.
786 1785 839 1809 10.
861 1773 1086 1820 Στεφάνου,
1117 1774 1268 1812 τελέσας
1295 1784 1329 1812 τ.
1353 1772 1508 1816 συνήθη.
1527 1773 1574 1808 Οἱ

226 1819 299 1866 μὲν
325 1818 381 1853 ed.

132 1907 220 1944 duas
253 1908 396 1943 tabulas
437 1911 591 1956 apponi,
640 1910 771 1956 quodsi
798 1921 883 1944 vero
916 1915 954 1944 et
986 1909 1073 1944 alias
1101 1910 1189 1944 duas
1216 1911 1336 1956 parari
1358 1912 1565 1956 <Imperator

132 1956 298 1997 iusserit,
322 1969 394 1991 una
415 1957 455 1990 in
476 1957 639 1998 sinistra,
662 1958 775 1991 altera
797 1958 835 1990 in
857 1957 982 1991 dextra
999 1968 1137 1991 camera
1154 1959 1358 1992 instruitur.
1402 1958 1440 1991 Si
1461 1969 1566 2003 porro

130 2002 264 2036 festum
294 2004 588 2038 annunciationis
622 2005 663 2037 in
695 2004 793 2038 diem
822 2004 1001 2050 paschatis
1035 2004 1226 2046 inciderit,
1269 2006 1320 2038 ita
1352 2005 1565 2038 celebratur.

130 2048 244 2084 Venit
271 2051 467 2094 Imperator
491 2062 571 2084 cum
598 2052 827 2096 processione
848 2062 893 2084 ex
919 2051 1058 2097 palatio
1084 2063 1149 2085 suo
1173 2063 1194 2085 a
1225 2051 1303 2085 Deo
1338 2052 1519 2086 custodito
1545 2063 1567 2086 a

129 2102 254 2131 sancta
277 2097 431 2142 Deipara
450 2096 578 2138 Phari,
614 2109 753 2144 perque
768 2099 928 2143 porticus
961 2097 1198 2144 quadraginta
1234 2102 1438 2132 sanctorum
1466 2100 1567 2144 apsi-

130 2141 286 2190 demque
302 2154 506 2189 progressus
519 2170 528 2186 ,
554 2146 728 2189 templum
747 2150 891 2178 sanctae
913 2146 1089 2189 Deiparae
1108 2146 1147 2179 in
1164 2145 1318 2190 Daphne
1332 2170 1343 2185 ‚
1368 2144 1454 2178 inde
1481 2157 1568 2178 san-

128 2190 179 2223 cti
208 2189 383 2235 Stephani
410 2192 526 2235 petit,
558 2192 764 2238 ritibusque
793 2191 1004 2226 solennibus
1036 2193 1203 2233 servatis,
1245 2191 1331 2225 inde
1361 2192 1565 2225 sacerdotes

129 2236 170 2269 in
201 2238 432 2281 processione
464 2237 509 2270 ad
534 2238 707 2284 palatium
733 2244 983 2280 revertuntur,
1016 2240 1215 2284 Imperator
1244 2249 1329 2272 vero
1358 2238 1566 2272 cubiculum

124 2284 311 2327 augustale
334 2283 512 2329 ingressus
527 2309 537 2324 ,
560 2290 701 2330 tempus
719 2290 923 2330 exspectat,
952 2297 1024 2332 quo
1050 2287 1244 2326 veniente,
1282 2285 1498 2320 cerimonias
1521 2285 1561 2318 in

130 2327 308 2366 Paschatis
326 2330 419 2365 sesto
440 2342 602 2378 quasque
624 2343 734 2378 supra
759 2333 990 2378 exposuimus
1008 2330 1250 2367 observandas
1270 2333 1423 2379 peragit.

758 2421 853 2457 CAP.
884 2434 934 2458 ιο.

317 2509 557 2552 observanda
582 2511 644 2548 die
668 2512 829 2548 secunda
852 2513 1077 2560 septimanae
1105 2513 1378 2550 renovationis.

222 2598 398 2633 Praefecti
424 2611 567 2643 omnes,
590 2603 684 2638 albis
706 2605 840 2639 tunicis
866 2604 1005 2646 induti,
1038 2605 1204 2639 celeriter
1227 2605 1267 2639 in
1294 2602 1454 2648 apsidem
1477 2613 1566 2648 pro·

131 2645 288 2685 cedunt,
323 2648 466 2689 patricii
491 2650 627 2683 tunicas
651 2653 768 2684 aureis
802 2652 911 2685 clavis
927 2677 936 2692 ,
970 2654 1081 2686 ceteri
1106 2658 1221 2685 vestes
1254 2662 1319 2695 pro
1348 2662 1412 2683 suo
1436 2649 1563 2683 ordine

129 2703 170 2725 ac
195 2691 391 2736 dignitate,
425 2697 621 2738 praepositi
656 2697 821 2731 cubiculo
859 2703 896 2731 et
929 2699 1126 2742 primicerii
1162 2698 1390 2731 ostiariorum
1423 2698 1563 2730 tunicas

131 2739 250 2772 aureis
279 2739 405 2780 clavis,
441 2741 824 2785 spatharoeubicularii
857 2744 1000 2790 spathas
1030 2757 1110 2778 suas
1145 2749 1293 2789 gestant.
1341 2744 1475 2789 Aperto
1500 2754 1562 2788 pa—
