1878 3112
283 89 392 152 580‘
550 103 931 155 CONSTANTINI‘
959 102 1438 151 PORPHYROGENITI

279 215 436 266 ἶστὲον,
479 209 542 254 ὅτι
570 211 590 254 ὁ
625 213 830 266 τρίκλινος
860 206 1151 258 Ἰουστινιανὸς
1189 211 1263 250 καί
1289 207 1313 250 ὅ
1340 207 1565 258 λαυσιακὸς
1590 208 1712 250 οὐδὲν

82 282 423 333 Με.196.1)ἓτερον
447 278 774 330 ἐξωπλίσθησαν,
803 277 842 317 εἰ
866 274 926 330 μη
948 273 1051 316 κατὰ
1079 273 1124 316 τὸ
1147 274 1297 325 εἰωθὸς
1320 274 1640 330 ἐκρεμάσθησαν
1667 271 1714 314 ὄ-

279 343 468 400 λὸφωτα,
515 341 589 383 καί
625 342 825 395 ἀνελλιπῆ
859 342 913 382 τά
951 339 1110 383 τούτων
1141 340 1458 395 πολυκάνὸηλα.
1510 341 1555 382 ἐν
1581 342 1627 382 δὲ
1655 339 1713 397 τῷ

276 409 448 465 πόρτηκι
474 409 549 449 τοῦ
578 407 945 461 χρυσοτρικλίνου,
989 400 1079 460 ἦτοι
1108 407 1154 447 ἐν
1178 407 1234 463 τῷ
1261 406 1494 462 ώρολογίῳ,
1535 403 1713 460 ἔστησαν

273 474 324 518 τά
356 472 430 514 δύο
455 474 599 528 χρυσᾶ
624 466 781 527 ὄργανα
809 470 861 514 τὰ
890 469 1086 525 βασιλικοὶ
1114 469 1183 512 καὶ
1219 470 1273 512 τά
1297 471 1372 512 δύο
1392 471 1558 527 ἀργυρᾶ
1585 465 1739 525 ὄργα-5

246 547 332 582 Ονα
357 539 439 581 τῶν
462 538 615 593 μερῶν.
668 537 690 578 ὅ
724 538 771 578 δὲ
796 536 1131 591 χρυσοτρίκλινος
1164 537 1421 590 ἐξωπλίσθη,
1450 534 1592 584 καθώς
1619 533 1714 575 εἴω-

277 609 352 647 θεν
379 603 426 646 τὸ
458 602 601 657 πάσχα
629 603 931 655 ἐξοπλιζεσθαι,
959 596 1086 657 ἤγουν
1114 600 1184 643 διὰ
1214 603 1291 643 τοῦ
1317 603 1621 657 πενταπυργίου
1643 599 1723 642 καὶ·

276 672 363 712 τῶν
392 670 616 724 βασιλείων
642 667 830 723 θρόνων,
878 667 961 708 τῶν
988 665 1231 722 κραβάττων
1269 683 1315 707 τε
1342 667 1415 708 καί
1451 668 1524 721 τῆς
1549 668 1723 720 χρυσῆς

277 737 482 792 τραπέζης
509 735 580 776 καί
607 736 690 775 τῶν
718 735 886 785 λοιπῶν,
920 736 1020 785 μεθ’
1052 728 1111 774 ὧν
1136 730 1181 774 τὸ
1211 730 1355 786 πάσχα
1383 736 1613 784 κοσμεῖται.
1656 731 1713 787 (ι’-

278 803 420 854 στέον,
468 797 531 842 ὅτι
559 800 583 840 ὁ
608 800 946 854 χρυσοτρίκλινος
972 799 1016 839 ἐν
1043 799 1096 854 τῇ
1125 797 1281 839 ἐλεήσει
1310 799 1390 839 τῶν
1426 797 1636 838 Ἰσπανῶν
1663 796 1714 837 οὔ
1723 811 1769 837 ιο

279 865 582 920 κατεκοσμήθη,
623 862 765 917 ἐπειδὴ
795 863 845 903 οὐ
877 861 1209 918 συνεστιάθησαν
1235 867 1319 911 τοῖς
1345 862 1563 915 βασιλεῦσι
1588 863 1638 917 τῇ
1665 861 1725 914 ῆ-

279 931 388 989 μέρᾳ
415 933 489 986 τῆς
519 931 645 984 δοχῆς
673 928 711 971 οἱ
741 928 823 971 α’πὸ
850 928 1060 970 Ἱσπανίαν
1089 926 1284 976 ἐλθόντες
1311 926 1533 983 πρέσβεις,
1561 928 1634 968 καί
1657 928 1715 984 τῷ

279 995 415 1054 τρόπῳ
443 994 571 1053 τούτῳ
598 994 648 1036 τὰ
673 996 748 1036 τοῦ
777 991 958 1050 φύλακος
983 991 1182 1047 χειμευτὰ
1209 992 1310 1050 ἔργα
1332 989 1650 1048 ἐκρεμάσθησαν
1672 993 1717 1032 ἐν

279 1064 339 1119 τῷ
380 1062 689 1117 ἅναδενὸραόίῳ
731 1062 805 1114 τῆς
841 1057 1084 1115 μανναύρας
1121 1061 1166 1101 ἐν
1211 1061 1264 1116 τῇ
1302 1060 1478 1116 τροπικῇ
1522 1059 1573 1115 τῇ
1598 1054 1716 1112 παρὰ

278 1129 363 1170 τῶν
390 1127 650 1168 παστοποιῶν
678 1124 748 1166 διὰ
787 1124 980 1178 μεγάλων
1018 1126 1342 1179 σκαραμαγγίων
1377 1125 1600 1181 γεγονυίᾳ.)
1657 1122 1770 1171 εἰςιό

281 1194 327 1234 δὲ
357 1190 433 1240 τὰς
462 1190 567 1232 ὀκτώ
599 1187 789 1245 καμάρας
826 1190 899 1231 τοῦ
934 1190 1280 1245 χρυσοτρικλίνου
1324 1190 1641 1244 ἐκρεμάσθησαν
1664 1186 1716 1229 τὰ

242 1259 358 1304 1)τοῦ
386 1259 489 1299 ναοῦ
515 1255 589 1310 τῆς
616 1254 845 1310 ὑπεραγίας
875 1251 1078 1296 Θεοτόκου
1118 1256 1195 1295 τοῦ
1225 1252 1371 1309 Φάρου
1399 1253 1616 1306 στέμματα
1645 1253 1719 1294 καί

283 1325 367 1365 τῶν
393 1320 546 1375 ἑτέρων
573 1322 797 1375 ἐκκλησιῶν
822 1321 897 1361 τοῦ
924 1317 1126 1360 παλατίου
1143 1353 1155 1372 ,
1183 1320 1256 1360 καί
1280 1317 1382 1375 ἔργα
1410 1318 1596 1374 διάφορα
1623 1335 1717 1373 χει-

284 1385 415 1441 μευτὰ
445 1383 525 1427 ἀπὸ
555 1386 630 1428 τοῦ
659 1384 866 1441 φύλακος,
913 1384 987 1426 καὶ
1023 1383 1075 1426 τὰ
1101 1382 1296 1438 βασιλικοὶ
1334 1385 1409 1425 καί
1433 1380 1715 1438 αὖγουστιακά

282 1452 482 1507 χλανίὸια
521 1446 652 1492 οὕτω·
707 1451 782 1491 τοῦ
825 1448 946 1505 ἁγίου
975 1451 1149 1505 Πέτρου
1185 1447 1230 1490 τὸ
1267 1447 1505 1502 ὁλόχρυσον
1547 1450 1619 1490 καί
1645 1447 1773 1491 dicimo

286 1517 555 1573 μαργαριτῶν
582 1514 814 1558 πλατάνιον·
868 1516 946 1558 τοῦ
977 1511 1096 1569 ἁγίου
1131 1512 1353 1570 Θεοδώρου
1381 1512 1430 1557 τὸ
1455 1511 1719 1569 χοροσαγχό-

291 1665 331 1698 ni
358 1669 396 1698 et
419 1664 616 1697 lausiacum
639 1662 816 1708 palatium
848 1663 988 1696 nullum
1020 1661 1206 1696 habebant
1245 1662 1357 1694 alium
1390 1667 1579 1703 ornatum,
1611 1673 1719 1708 quam

291 1711 397 1744 hunc.
446 1710 615 1744 Iiolosota
643 1710 719 1755 [seu
749 1710 866 1743 trabes
895 1710 940 1742 ad
974 1710 1085 1742 instar
1122 1710 1281 1743 crucium
1309 1709 1442 1748 sactae,
1477 1708 1719 1754 dependenti-

291 1758 359 1791 bus
384 1769 428 1790 ex
452 1768 489 1790 se
514 1756 676 1801 gravidae
700 1755 973 1802 polycandelis,]
1001 1755 1054 1788 ibi
1081 1766 1145 1800 pro
1169 1766 1265 1788 more
1289 1767 1460 1800 suspensa
1495 1761 1610 1798 erant,
1641 1756 1721 1801 ple-

292 1805 350 1838 nis
384 1803 608 1837 candelabris
633 1809 669 1836 et
688 1804 827 1837 nullum
852 1814 996 1836 suorum
1021 1813 1203 1836 cereorum
1228 1801 1527 1836 desiderantibus.
1574 1803 1615 1835 In
1630 1813 1721 1846 por-

294 1851 369 1883 ticu
398 1850 679 1893 chrysotriclinii
707 1861 767 1882 seu
793 1851 831 1882 in
863 1849 1050 1893 horologio
1082 1849 1226 1882 stabant
1252 1849 1356 1882 ambo
1381 1859 1487 1882 aurea
1508 1847 1721 1884 dominica-

292 1897 341 1930 lia
369 1908 499 1941 organa
524 1902 560 1929 et
585 1896 688 1928 ambo
713 1902 880 1941 argentea
905 1907 1034 1941 organa
1059 1895 1263 1928 factionum.
1302 1894 1632 1938 Chrysotriclinium
1658 1905 1722 1927 ex-

295 1949 460 1977 ornatum
493 1949 568 1975 erat
599 1953 642 1975 eo
676 1943 804 1983 modo,
843 1954 915 1987 quo
953 1943 1044 1974 solet
1073 1953 1138 1986 per
1173 1943 1303 1975 festum
1350 1941 1550 1986 paschatis3
1589 1950 1719 1985 nempe

322 1990 528 2034 cntapyrgio
555 1989 608 2021 ibi
636 1989 798 2033 exposito
825 1994 862 2022 et
885 1989 1134 2032 imperialibus
1167 1987 1308 2020 thronis
1333 1998 1395 2020 seu
1422 1987 1583 2020 selliset
1614 1987 1719 2031 grab-

293 2002 392 2068 ssatis
417 2042 453 2068 et
476 2046 582 2068 aurea
606 2045 729 2068 mensa
753 2036 998 2080 reliquisque,
1037 2045 1127 2078 quae
1160 2033 1226 2066 suh
1251 2034 1378 2066 festum
1403 2033 1722 2111 paschatis'expo-

295 2083 336 2116 ni
361 2082 488 2114 solent.
539 2080 639 2125 (Quo
668 2086 828 2124 tempore
851 2081 960 2125 legati
985 2080 1221 2124 Hispanorum
1253 2080 1423 2120 aderant,
1457 2088 1530 2112 non
1565 2089 1650 2111 orna
1680 2090 1723 2112 a—

296 2134 357 2161 tur
381 2127 723 2170 chrysotriclinium3
752 2128 838 2171 quia
865 2128 924 2160 die
946 2126 1156 2159 audientiae
1179 2137 1252 2158 non
1277 2125 1559 2158 convivabantur
1592 2127 1723 2159 Domi·

297 2175 372 2214 nis3
406 2174 562 2217 ideoque
586 2183 694 2217 opera
720 2173 856 2208 metalli
880 2173 1029 2217 pretiosi
1058 2172 1248 2204 artificiose
1273 2178 1442 2205 encausto
1478 2173 1606 2216 picta,⁴
1629 2182 1722 2217 quae

298 2220 417 2253 solent
440 2221 478 2252 in
504 2218 651 2263 phylace
675 2219 732 2252 vel
755 2219 891 2252 aerario
914 2218 1105 2262 principali
1129 2218 1317 2257 asservari,
1343 2218 1654 2262 suspendebantur
1683 2220 1722 2253 in

298 2265 468 2299 viridario
496 2276 707 2309 magnaurae
731 2265 769 2296 in
794 2267 931 2308 tropica
954 2265 1011 2296 vel
1035 2264 1174 2309 porticu
1199 2269 1365 2304 arcuata,
1390 2275 1482 2311 quae
1513 2275 1532 2296 a
1564 2267 1723 2310 tapetia-

299 2313 362 2346 riis
388 2323 407 2345 e
431 2312 538 2344 vastis
564 2311 810 2354 scaramangiis
835 2311 996 2344 confecta
1021 2310 1172 2357 fuerat.)
1229 2311 1294 2343 Per
1317 2315 1397 2343 octo
1422 2317 1541 2344 autem
1566 2322 1720 2345 camaras

297 2359 356 2391 vel
381 2358 534 2391 fornices
559 2356 837 2400 chrysotricliuii
861 2368 1030 2402 suspensa
1056 2362 1159 2390 eraut
1196 2363 1382 2390 stemmata
1417 2358 1473 2391 vel
1502 2358 1640 2390 infulae
1677 2362 1722 2392 ex

298 2404 432 2449 templo
455 2404 696 2437 sanctissimae
729 2404 906 2447 Deiparae
931 2403 1034 2436 Phari
1062 2402 1264 2449 ceterisque
1298 2403 1442 2447 templis
1479 2404 1618 2449 palatii,
1658 2416 1723 2439 va-

299 2453 423 2497 riaque
450 2452 606 2494 pretiosa
623 2461 732 2495 opera
756 2450 914 2484 smaltita
939 2461 999 2483 seu
1026 2449 1183 2493 chymice
1207 2450 1304 2494 picta
1328 2461 1346 2482 e
1371 2450 1536 2495 phylace,
1558 2451 1723 2485 tunicae-

299 2510 370 2543 que
396 2503 465 2530 tam
489 2497 661 2530 basilicae
686 2508 747 2530 seu
773 2497 911 2530 ordinis
938 2497 1028 2541 regii
1052 2498 1136 2529 viris
1153 2522 1162 2536 ‚
1197 2508 1300 2542 quam
1325 2499 1554 2542 augustiacae
1577 2497 1635 2530 vei
1659 2509 1724 2531 so-

297 2545 342 2577 lis
358 2543 582 2588 Augustabus
611 2543 788 2587 propriae.
836 2544 946 2576 Erant
969 2548 1085 2575 autem
1111 2543 1196 2575 illae
1220 2549 1335 2576 vestes
1360 2543 1448 2585 hae,
1474 2555 1562 2588 quas
1594 2553 1724 2576 recen—

298 2589 465 2623 sebimus.
523 2591 604 2624 Erat
635 2589 834 2634 platanium
868 2589 1118 2632 holochrysum
1169 2594 1205 2622 et
1240 2591 1437 2635 margaritis
1471 2590 1627 2623 obsitum
1678 2591 1723 2623 ek

296 2637 384 2670 aede
419 2637 452 2669 S.
479 2636 571 2669 Petri
587 2661 596 2676 ‚
629 2646 718 2682 quae
743 2637 781 2668 in
806 2636 942 2681 palatio
969 2641 1044 2676 est,
1071 2635 1307 2680 depromtum.
1355 2637 1440 2670 Erat
1462 2634 1723 2680 chorosahncho-

298 2684 390 2717 rium
437 2695 455 2717 e
481 2683 516 2720 S.
541 2682 734 2717 Theodoro
781 2694 861 2717 eum
898 2683 1129 2729 grypoleonte
1163 2693 1225 2716 seu
1265 2682 1403 2730 pallio,
1446 2683 1505 2716 cui
1551 2682 1721 2727 imagine·
