1832 3112
301 459 388 500 Ex
424 452 891 498 ADVERSARIIS
934 449 1353 492 LEICHIANIS.

432 804 475 826 D}
498 804 645 828 §curru
670 803 900 827 convnnnn
929 803 1235 832 mnrmoczmn.

116 880 361 966 collegisse
378 913 525 953 multos
550 913 675 954 llbros
702 921 742 953 et
768 914 862 953 inde
888 922 1071 969 excerpta
1098 914 1183 955 fleri
1215 929 1375 956 curasse
1402 915 1548 956 dicitur

169 968 337 1022 praefat.
365 969 417 1008 ad
440 969 638 1022 Excerpta
674 970 814 1023 Legat.
851 970 913 1008 ed.
943 970 1152 1010 Hoeschel.
1194 970 1311 1010 Conf.
1343 972 1470 1026 praef.
1496 972 1549 1011 ad

171 1023 332 1062 contin.
363 1023 544 1077 Theoph.
575 1039 618 1078 p.
640 1032 677 1068 2'.
705 1025 852 1078 Script.
879 1032 971 1078 post
997 1026 1233 1079 Theophan.

111 1077 379 1117 Constantino
416 1079 616 1133 Porphyr.
650 1079 849 1119 dedicavit
885 1079 1095 1119 historiam
1137 1095 1251 1121 suam
1278 1082 1471 1122 Genesius
1498 1083 1549 1122 de

169 1133 252 1170 vita
281 1133 417 1172 Basilii
445 1134 698 1188 aliorumque
726 1136 1033 1188 Imperatorum.

113 1185 302 1227 Delectus
329 1188 462 1242 legum
490 1191 810 1244 compendiarius
841 1204 886 1229 ex
914 1192 1046 1230 Instit.
1074 1191 1248 1245 Digestis
1276 1199 1353 1232 etc.
1382 1206 1547 1246 compo-

111 1268 114 1271 ·
167 1242 267 1336 {Zeus
294 1243 346 1282 ab
362 1244 463 1298 Imp.
486 1245 620 1285 Leone
646 1245 886 1300 philosopho
918 1254 958 1286 et
976 1246 1180 1289 Constant.
1199 1247 1403 1302 Porphyr.
1426 1249 1547 1287 Lam-

248 1325 260 1336 .
289 1298 339 1337 L.
368 1299 423 1338 V.
451 1313 485 1340 c.
514 1299 556 1339 8.
651 1326 654 1328 -

108 1349 166 1390 >In
193 1352 284 1391 cod.
305 1354 456 1394 LXIV.
474 1354 577 1396 Bibl.
596 1356 773 1396 Venetae
792 1356 1074 1410 compendium
1100 1364 1226 1397 exstat
1251 1356 1385 1411 legum
1403 1357 1550 1396 Leonis

170 1414 210 1446 et
239 1407 516 1460 Constantini,
544 1413 738 1466 scriptum
764 1427 831 1450 an.
868 1411 982 1467 1175.

115 1459 372 1516 Theophanis
412 1465 603 1519 Synopsis
635 1467 932 1521 compendiaria
969 1468 1065 1506 artis
1092 1467 1269 1507 medicae
1295 1482 1416 1507 suasu
1441 1467 1546 1520 Imp.

172 1517 421 1558 Constantini
448 1521 653 1576 Porphyr.
681 1537 727 1561 ex
756 1523 932 1562 Oribasii
960 1524 1211 1575 potissimum
1242 1524 1398 1576 scriptis
1426 1522 1548 1562 colle-

166 1580 236 1625 cta
276 1581 316 1613 et
349 1575 392 1612 in
420 1583 570 1628 septem
599 1578 723 1616 libros
765 1577 904 1617 divisa.
932 1577 1116 1617 Lambec.
1145 1577 1210 1628 24.
1238 1592 1394 1616 manus.
1424 1577 1547 1616 iurid-

173 1628 280 1668 conf.
303 1629 367 1670 25.
386 1637 426 1668 et
444 1631 645 1685 Wegelini
667 1629 826 1677 ἔκδυσις
846 1639 885 1671 et
899 1632 1063 1670 Fabric.
1081 1631 1132 1670 ad
1151 1631 1277 1671 Allat.
1299 1633 1349 1670 de
1368 1632 1527 1673 Psellis,

119 1682 242 1724 Pselli
269 1686 450 1736 synopsis
481 1689 575 1725 artis
602 1687 779 1726 medicae
805 1687 858 1724 ad
878 1687 1185 1725 Constantinum
1210 1688 1253 1724 in
1268 1686 1550 1725 Escurialensi.

178 1738 398 1776 Montfauc.
429 1741 472 1778 in
498 1741 603 1779 Bibl.
634 1743 837 1780 Manuscr.
864 1755 903 1793 p.
931 1740 1025 1781 623.

121 1793 368 1832 Muratorius
395 1794 445 1833 T.
466 1795 518 1835 ΙΙ.
538 1796 633 1835 Ant.
662 1796 753 1834 Ital.
783 1796 878 1834 diss'.
909 1794 977 1834 26.
1006 1802 1185 1834 recenset
1212 1802 1393 1834 auctores
1421 1794 1550 1834 Tacti-

175 1861 243 1887 cos
262 1847 529 1889 Bibliothecae
547 1850 837 1890 Ambrosianae
856 1850 1024 1889 ineditos
1044 1879 1056 1900 ,
1085 1851 1190 1889 inter
1215 1864 1315 1903 quos
1334 1858 1552 1889 occurrunt

176 1899 435 1954 Ναυμαχικιὶ
470 1903 650 1952 Λέοντος
671 1934 683 1956 ,
713 1906 873 1946 inedita.
929 1900 1189 1955 Ναυμαχικά
1212 1901 1327 1957 παρὰ
1353 1903 1551 1943 Βασιλεί-

177 1970 227 1996 ου
254 1956 470 2011 πατρικίου
490 1958 564 1997 καί
592 1957 982 2013 παρακοιμωμὲνου.
1039 1960 1088 1998 In
1116 1959 1195 1998 alio
1226 1959 1362 1999 codice
1389 1960 1423 1999 I
1442 1960 1483 1998 Τ
1478 1967 1550 1998 at-

175 2013 251 2052 tici
273 2011 321 2050 di
350 2012 624 2054 Constantino
661 2015 1046 2070 Porphyrogeneta.
1100 2014 1293 2054 Eiusdem
1324 2011 1422 2068 περὶ
1449 2028 1550 2054 ναυ-

175 2064 335 2118 μαχίας
361 2064 711 2122 στρατηγημάτων
735 2070 808 2109 καί
828 2069 1066 2122 πειρατικῆς
1100 2076 1178 2108 etc.

123 2121 287 2160 Tactica
321 2124 405 2162 sine
441 2126 626 2174 nomine,
723 2140 769 2164 ae
803 2126 846 2164 in
886 2125 1020 2163 codice
1058 2124 1303 2164 Laurentino
1334 2131 1551 2163 occurrunt

179 2178 415 2227 (Montfauc.
437 2179 489 2218 T.
508 2180 538 2219 I.
557 2194 596 2232 p.
613 2179 666 2230 54
697 2182 718 2231 .)
741 2187 833 2219 sunt
858 2180 1108 2218 Constantini
1130 2180 1236 2233 Imp.

124 2230 187 2270 Ut
214 2232 494 2273 Constantinus
517 2235 710 2274 nonnulla
734 2236 784 2274 de
803 2249 847 2274 re
872 2234 1035 2273 militari
1055 2235 1236 2288 scripsit,
1276 2235 1332 2273 ita
1351 2234 1451 2287 Imp.
1469 2235 1550 2272 Ma-

179 2286 371 2326 ximiliani
413 2288 505 2327 libri
546 2289 726 2343 plerique
763 2291 815 2329 ad
846 2291 1099 2329 venationem
1142 2297 1181 2328 et
1213 2303 1299 2328 rem
1336 2288 1550 2328 militarem

179 2343 393 2392 pertinent.
450 2345 634 2385 Lambee.
660 2360 699 2398 p.
731 2344 816 2385 183.

128 2393 332 2449 Anonymi
356 2398 668 2438 additamentum
706 2400 757 2438 ad
785 2400 1032 2438 Constantin.
1065 2399 1116 2438 de
1147 2400 1319 2453 imagine
1349 2398 1551 2437 Edessena

185 2457 244 2489 est
265 2452 306 2490 in
329 2453 416 2494 cod.
452 2453 514 2505 14.
535 2455 712 2494 L.V111.
733 2455 921 2492 Lambec.

128 2504 299 2545 Romani
321 2514 360 2545 et
377 2508 624 2548 Constantini
641 2510 950 2548 Constitutiones
973 2507 1255 2549 ecclesiasticae
1278 2510 1321 2550 in
1339 2506 1439 2548 Bibl.
1457 2506 1550 2547 Am-

183 2559 380 2602 brosiana.
399 2575 440 2603 v.
463 2564 682 2604 Montsauc.
702 2564 804 2605 Bibl.
837 2565 1039 2602 Manuscr.
1061 2579 1104 2618 p.
1117 2563 1214 2604 623.
