1884 3112
352 134 427 176 ma
461 131 720 179 cmmon,
759 130 939 173 Autan
973 129 1198 178 amm,
1223 129 1257 171 1.
1275 129 1350 176 37.
1478 101 1585 181 189

145 237 407 294 ἀπέρχονται
431 237 478 279 ἐν
503 236 557 292 τῇ
592 233 787 292 ἐκκλησίᾳ
813 236 889 289 τῆς
914 231 1145 286 ὗπεραγίας
1173 227 1378 272 Θεοτόκου
1405 229 1479 284 τῆς
1505 245 1586 283 πη-

145 305 233 358 γῆς,
260 302 423 344 κάκεῖσε
440 299 701 342 α’λλάσσουσι
721 296 964 341 τιὸ-ἑαυτῶν
992 294 1116 339 λευκοὶ
1139 292 1373 351 διβητὴσια,
1400 296 1473 336 καί
1497 295 1584 336 εἰσ-

148 369 387 410 οδεύουσιν·
435 365 464 422 ἦ
491 367 539 408 δὲ
564 362 807 420 ὖποστροφὴ
844 369 1020 405 τελεῖται
1059 360 1200 411 καθώς
1235 362 1307 402 καί
1331 361 1385 416 τῇ
1411 360 1584 417 δευτέρᾳ

146 434 222 488 τῆς
248 430 589 486 διακαινησίμου.
645 430 807 483 ἰστέον,
856 426 920 470 ὅτι
947 429 998 485 τῇ
1025 423 1150 483 ἑορτῇ
1186 428 1258 482 τῆς
1285 426 1381 475 νέας
1405 423 1585 479 μεγάλης

119 499 364 554 ὕέκκλησίας
383 543 387 547 .
406 494 685 538 ἀλλάσσουσιν
728 493 766 536 οἱ
808 494 1003 537 δεσπόται
1042 491 1259 547 διβητὴσια
1286 492 1486 546 πορφυρᾶ
1513 489 1586 532 καί

144 561 220 612 τὰς
245 561 403 604 τούτων
425 558 659 615 χλαμύδας.
709 561 856 613 ἰστέον,
887 555 950 601 ὅτι
977 559 1030 615 τῇ
1056 555 1182 614 ἑορτῇ
1208 557 1282 611 τῆς
1308 557 1582 611 πεντηκοστῆς

144 625 423 670 ἀλλάσσουσιν
450 624 488 667 οἱ
517 625 718 667 δεσπόται
746 627 791 667 ἐν
811 626 871 682 τῷ
896 625 1057 666 κοιτῶνι
1084 625 1157 678 τῆς
1179 622 1339 678 δάφνης
1365 620 1491 662 λευκοὶ
1522 623 1581 662 δι·

141 690 323 747 βητήσια
349 693 421 734 καί
445 689 519 741 τὰς
546 689 707 732 τούτων
729 689 952 744 χλαμύδας
978 691 1051 731 καί
1076 691 1293 741 στέμματα
1322 685 1495 741 ῥούσια,
1534 687 1750 738 ἕνΜεΑει»

141 758 191 800 δὲ
227 759 281 815 τῇ
306 755 551 814 ὕποστροφῇ
593 759 811 810 στέμματα
845 755 988 798 λευκά.
1065 756 1178 811 (Β.)
1211 749 1387 806 Ἰστέον,
1431 749 1497 795 ὅτι
1524 754 1575 810 τῇ
1596 766 1625 801 c

91 821 267 881 ιοὲορτῇ
293 825 376 866 τῶν
403 822 533 878 ἁγίων
570 823 738 865 πάντων
775 820 1098 878 περιβάλλονται
1138 819 1178 862 οἱ
1216 818 1413 862 δεσπόται
1439 820 1582 875 χρυσᾶ

140 886 434 946 σκαραμάγγια
449 923 462 942 ,
491 885 560 932 οἷα
587 886 800 930 κελεύουσι
813 920 826 940 ,
854 888 927 928 καί
950 887 1171 940 στέμματα
1198 884 1377 938 ὁμοίως.
1433 885 1580 940 ἰστέον,

139 951 208 997 ὅτι
234 955 310 997 καί
332 954 360 1010 ἧ
386 951 509 1010 ἑορτή
536 956 620 996 τόν
647 951 774 1008 ἁγίων
801 949 1047 994 ἀποστόλων
1075 949 1230 1004 ὁμοίως
1251 955 1439 993 τελεῖται.
1466 952 1580 993 ἰστέ-

140 1035 210 1073 ον,
238 1016 303 1062 ὅτι
327 1021 380 1077 τῇ
404 1018 531 1077 ἑορτῇ
557 1020 632 1061 τοῦ
659 1018 781 1073 ἁγίου
814 1017 960 1060 Ἠλίου
1002 1015 1281 1060 ἀλλάσσουσιν
1309 1015 1348 1058 οἱ
1377 1014 1577 1058 δεσπόται

139 1082 360 1141 διβητῇσια
386 1086 588 1141 πορφυρᾶ
615 1086 687 1127 καί
713 1082 788 1133 τὰς
814 1082 973 1126 τούτων
996 1083 1245 1137 χλαμύδας.
1299 1082 1454 1135 ἰστέον,
1507 1079 1574 1124 ὅτι

85 1152 193 1208 ιότῇ
216 1148 341 1208 ἑορτῇ
366 1153 438 1206 τῆς
462 1150 825 1207 μεταμορφώσεως
849 1151 895 1192 ἐν
932 1152 989 1207 τῷ
1017 1151 1183 1192 κοιτῶνι
1207 1150 1281 1204 τῆς
1309 1147 1471 1205 δάφνης
1497 1149 1576 1192 ἆλ-

136 1215 363 1259 λάσσουσιν
389 1214 427 1258 οἱ
454 1215 650 1259 δεσπόται
677 1215 803 1258 λευκὰ
841 1214 1060 1272 διβητῆσια
1095 1216 1169 1257 καί
1194 1213 1267 1264 τὰς
1291 1214 1444 1257 τούτων
1466 1218 1575 1269 χλα-

133 1280 275 1335 μύδας
304 1280 378 1324 καί
401 1281 618 1336 στέμματα
644 1281 860 1336 Πράσινα,
887 1283 932 1323 ἐν
959 1284 1007 1325 δὲ
1031 1283 1085 1339 τῇ
1110 1280 1359 1337 ὑποστροφῇ
1385 1280 1573 1333 στέμμα-

134 1363 190 1388 τα
214 1346 356 1389 λευκά.
397 1349 544 1401 ἰστέον,
574 1344 638 1391 ὅτι
663 1350 718 1405 τῇ
743 1344 864 1407 ἑορτῇ
889 1350 962 1403 τῆς
989 1346 1216 1402 κοιμήσεως
1241 1348 1313 1401 τῆς
1343 1347 1573 1402 ύπεραγίας

138 1413 344 1456 Θεοτόκου
373 1411 648 1456 ἀλλάσσουσιν
676 1415 715 1456 οἱ
742 1413 934 1456 δεσπόται
961 1413 1044 1455 άπὸ
1082 1415 1160 1455 τοῦ
1194 1411 1399 1454 παλατίου
1436 1410 1488 1453 τὰ
1526 1411 1571 1454 ὀ-

81 1481 208 1531 ποξέα
234 1478 392 1521 τούτων
417 1478 724 1534 σκαραμάγγια,
752 1481 825 1522 καί
850 1481 1132 1535 εἰσερχόμενοι
1160 1480 1220 1528 εἰς
1258 1477 1330 1520 τὸν
1358 1476 1569 1533 δρόμωνα,

131 1539 388 1599 ἇπέρχονται
408 1547 452 1586 ἐν
471 1548 529 1602 τῷ
548 1548 633 1602 ναῷ
655 1549 727 1600 τῆς
753 1545 981 1602 ύπεραγίας
1002 1543 1205 1588 Θεοτόκου
1230 1545 1276 1586 ἐν
1300 1546 1565 1598 βλαχέρναις,
1578 1555 1611 1588 n

131 1611 178 1651 ἐν
203 1612 252 1651 δὲ
278 1613 336 1668 τῷ
360 1612 491 1652 ἐκεῖσε
519 1612 684 1653 κοιτῶνι
711 1611 993 1653 ἀλλάσσουσιν
1033 1608 1073 1651 οἱ
1102 1606 1298 1652 δεσπόται
1320 1606 1371 1650 τά
1399 1623 1567 1664 πορφυ-

132 1677 191 1730 ρᾶ
217 1675 437 1730 διβητήσια
466 1678 537 1717 καὶ
561 1675 638 1725 τας
663 1675 819 1718 τούτων
846 1677 1082 1730 χλαμύδας.
1122 1676 1273 1728 ἰστέον,
1302 1670 1364 1716 ὅτι
1390 1676 1442 1732 τῇ
1471 1669 1566 1728 ἑορ-

135 1740 190 1797 τῇ
214 1741 291 1782 τοῦ
315 1740 498 1794 γενεσίου
525 1744 597 1795 τῆς
638 1741 865 1796 ὖπεραγίας
894 1742 1101 1784 Θεοτόκου
1140 1742 1186 1783 ἐν
1210 1743 1268 1798 τῷ
1293 1742 1463 1781 κοιτῶνι
1489 1741 1566 1795 τῆς

79 1805 294 1862 αόδάφνης
321 1802 599 1850 ἀλλάσσουσιν
627 1807 667 1849 οἱ
695 1808 893 1850 δεσπόται
921 1807 1143 1864 διβητήσια
1168 1807 1369 1864 πορφυρᾶ
1388 1803 1463 1849 καὶ
1486 1803 1564 1857 τάς

223 1906 275 1952 14.
298 1899 346 1941 τᾶ
364 1906 476 1953 διβητ.
497 1907 553 1942 ed.
649 1910 699 1958 ιδ,
726 1906 922 1954 διβητῆσια
939 1920 1008 1942 om.
1027 1908 1086 1944 ed.
1184 1921 1233 1955 ¹7·
1259 1907 1301 1944 ἐν
1315 1907 1354 1943 τὲ
1373 1908 1418 1955 τῇ
1433 1907 1492 1947 cd.

124 2002 270 2032 sanctae
286 1998 465 2042 Deiparae
480 1998 637 2031 sontium
653 1998 779 2032 aedem
795 1998 944 2040 abeunt,
967 1998 1136 2045 albisque
1152 1998 1341 2032 dibetesii‘s
1361 1999 1436 2031 suis
1450 1996 1559 2032 indu-

125 2044 155 2078 ti
168 2069 179 2085 ‚
203 2055 282 2078 eam
290 2044 559 2089 ingrediuntur:
583 2050 694 2091 atque
707 2046 772 2087 ita,
788 2051 830 2079 ut
844 2047 883 2078 in
904 2046 1059 2079 secunda
1076 2045 1319 2079 renovationis
1332 2043 1558 2078 animadver-

125 2091 255 2133 timus,
289 2090 451 2124 redeunt.
498 2093 540 2125 In
567 2092 661 2126 festo
685 2104 799 2126 novae
819 2104 968 2137 magnae
986 2093 1156 2126 ecclesiae
1181 2091 1359 2126 ‹libetesia
1374 2103 1555 2137 purpurea

123 2147 279 2183 tuasque
307 2138 447 2171 tunicas
471 2138 647 2172 induunt:
682 2139 722 2172 in
737 2139 831 2173 festo
856 2145 1083 2184 pentecostes
1105 2151 1188 2173 vero
1223 2139 1263 2173 in
1288 2139 1454 2173 cubiculo
1490 2139 1557 2172 da-

122 2182 238 2228 phnes
266 2184 419 2217 candida
445 2196 525 2219 cum
554 2186 708 2228 tunicis,
737 2198 832 2232 quae
863 2186 910 2219 ad
934 2197 975 2220 ea
1005 2187 1208 2231 pertinent,
1233 2198 1381 2219 coronas
1405 2197 1553 2232 quoque

124 2229 250 2263 rubras
263 2257 274 2272 ,
297 2232 336 2263 in
353 2230 472 2264 reditu
496 2243 579 2265 vero
600 2231 702 2266 albas
733 2234 844 2278 capiti
868 2233 1071 2279 imponunt.
1120 2234 1198 2281 (11.)
1222 2235 1264 2267 In
1279 2233 1373 2266 sesto
1391 2234 1552 2266 omnium

122 2281 326 2311 sanctorum
347 2278 494 2311 Domini
517 2290 625 2312 aurea
654 2281 917 2325 scaramangia,
941 2291 1035 2326 quae
1062 2280 1212 2321 volunt,
1238 2285 1275 2313 et
1296 2280 1431 2325 pariter
1450 2291 1555 2312 coro-

122 2332 188 2354 nas
211 2329 370 2366 gestant:
403 2325 503 2370 quod
525 2326 564 2359 in
589 2332 793 2359 sanctorum
817 2338 964 2373 quoque
985 2327 1240 2372 Apostolorum
1275 2326 1368 2360 sesto
1396 2326 1552 2359 obtinet.

121 2368 166 2401 In
188 2367 248 2401 <lie
276 2371 310 2404 S.
338 2370 439 2404 Eliae
463 2383 561 2405 sacro
592 2372 769 2406 ‹libetesia
798 2385 978 2419 purpurea
1006 2379 1044 2407 et
1069 2376 1208 2407 tunicas
1237 2373 1398 2406 eiusdem
1421 2372 1551 2405 coloris

123 2419 274 2457 gestant.
325 2417 432 2450 Festo
463 2420 786 2463 transfigurationis
814 2421 854 2452 in
879 2420 1048 2454 cubiculo
1080 2420 1240 2466 daphnes
1264 2419 1347 2452 alba
1372 2419 1551 2452 ‹libetesia

125 2465 164 2492 et
181 2459 382 2505 chlamydes
400 2463 512 2506 albas,
536 2477 684 2499 coronas
701 2477 784 2499 vero
801 2467 982 2508 Prasinas,
1006 2473 1043 2501 et
1062 2468 1101 2500 in
1118 2468 1236 2500 reditu
1253 2467 1365 2506 albas,
1390 2470 1548 2498 sumunt.

122 2506 166 2539 In
185 2508 355 2540 memoria
375 2509 496 2543 obitus
516 2512 550 2546 S.
566 2513 743 2557 Deiparae
759 2513 799 2546 in
818 2514 954 2558 palatio
971 2515 1130 2547 violacea
1150 2513 1389 2556 scaramangia
1406 2523 1469 2544 sua
1490 2511 1550 2544 in-

123 2550 242 2585 duunt
254 2578 264 2593 ,
295 2559 332 2586 et
346 2565 536 2590 conscensa
557 2569 665 2600 nave,
682 2559 730 2592 ad
745 2559 872 2593 aedem
888 2561 922 2594 S.
940 2561 1118 2606 Deiparae
1131 2561 1170 2593 in
1188 2558 1392 2593 blachernis
1408 2557 1549 2591 vehun-

121 2601 205 2651 ‘3¹¹2
240 2599 280 2632 in
305 2606 352 2633 ‘ue
376 2601 563 2645 cubiculo,
594 2605 694 2650 quod
723 2605 777 2638 ibi
805 2607 990 2639 conditum
1010 2612 1085 2649 est,
1116 2616 1296 2652 purpurea
1314 2603 1492 2636 dibetesia
1510 2608 1549 2637 et

118 2644 257 2678 similes
321 2646 499 2693 lamydes5
521 2650 562 2683 in
582 2652 769 2686 nativitate
785 2653 819 2687 S.
838 2653 992 2697 Virginis
1011 2654 1190 2699 Deiparae
1213 2662 1297 2685 vero
1319 2651 1360 2683 in
1377 2649 1545 2683 cubiculo

116 2688 282 2740 daphnes
303 2692 479 2729 dibeteaia
504 2707 687 2744 purpurea
705 2710 747 2734 ac
762 2699 898 2734 similes
915 2698 1119 2746 chlamydes
1138 2698 1314 2734 induunt:
1342 2701 1380 2744 et
1404 2696 1445 2731 in
1458 2707 1546 2744 pro-
