1878 3112
260 114 370 190 760
510 131 869 176 coNsTAN‘uNJ
921 118 1421 177 PORPHYROGENITI'.

252 234 276 278 ὃ
301 233 504 289 βασιλεύς
531 233 632 283 τούς
658 230 812 277 ἑαυτοῦ
845 233 1021 284 οἰκείους
1048 237 1122 277 καί
1146 242 1356 291 συγγενεῖς
1385 235 1487 293 πρὸς
1513 234 1698 281 ἑστίασιν

253 305 535 356 συγκαλεῖται.
589 302 641 358 τῇ
670 301 717 342 δὲ
742 299 863 358 τρίτῃ
892 302 964 356 τῆς
990 300 1230 358 τυροφάγου
1259 302 1423 359 ἡμέρας
1449 308 1699 360 προσκαλεῖ-

251 383 324 409 ται
349 364 420 408 τὸν
445 367 624 420 βασιλέα
651 361 743 419 ἅμα
771 367 823 423 τῇ
849 368 948 422 περὶ
974 363 1100 409 αὖτόν
1130 367 1346 426 συγκλήτῳ
1376 367 1401 411 ὅ
1429 370 1699 425 οἷρχιεπίσκο-

252 448 330 481 πος
356 429 840 482 Κωνσταντινουπόλεως
869 434 915 475 ἐν
949 437 1005 491 τῷ
1046 434 1196 488 εὖαγεῖ
1224 431 1389 494 μεγάλῳ
1417 437 1699 493 πατριαρχίῳ,

252 500 328 540 καί
353 499 603 554 τελουμένης
639 500 712 554 τῆς
750 497 868 556 ἱερᾶς
895 501 1167 555 λειτουργίας,
1196 504 1442 557 προτίθεται
1471 499 1726 559 κληταῖριονό

252 565 297 607 ἒν
328 566 384 622 τῷ
411 561 577 622 μεγάλῳ
605 568 807 624 σεκραίτῳ
835 566 914 608 τοῦ
941 564 1231 623 πατριάρχου.
1286 570 1361 610 καί
1390 570 1462 611 δεῖ
1483 568 1598 624 ἡμᾶς
1625 571 1700 611 ευ’-
1739 570 1741 572 ’

251 631 461 686 τρεπίζειν
498 629 604 687 πρὸς
641 633 788 686 κλῆσιν
815 634 889 688 τῆς
917 630 1129 688 ’τοιαύτης
1155 635 1386 690 τραπέζης,
1431 638 1699 692 μαγίσι-ρους,

251 696 567 753 πραιποσίτους,
598 696 872 748 ἅνθυπάτους
899 702 1158 755 πατρικίους,
1188 698 1513 756 ὄφφικιαλίους,
1539 717 1700 758 πρωτο-

54 765 544 820 Ειῑλψίιᾴοσπαθαρίους,
583 766 1086 822 σπαθαροκανδιδάτους,
1126 766 1412 823 σπαθαρίους,
1449 767 1699 824 στράτορας,

249 830 522 880 κανδιδάτους
548 829 623 872 καὶ
651 827 863 888 ἄρχοντας
889 833 971 892 τῶν
998 830 1218 887 ταγμάτων
1257 832 1365 876 κατὰ
1393 831 1441 876 τὸ
1470 832 1601 877 ποσὸν
1626 836 1751 890 τῆςῐθ
1809 872 1820 879 ,

248 898 479 953 τραπέζης·
534 894 717 952 εἰσάγειν
748 899 795 940 δὲ
823 897 980 948 αὐτούς
1006 898 1080 942 καὶ
1107 900 1270 954 ἐξάγειν
1295 898 1399 953 μετὰ
1425 901 1509 942 τῶν
1537 901 1700 943 οἰκείων

249 964 574 1019 σκαραμαγγίων
602 962 677 1006 καί
697 961 840 1018 μόνον.
876 963 961 1007 α’πὸ
992 966 1038 1008 δὲ
1064 966 1138 1007 τοῦ
1165 964 1453 1023 κουφίσματος
1477 966 1557 1008 τοῦ
1584 963 1701 1023 πρώ-

248 1045 322 1072 του
355 1031 506 1082 μίνσου
543 1031 612 1071 δεῖ
633 1029 746 1085 ἡμᾶς
771 1030 953 1086 εἰσάγειν
980 1030 1055 1074 τὸν
1081 1030 1418 1088 πρωτονοτάριον
1443 1034 1520 1075 τοῦ
1546 1048 1699 1088 πατρι-

249 1095 388 1152 άρχου
416 1094 522 1149 μετά
553 1098 631 1138 τοῦ
660 1097 813 1139 οἰκείου
847 1099 981 1140 αὐτοῦ
1010 1098 1234 1153 ἀναλογίου
1263 1114 1307 1140 τε
1334 1100 1410 1140 καί
1430 1097 1599 1154 βιβλίου
1626 1098 1703 1142 καὶ

249 1161 372 1220 ἷστᾷν
401 1161 527 1205 αὐτὸν
555 1165 628 1205 ἐπὶ
652 1165 728 1219 τῆς
761 1162 983 1218 εὔωνύμου
1011 1167 1171 1214 θέσεως
1198 1166 1272 1220 τῆς
1300 1167 1520 1221 βασιλικῆς
1545 1164 1752 1222 sparte-¹5

249 1230 323 1283 ζης
349 1225 455 1284 πρὸς
494 1226 543 1270 τὸ
583 1225 880 1284 ὑπαναγνῶναι
908 1229 983 1272 τὸν
1009 1233 1106 1286 περὶ
1133 1232 1321 1286 νηστείας
1360 1229 1600 1286 ἁρμόζοντα
1627 1229 1701 1274 λό-

248 1309 334 1350 γον.
389 1292 493 1347 μετὰ
537 1295 585 1337 δὲ
621 1293 695 1350 τήν
721 1294 1023 1353 συμπλήρωσιν
1054 1295 1211 1346 παντὸς
1248 1298 1326 1339 τοῦ
1361 1294 1487 1352 λόγου
1524 1295 1599 1339 καί
1622 1295 1700 1353 τήν

248 1358 412 1402 εἴσοδον
437 1362 521 1403 τῶν
550 1363 788 1418 τυρεψιταῖν
818 1363 968 1416 ζωμῶν
996 1364 1065 1404 δεῖ
1088 1362 1378 1419 προσάγεσθαι
1405 1361 1505 1412 τούς
1531 1360 1701 1417 ’ψάλτας

206 1419 380 1482 Βῖἱμφω
410 1424 490 1469 σύν
515 1428 576 1485 τῷ
603 1428 741 1470 αὐτῶν
772 1429 1024 1486 δομεστίκῳ,
1061 1426 1134 1471 τὸν
1162 1426 1349 1485 ἀριθμὸν
1374 1427 1442 1482 ιβ’·
1499 1425 1724 1477 ὥσαύτως.

250 1491 325 1533 καὶ
363 1491 464 1542 τούς
502 1492 767 1548 ἀναγνώστας
807 1488 938 1550 ἄμφω
967 1493 1048 1537 σύν
1083 1495 1140 1552 τῷ
1182 1495 1322 1537 αὐτῶν
1350 1495 1596 1554 δομεστίκῳ,
1623 1492 1752 1539 mino

251 1556 436 1615 ἀριθμὸν
465 1558 643 1614 ὁμοίως,
669 1562 744 1603 καί
773 1559 893 1621 ἱστᾷν
922 1559 1080 1611 αὐτούς
1107 1563 1174 1618 ἐφ’
1203 1559 1378 1618 ἑκάτερα
1404 1563 1536 1618 μέρη,
1569 1562 1630 1610 εἰς
1654 1560 1701 1604 τὸ

250 1621 481 1684 προσᾴδειν
506 1625 620 1683 ἱερὸν
648 1623 766 1670 αἶνον
793 1625 900 1686 κατὰ
927 1626 1088 1671 τύπον.
1141 1633 1230 1677 τοῖς
1269 1629 1316 1671 δὲ
1343 1632 1506 1677 λοιποῖς
1543 1623 1702 1670 ἅπασιν

1587 1721 1593 1736 Ι

321 1755 380 1789 22,
395 1751 474 1787 τοῖς
498 1747 539 1784 δὲ
563 1749 725 1790 λοιποῖς.
770 1751 865 1787 Ante
883 1750 972 1786 haec
986 1751 1096 1787 verba
1106 1752 1274 1789 lacunam
1292 1761 1368 1786 esse
1384 1752 1586 1800 suspicatur
1598 1751 1639 1786 R.

258 1844 378 1890 epulis
403 1848 491 1879 tunc
515 1844 677 1881 adhibet.
728 1847 854 1881 Tertia
886 1853 1009 1882 autem
1037 1847 1230 1893 tyrophagi
1261 1858 1326 1882 seu
1360 1846 1550 1882 caseivorii
1576 1844 1703 1894 [septi-

255 1903 383 1926 manae
408 1903 428 1924 a
453 1893 673 1939 carniprivio
699 1895 909 1976 proximae]1
931 1894 991 1927 die
1018 1895 1150 1929 invitat
1173 1895 1380 1942 excipitque
1405 1894 1570 1929 convivio
1585 1895 1703 1940 Impe-

257 1945 414 1973 ratorem
441 1940 594 1986 eiusque
626 1946 792 1974 senatum
825 1953 884 1976 arc
913 1943 1119 1988 iepiscopus
1145 1942 1306 1976 CPtanus
1338 1942 1378 1975 in
1400 1940 1603 1976 venerabili
1625 1952 1703 1974 ma-

258 1998 327 2029 gno
351 1986 580 2030 patriarcheo
603 1988 661 2021 vel
686 1988 837 2022 aedibus
861 1989 1162 2034 patriarchalibus
1178 2014 1188 2030 ,
1225 1990 1404 2035 finitoque
1428 1993 1552 2024 sancto
1577 1987 1700 2022 officio

258 2031 466 2066 celebratur
492 2034 697 2068 convivium
734 2035 773 2069 in
797 2047 926 2080 magno
953 2042 1091 2070 secreto
1114 2036 1345 2080 patriarchei.
1391 2035 1448 2070 Ad
1497 2034 1570 2068 uod
1593 2034 1700 2071 nobis

258 2079 441 2113 invitandi
467 2086 552 2113 sunt
569 2082 750 2125 magistri,
775 2084 995 2127 praepositi,
1018 2084 1269 2128 proconsuleS,
1292 2087 1480 2128 protospat
1507 2082 1595 2123 arii,
1618 2092 1702 2127 spa-

259 2123 564 2168 tharocandidati,
589 2127 776 2173 spatharii,
802 2135 989 2170 stratores,
1013 2129 1198 2163 candidati
1222 2135 1259 2163 et
1281 2128 1456 2173 praefecti
1483 2134 1703 2172 tagmatum,

261 2178 353 2218 quot
377 2184 500 2206 mensa
526 2176 633 2219 capit.
681 2175 966 2209 Introducuntur
992 2181 1029 2208 et
1058 2175 1261 2210 educuntur
1291 2186 1371 2208 curn
1397 2175 1472 2208 suis
1496 2185 1702 2209 scaraman-

261 2218 329 2263 giis
354 2224 507 2254 tantum.
556 2222 638 2259 Post
661 2221 823 2256 ablatum
845 2224 1001 2266 primum
1026 2222 1200 2255 ferculum
1227 2222 1470 2256 introducitur
1486 2227 1703 2266 protonota-

261 2265 336 2299 rius
361 2267 586 2310 patriarchae
611 2279 690 2301 cum
714 2279 779 2302 suo
803 2268 970 2313 analogio
1001 2279 1064 2303 seu
1089 2269 1247 2314 pulpito,
1262 2280 1306 2303 ex
1321 2279 1394 2314 quo
1419 2268 1563 2315 aliquid
1577 2269 1700 2315 legens

261 2313 392 2347 recitat
415 2317 452 2346 et
479 2325 559 2348 cum
585 2314 700 2355 libro,
726 2326 835 2360 quem
858 2320 975 2357 tenet;
1001 2316 1271 2361 collocaturque
1291 2316 1338 2348 ad
1355 2317 1538 2353 sinistram
1561 2321 1702 2361 partem

259 2370 406 2394 mensae
421 2385 430 2402 ,
453 2361 512 2394 cui
536 2362 735 2407 Imperator
759 2362 903 2396 assidet.
950 2363 1037 2396 Eius
1063 2369 1118 2397 est
1141 2373 1343 2396 sermonem
1366 2363 1524 2408 tempori
1550 2374 1703 2408 congru—-

259 2417 347 2447 um,
371 2406 415 2440 de
440 2407 580 2443 ieiunio
605 2409 760 2449 scilicet,
786 2409 1004 2454 praelegere.
1053 2410 1176 2445 Finita
1201 2411 1415 2444 recitatione
1435 2410 1547 2444 totius
1563 2419 1705 2443 sermo·-

260 2454 318 2490 nis
343 2458 380 2487 et
412 2459 497 2498 post
526 2454 719 2492 introitum
753 2455 975 2490 iusculorum
1009 2468 1028 2490 e
1065 2467 1168 2491 caseo
1202 2462 1385 2491 coctorum
1419 2456 1704 2490 introducuntur

260 2500 369 2532 ambo
396 2502 536 2546 psaltae
564 2501 625 2549 [id
650 2507 705 2536 est
726 2509 889 2537 cantores
921 2507 993 2536 tam
1022 2515 1066 2537 ex
1090 2504 1228 2549 templo
1253 2505 1287 2537 S.
1313 2503 1490 2549 Sophiae,
1524 2514 1634 2549 quam
1658 2514 1705 2540 ex

259 2548 399 2591 templo
426 2548 486 2581 SS.
507 2548 786 2596 Apostolorum]
824 2561 902 2583 cum
931 2561 996 2582 suo
1021 2550 1239 2592 domestico,
1277 2550 1325 2583 ad
1346 2547 1537 2584 numerum
1561 2548 1704 2584 duode-

263 2595 344 2627 cim.
394 2595 530 2629 Pariter
555 2597 664 2629 etiam
696 2597 886 2642 utriusque
922 2597 1050 2642 templi
1083 2603 1300 2642 anagnostae
1345 2598 1404 2632 vel
1427 2598 1580 2631 lectores
1620 2607 1703 2630 cum

262 2651 328 2674 suo
352 2639 552 2675 domestico
579 2642 858 2677 introducuntur
892 2644 1065 2686 totidcm;
1103 2651 1140 2679 et
1171 2645 1395 2678 collocantur
1428 2643 1475 2678 ad
1511 2649 1702 2688 utramque

263 2698 409 2721 mensae
432 2693 582 2733 partem.
631 2690 763 2723 Eorum
789 2696 843 2724 est
867 2701 1004 2724 sacrum
1030 2691 1200 2735 hymnum
1226 2703 1269 2725 ex
1292 2693 1364 2726 ritu
1381 2696 1552 2726 consueto
1569 2690 1702 2724 decan-

263 2738 342 2771 tare
365 2735 380 2751 *
404 2737 419 2752 *
443 2736 459 2752 *
482 2736 509 2770 ’ἃ
550 2735 722 2787 ’Reliquis
745 2743 865 2775 autem
890 2737 1058 2772 omnibus
1090 2743 1231 2780 tantum
1254 2739 1399 2787 singuli,
1448 2737 1596 2785 Quinta>
1611 2735 1701 2775 feria
