1884 3112
307 121 420 181 258
578 140 942 186 coNsTAN‘rm
981 141 1466 187 Pommocnm'n

304 241 576 304 πραιπόσιτος
600 241 719 287 ἔνδον
752 245 836 286 τῶν
873 244 1015 298 μέσων
1048 246 1216 299 πυλῶν,
1255 248 1331 288 καί
1361 246 1500 288 πίπτει
1524 245 1628 302 πρὸς
1661 247 1760 299 τούς

302 305 438 359 πόδας
462 304 567 365 αὗτῆ
593 307 667 350 καί
684 307 840 362 μόνον,
882 310 957 352 καὶ
981 307 1218 366 α’ναστᾰσης
1243 307 1395 367 αὐτῆς,
1441 307 1650 368 ἀποφέρει
1674 313 1756 354 αὕ-

302 373 380 431 τὴν
398 373 502 431 πρὸς
525 373 623 424 τούς
650 372 876 429 δεσπότας,
908 373 983 418 καὶ
1009 377 1149 419 πίπτει
1180 375 1287 434 πρός
1311 376 1411 427 τούς
1435 374 1572 428 πόδας
1599 377 1755 431 αὐτῶν,

303 442 378 484 καί
405 437 621 482 ἀναστᾶσα
645 437 777 482 ἆπλοῖ
796 439 872 492 τὰς
908 447 1057 498 χεῖρας
1086 443 1160 484 καί
1185 440 1392 498 λαμβάνει
1418 441 1534 500 παρὰ
1568 444 1652 485 τῶν
1688 445 1759 485 δε-

302 507 464 549 σποτῶν
476 504 522 548 τὸ
549 507 810 560 δελματίκιον
839 507 913 550 καὶ
932 506 977 550 τό
997 506 1211 565 θωράκιον
1238 511 1312 552 καί
1336 509 1552 567 μαφόριον
1580 503 1782 566 ἆσπρον,5

109 580 290 615 Ed.L.151
302 570 377 614 καὶ
403 575 523 629 φιλεῖ
542 571 618 622 τὰς
639 579 789 630 χεῖρας
805 575 887 616 τῶν
915 575 1135 616 δεσποτῶν.
1191 572 1265 617 καὶ
1294 570 1501 633 ἀποφέρει
1533 573 1669 631 adripe
1695 577 1756 627 εἷς

302 637 371 682 τὸν
394 638 578 695 φύλακα,
615 636 716 682 ὅθεν
746 641 922 696 ἐξῆλθε,
960 643 1034 683 καί
1059 640 1199 683 ἕνδύει
1232 639 1368 696 αῧτῆν
1395 640 1443 684 τὸ
1471 640 1751 695 δελματύιιον,

305 705 379 747 καί
402 709 530 761 φορεῖ
547 705 593 746 τὸ
622 704 836 762 μαφόριον
862 705 909 748 τὸ
943 701 1128 763 ἆσπρον,
1164 705 1239 748 καί
1265 704 1391 750 πάλιν
1423 705 1584 762 εἰσάγει
1615 703 1757 763 αὕτὴν

304 771 366 821 εἷς
391 769 464 812 τὸν
488 767 627 827 φόρον
673 773 733 821 εἷς
755 771 828 828 τὴν
857 773 1102 828 ἐκκλησίαν,
1152 770 1256 814 ἔνθα
1281 773 1473 816 ἵστανται
1497 771 1538 816 οἱ
1559 771 1758 815 δεσπόται

108 834 727 893 Με.ιιι.1>και“οἱσυγκλητικοί.
783 834 867 880 εἶθ’
891 835 1028 888 οὕτως
1054 842 1176 895 φιλεῖ
1201 836 1301 888 τούς
1333 839 1470 889 πόδας
1497 840 1580 882 τῶν
1608 840 1813 881 &sano-¹0

304 905 413 955 τῶν,
446 903 520 944 καί
551 903 763 959 ἐξέρχεται
789 902 1188 961 ἆπευχαριστοῦσα,
1228 905 1303 947 καί
1340 904 1572 961 ἀπέρχεται
1610 894 1672 954 εἷς
1706 902 1758 946 τὰ

304 967 502 1022 πάνθεον,
527 970 602 1011 καί
617 968 720 1023 μετὰ
741 968 891 1027 μικρὸν
919 969 1124 1025 λαμβάνει
1148 972 1282 1024 νεῦμα
1310 969 1335 1012 ὅ
1357 968 1645 1028 πραιπόσιτος,
1685 971 1761 1011 καί

303 1037 418 1090 λέγει
443 1032 740 1089 ,,κελεύσατε.”
795 1038 870 1078 καί
902 1038 1119 1093 ἐξέρχεται
1146 1036 1173 1093 ἦ
1202 1036 1432 1094 σύγκλητος
1473 1034 1556 1081 ἀπὸ
1583 1039 1659 1092 τῆς
1686 1036 1756 1078 ἔκ-

304 1101 504 1158 κλησίας,
545 1103 619 1144 ’καί
645 1102 899 1158 ἀπέρχονται
925 1105 968 1146 ἐν
995 1105 1053 1162 τῷ
1079 1106 1319 1159 τριπέτωνι,
1365 1105 1440 1146 καί
1467 1102 1490 1145 ὅ
1519 1105 1597 1159 τῆς
1624 1119 1757 1145 κατα-

302 1166 492 1217 στάσεως
518 1164 754 1224 εὕτρεπίζει
779 1168 831 1211 τὰ
859 1172 968 1226 βῆλα
1009 1166 1093 1211 ἇπό
1131 1185 1178 1212 τε
1205 1172 1288 1212 τῶν
1314 1168 1547 1226 πατρικίων
1574 1168 1648 1210 καί
1672 1162 1810 1211 τῶνῐ5

306 1236 464 1277 λοιπῶν
489 1236 771 1290 συγκλητικῶν
799 1235 858 1284 εἷς
886 1234 956 1277 τὸν
984 1233 1110 1277 αὐτὸν
1138 1238 1392 1292 τριπέτωνα,
1428 1234 1503 1276 καὶ
1528 1230 1595 1276 ὅτε
1624 1234 1756 1276 ἀπέλ-

262 1304 364 1360 Βθῃ
393 1301 419 1357 ἧ
450 1298 586 1357 ζωστὴ
615 1303 813 1357 πατρικία
841 1302 900 1351 εἷς
927 1299 973 1344 τὺ
1000 1302 1207 1356 navemn,
1245 1299 1439 1343 ἐνδύεται
1465 1299 1513 1342 τὸ
1539 1297 1755 1356 θωράκιον

304 1365 444 1410 ἐπάνω
471 1369 548 1410 τοῦ
576 1367 853 1421 δελματικοῦ,
895 1368 971 1409 καί
995 1374 1126 1424 φορεῖ
1145 1366 1220 1409 καί
1254 1369 1388 1423 λῶρον
1416 1365 1491 1408 καὶ
1515 1364 1562 1408 τὸ
1591 1365 1754 1421 προπό-

302 1437 443 1487 ·λωμα.
500 1434 591 1490 (Β.)
622 1434 716 1475 Καὶ
738 1430 821 1476 εἶθ’
846 1430 982 1483 οὕτως
1010 1435 1215 1490 φοροῦσιν
1243 1431 1282 1475 οἱ
1310 1430 1510 1474 δεσπόται
1534 1430 1586 1474 τὰ
1616 1435 1745 1484 στέμ-

305 1517 441 1555 ματα,
474 1501 548 1542 καί
574 1501 825 1552 καθέζονται
851 1502 896 1542 ἐν
922 1503 981 1559 τῷ
1006 1500 1174 1558 σε’ντζῳ,
1201 1498 1276 1542 καὶ
1299 1497 1471 1542 νεύουσι
1497 1499 1553 1556 τῷ
1574 1506 1809 1554 stomun-20

309 1570 411 1625 σίτῳ
439 1568 512 1608 καί
538 1567 753 1620 ἐξέρχεται
779 1565 886 1620 μετὰ
914 1565 1138 1622 ὄστιαρίων
1165 1564 1239 1608 καί
1255 1564 1446 1621 βεργιῒον,
1473 1566 1548 1607 καί
1570 1579 1759 1621 προσκα-

312 1636 450 1675 λεῖται
477 1634 604 1688 βῆ).ον
631 1632 684 1686 α’,
709 1631 991 1689 μαγίστρους·
1030 1634 1157 1687 βῆλον
1182 1630 1234 1686 β’,
1262 1631 1528 1687 πατρικίους·
1553 1632 1680 1686 βῆλον
1706 1628 1756 1685 γ’,

308 1697 630 1755 συγκλητικούς,
657 1698 870 1752 ὑπάτους,
899 1695 1100 1755 κόμητας,
1140 1695 1439 1750 κανδιδάτους,
1470 1697 1753 1750 δομεστίκους,

311 1763 396 1806 ἀπὸ
425 1764 621 1823 ἐπάρχων
646 1763 722 1807 καί
745 1762 1050 1821 στρατηλάτας·
1080 1766 1418 1820 συνεισέρχονται
1448 1763 1495 1805 δὲ
1521 1762 1597 1804 καί
1622 1755 1662 1803 οἱ
1688 1777 1756 1804 σι-

309 1942 394 1965 vero
419 1933 593 1974 surrexit,
617 1943 734 1966 coram
758 1930 924 1965 Dominis
951 1940 1030 1964 eam
1053 1930 1261 1973 constituit,
1286 1931 1333 1964 ad
1357 1941 1512 1978 quorum
1535 1930 1647 1975 pedes
1669 1938 1755 1974 pro-

309 1979 468 2021 cumbit,
495 1985 531 2012 ct
553 1985 744 2025 postquam
761 1978 928 2018 surrexit,
951 1989 1078 2011 manus
1104 1979 1281 2022 explicat,
1306 1989 1399 2024 aque
1423 1977 1590 2011 Dominis
1614 1976 1754 2008 dalma-

308 2027 439 2066 ticam,
466 2025 648 2058 thoracem
674 2031 711 2058 et
733 2025 925 2058 maforium
949 2025 1073 2056 album
1098 2025 1250 2069 accipit,
1285 2031 1322 2057 et
1346 2035 1474 2058 manus
1499 2033 1623 2056 eorum
1649 2033 1754 2055 oscu-

308 2071 416 2106 latur.
467 2073 571 2105 Tunc
596 2083 674 2105 eam
698 2073 924 2117 praepositus
950 2071 996 2103 ad
1021 2071 1233 2111 custodiam,
1257 2070 1355 2103 unde
1381 2081 1520 2116 egressa
1544 2074 1619 2111 est,
1644 2069 1754 2102 redu-

308 2119 360 2151 cit
384 2119 530 2164 ipsique
557 2119 784 2152 dalmaticam
811 2117 943 2156 induit,
967 2117 1160 2150 maforium
1179 2117 1302 2149 album
1327 2117 1500 2162 gestanti3
1526 2116 1658 2149 iterum
1673 2127 1754 2149 eam

309 2165 350 2198 in
375 2166 563 2198 ecclesiam
587 2166 705 2211 phari,
730 2166 794 2200 uhi
818 2163 967 2198 Domini
990 2169 1027 2196 et
1044 2169 1227 2197 senatores
1253 2169 1361 2204 stant,
1411 2163 1561 2196 erducit.
1610 2163 1753 2197 Deinde

307 2212 421 2258 pedes
447 2213 686 2247 Dominorum
713 2212 875 2246 osculata
899 2217 936 2244 ct
959 2211 1083 2255 gratiis
1109 2211 1218 2252 actis,
1243 2212 1320 2244 exit
1343 2221 1363 2242 a
1413 2210 1635 2256 pantheum,
1669 2208 1755 2243 bre-

308 2260 420 2304 vique
446 2260 636 2293 interiecto
662 2264 846 2304 tempore,
869 2257 1117 2303 praepositus,
1140 2261 1285 2302 accepto
1311 2257 1414 2303 signo
1442 2257 1488 2290 ab
1513 2258 1756 2302 Imperatore,

310 2305 418 2340 dicit:
443 2306 579 2343 Iubeze.
629 2306 783 2340 Senatus
808 2316 853 2338 ex
877 2304 1026 2338 ecclesia
1051 2304 1098 2337 ad
1118 2305 1340 2350 'tr'ip‘etdnem
1361 2304 1453 2347 abit,
1479 2307 1521 2337 et
1541 2304 1758 2338 cerimonia-

307 2363 390 2387 rum
414 2354 585 2400 magister
606 2353 688 2387 vela
713 2363 733 2385 e
795 2351 932 2386 atriciis
965 2356 1002 2384 et
1026 2351 1154 2385 ceteris
1185 2351 1413 2385 senatoribus
1438 2350 1486 2384 ad
1509 2350 1665 2384 eundem
1689 2350 1757 2383 tri-

304 2405 481 2446 petonem
511 2399 666 2434 ordinat.
724 2400 753 2434 A
811 2399 1009 2443 pantheum
1035 2409 1120 2433 vero
1153 2409 1234 2432 cum
1269 2398 1420 2432 accessit
1451 2403 1550 2432 zoste
1583 2397 1758 2442 patricia,

306 2447 492 2482 thoracem
516 2458 624 2492 super
649 2445 878 2479 dalmaticam
903 2445 1044 2488 induit,
1078 2446 1195 2478 lorum
1221 2448 1368 2492 quoque
1393 2450 1430 2478 e't
1451 2446 1664 2491 piopoloma
1689 2453 1753 2488 ge-

307 2498 389 2528 stat,
439 2494 530 2542 (11.)
547 2495 656 2528 Porro
674 2492 843 2534 Domini,
866 2492 1006 2527 coronis
1032 2492 1163 2533 ornati,
1189 2492 1227 2524 in
1252 2491 1384 2526 throno
1410 2492 1583 2525 sedentet
1607 2491 1753 2535 signum

304 2541 515 2588 praeposito
545 2540 651 2582 dant,
677 2540 742 2586 qui
767 2550 847 2573 cum
884 2539 1041 2574 ostiariis
1071 2539 1187 2584 virgas
1221 2539 1445 2584 gestantibus
1479 2549 1662 2584 egi-essm,
1686 2546 1751 2570 ve-

304 2588 383 2621 lum
406 2589 582 2634 primum,
606 2587 793 2632 magistros
807 2611 818 2628 ‚
839 2587 961 2620 velum
985 2585 1180 2619 secundum
1195 2612 1204 2628 ‚
1246 2587 1416 2631 patricios
1430 2613 1440 2628 ,
1464 2586 1612 2618 tertium
1630 2610 1639 2624 ,
1664 2586 1749 2627 s'yn-

305 2635 472 2678 cleticos,
508 2635 697 2675 consules,
733 2635 906 2676 comites,
949 2633 1179 2674 candidatos,
1212 2634 1448 2675 domesticos,
1483 2629 1750 2678 expraefectus,

307 2679 476 2716 ductores
503 2683 680 2717 exercitus
707 2680 883 2722 advocat,
907 2691 1054 2726 unaque
1088 2680 1282 2714 silentiarii
1306 2685 1390 2726 post
1413 2684 1579 2713 senatum
1603 2677 1691 2711 hinc
1713 2678 1751 2708 e't

306 2727 393 2764 inde
418 2729 683 2776 ingrediuntur.
733 2727 890 2775 Quando
927 2727 1007 2766 vela
1033 2728 1211 2775 completa
1248 2732 1439 2775 totumque
1462 2730 1640 2762 secretum
1664 2731 1751 2757 con·
