1832 3112
296 122 368 196 76
538 139 898 186 CONSTANTINJ
936 141 1423 188 PORPHYROGENI'H

293 242 367 283 καί
393 239 534 296 λαβών
569 243 710 299 ἕτερον
738 242 881 303 κηρίον
908 240 1034 298 ’παρά
1064 244 1143 285 τοῦ
1178 245 1485 302 πραιποσίτου,
1531 247 1746 305 διέρχεται

292 305 369 362 τήν
393 309 525 363 μέσην
551 310 681 363 μέχρι
708 309 794 350 τῶν
822 306 952 362 ἁγίων
981 308 1235 365 ἀποστόλων,
1264 312 1338 354 καί
1363 311 1568 356 εἰσελθών
1595 315 1657 364 εἰς
1671 312 1747 357 τὸν

119 372 502 429 ἈΙς.47.1>νάρθηκα,
533 375 758 424 καθέζεται
785 375 859 416 ἐπὶ
890 373 1056 417 σελλίου
1086 378 1333 434 προσμένων
1359 376 1435 421 τὸν
1465 380 1748 436 πατριάρχην.

297 437 372 480 καί
405 440 483 480 τοῦ
519 437 786 495 πατριάρχου
829 440 1135 495 καταλαβόντος
1171 441 1277 496 μετὰ
1311 445 1382 500 τῆς
1415 447 1554 500 λιτῆς,
1599 444 1639 487 οἶ
1665 446 1746 499 μὲν

110 510 282 556 Ed.L.46
294 503 423 547 κοινοὶ
447 507 634 562 κληρικοί
672 504 745 547 καὶ
766 503 809 547 οἱ
835 509 1038 549 πολιτικοὶ
1065 509 1330 564 εἰσέρχονται
1358 511 1419 560 εἰς
1444 510 1518 554 τὸν
1546 510 1649 553 ναὸν
1674 507 1774 558 διὰ5

293 573 367 626 τῆς
384 571 557 626 πλησίον
585 566 714 628 οὔσης
735 573 821 615 τῶν
845 575 1078 627 βασιλικῶν
1100 575 1245 617 πυλῶν
1274 577 1411 628 δεξιᾶς
1437 577 1585 632 πύλης,
1612 575 1668 619 τὰ
1699 577 1747 620 δὲ

295 634 462 693 ὀρφανά
483 637 743 693 εἰσέρχονται
763 636 835 680 διὰ
853 640 929 694 τῆς
948 639 1082 695 μέσης
1105 637 1256 696 πύλης·
1284 639 1491 693 ὡσαύτως
1510 641 1586 685 καί
1604 641 1645 685 οἱ
1664 660 1749 699 μη·-

293 706 538 758 τροπολῑται
574 704 646 745 καί
669 701 709 745 οἱ
733 705 953 747 ε’πίσκοποι
988 703 1272 763 εἰσερχόμενοι
1309 704 1382 749 διὰ
1407 709 1492 752 τῶν
1519 710 1751 764 βασιλικῶν

293 770 451 822 πυλῶν,
476 770 757 825 προσκυνοῦσι
772 772 830 828 τῷ
853 774 1031 825 βασιλεῖ’,
1045 770 1105 827 μή
1117 773 1333 824 πίπτοντες
1349 773 1472 817 κάτω.
1496 773 1749 831 πλησιάζον-

292 849 362 883 τος
381 835 427 876 δὲ
443 836 518 876 τοῦ
541 834 821 892 πατριάρχου,
835 836 1057 879 ἀνίσταται
1073 836 1096 878 ὅ
1109 836 1320 894 βασιλεὺς,
1339 840 1414 882 καί
1429 839 1802 898 προσκυνήσων-ιο

292 916 362 950 τες
387 899 622 958 ἀμφότεροι
654 898 861 957 ἀλλήλους
893 901 969 945 καί
988 903 1304 959 ἀσπασάμενοι,
1338 905 1598 964 ἀπέρχονται
1614 909 1747 964 μέχρι

291 967 374 1009 τῶν
395 967 623 1021 βασιλικῶν
637 969 794 1023 πυλῶν,
813 968 889 1011 καί
909 967 931 1011 ὃ
949 971 1031 1023 μὲν
1044 968 1307 1026 πατριάρχης
1324 965 1503 1027 ἄρχεται
1519 976 1654 1015 τελεῖν
1667 971 1748 1030 τήν

292 1028 425 1088 εὖχήν
451 1033 524 1088 τῆς
543 1031 706 1075 εἰσόδου
727 1035 805 1090 τῆς
829 1035 951 1085 θείας
973 1036 1249 1092 λειτουργίας.
1277 1034 1299 1078 ὃ
1327 1037 1374 1079 δὲ
1400 1036 1600 1091 βασιλεὺς
1627 1034 1748 1093 ἅψας

294 1097 451 1155 κηρούς
479 1098 552 1140 καί
577 1095 802 1153 εὐξάμενος
830 1100 1076 1143 ἐπιδίδωσιν
1105 1099 1261 1152 αὖτοὺς
1287 1103 1346 1161 τῷ
1373 1107 1646 1163 πραιποσίτῳ,
1674 1103 1750 1147 καί

258 1164 419 1215 Βαῦτός
444 1167 504 1224 τῷ
531 1167 608 1221 τῆς
635 1166 954 1222 καταστάσεως,
992 1169 1068 1210 καί
1090 1169 1167 1210 τοῦ
1196 1167 1467 1226 πατριάρχου
1499 1171 1801 1221 τελέσαντοςι5

291 1230 366 1287 τὴν
394 1227 538 1287 εὖχήν,
565 1238 794 1289 προσκυνεῖ
815 1231 839 1274 ὅ
863 1232 1065 1288 βασιλευς
1091 1232 1140 1277 τὸ
1169 1228 1382 1291 ἄχραντον
1405 1235 1648 1291 εὐαγγέλιον
1675 1237 1750 1279 καὶ

291 1296 363 1340 τὸν
389 1298 528 1352 τιμιον
556 1297 764 1356 σταυρὸν,
809 1299 883 1342 καὶ
908 1301 1121 1358 διέρχεται
1156 1302 1289 1355 μέσον
1320 1302 1399 1345 τοῦ
1437 1303 1546 1344 ναοῦ
1573 1299 1645 1344 διὰ
1671 1303 1746 1358 τῆς

292 1364 472 1419 πλαγίας
498 1365 577 1407 τοῦ
604 1360 824 1421 ὅμβωνος,
870 1363 1041 1422 ἔρχεται
1080 1369 1140 1416 εἰς
1175 1366 1250 1423 την
1288 1370 1475 1422 σωλέαν,
1521 1369 1594 1411 καί
1619 1364 1641 1410 ὃ
1664 1368 1746 1422 μὲν

295 1428 557 1487 πατριάρχης
595 1432 829 1488 εἰσέρχεται
866 1434 927 1482 εἰς
965 1431 1011 1474 τὸ
1038 1435 1386 1490 θυσιαστήριον..
1422 1433 1445 1477 ὃ
1473 1435 1521 1476 δὲ
1546 1432 1747 1489 βασιλεὺς

291 1496 522 1551 εὐξάμενος
560 1495 618 1547 ὦς
657 1497 842 1542 εἴθισται
877 1499 992 1558 αὔτῷ
1019 1498 1258 1556 ἔμπροσθεν
1296 1500 1378 1542 τῶν
1413 1497 1542 1555 ἇγίων
1582 1501 1799 1556 θυρῶνμο

293 1563 529 1620 εἰσέρχεται
556 1564 616 1614 εἰς
655 1563 703 1606 τὸ
729 1564 1060 1621 θυσιαστήριον,
1107 1565 1181 1607 καί
1189 1563 1498 1622 ,προσκυνήσας
1523 1563 1598 1621 τήν
1625 1564 1747 1620 ἁγίαν

291 1629 514 1686 τράπεζαν,
546 1629 619 1672 καί
643 1629 786 1686 λαβὼν
814 1629 933 1689 παρὰ
960 1633 1037 1675 τοῦ
1063 1631 1343 1689 πραιποσίτου
1374 1629 1654 1686 άποκὸμβιον,
1680 1630 1746 1672 τί-

291 1698 420 1751 θησιν
450 1694 552 1740 αὐτὸ
585 1697 630 1739 ἐν
657 1700 708 1756 τῇ
737 1697 835 1758 ἁγίᾳ
861 1700 1088 1756 τραπέζῃ.Ι
1129 1701 1217 1755 (Ε.)
1248 1695 1487 1752 Εὕξάμενος
1515 1699 1562 1740 δὲ
1588 1698 1649 1748 εἰς
1673 1696 1746 1740 τὸν

296 1762 433 1821 τάφον
469 1766 546 1807 τοῦ
584 1780 627 1808 τε
657 1763 810 1822 πατρὸς
836 1762 955 1821 ἡμῶν
994 1762 1302 1822 Χρυσοπόμου
1342 1764 1513 1808 καὶτοῦ
1539 1760 1744 1818 θεολόγου

398 1860 451 1905 14.
476 1852 638 1907 κηροῦς,
663 1858 737 1900 εὔξ.
764 1858 819 1894 ed.
916 1871 970 1896 22.
1000 1860 1090 1907 παρ’
1113 1859 1232 1895 αὕτοῦ
1265 1869 1329 1908 πρ.
1356 1858 1411 1895 ed.

298 1953 443 1998 alioque
479 1964 499 1986 a
530 1952 735 1997 praeposito
764 1956 933 1996 accepto,
974 1963 1040 1997 per
1075 1950 1230 1985 mediam
1251 1951 1298 1986 ad
1321 1950 1356 1986 S.
1378 1949 1413 1984 S.
1436 1948 1629 1995 Apostolos
1653 1948 1745 1990 abit,

299 2003 337 2032 et
357 1998 564 2032 nartheeem
585 2000 776 2044 ingressus,
801 1999 841 2031 in
859 1999 949 2031 sella
973 1996 1162 2039 adsidens,
1186 1997 1427 2043 patriarcham
1445 2001 1641 2042 exspectat.
1668 1996 1743 2042 Qui

298 2051 489 2091 postquam
512 2056 593 2077 cum
616 2046 846 2090 processione
869 2044 1037 2085 advenit,
1064 2045 1187 2078 clerici
1214 2055 1420 2078 communes
1443 2049 1481 2078 et
1508 2043 1653 2089 politici
1677 2054 1744 2088 per

300 2092 464 2125 dextram
484 2097 644 2137 portam,
673 2092 915 2137 Imperatoriis
930 2092 1128 2136 proximam
1143 2116 1153 2132 ,
1184 2091 1337 2136 orphani
1362 2102 1428 2136 per
1449 2090 1605 2124 mediam
1618 2115 1628 2132 ,
1649 2095 1745 2124 tem-

300 2139 402 2183 plum
433 2137 708 2184 ingrediuntur:
754 2139 806 2172 sic
843 2140 953 2171 etiam
990 2138 1242 2183 metropolitae
1274 2143 1312 2172 et
1343 2137 1504 2183 episcopi
1528 2149 1594 2185 per
1619 2141 1742 2182 portae

301 2186 553 2230 Imperatorias
577 2185 748 2231 ingressi,
771 2187 1026 2229 Imperatorem
1043 2210 1052 2226 ‚
1077 2197 1150 2218 non
1169 2197 1284 2230 prono
1301 2191 1421 2218 tamen
1450 2185 1491 2218 in
1509 2189 1642 2218 terram
1663 2195 1744 2217 cor-

301 2243 408 2278 pore,
430 2231 590 2265 adorant.
639 2233 963 2278 Appropinquante
990 2231 1216 2276 patriarcha,
1250 2234 1451 2278 Imperator
1473 2230 1607 2275 surgit,
1637 2235 1743 2275 post·-

305 2290 376 2324 que
409 2284 570 2312 mutuam
599 2278 845 2312 adorationem
879 2284 917 2312 et
947 2279 1225 2320 salutationem,
1262 2278 1308 2312 ad
1341 2283 1463 2324 portas
1487 2277 1744 2322 Imperatoriae

306 2326 467 2367 abeunt,
491 2326 556 2359 ubi
573 2325 776 2370 patriarcha
800 2337 925 2371 preces
951 2326 1121 2359 introitus
1153 2326 1270 2359 divini
1296 2325 1403 2359 officii
1422 2324 1620 2362 'institua-e
1652 2323 1746 2356 inci-

303 2374 371 2419 pit.
419 2374 617 2419 Imperator
638 2378 758 2406 autem
787 2384 868 2406 cum
891 2372 1048 2406 accensis
1072 2373 1183 2406 cereis
1214 2377 1400 2420 precatus,
1434 2381 1495 2404 eos
1521 2370 1744 2415 praeposito,

303 2421 365 2454 hic
383 2421 637 2454 cerimoniario
662 2419 796 2460 tradit,
823 2425 860 2453 et
876 2420 1085 2463 precatione
1111 2420 1234 2460 finita,
1261 2420 1458 2463 Imperator
1476 2422 1745 2451 sacrosanctum

306 2468 529 2513 evangelium
548 2478 589 2500 ac
610 2465 849 2500 venerandam
869 2477 1009 2500 crucem
1036 2465 1180 2508 adorat,
1214 2476 1352 2511 perque
1379 2463 1540 2498 medium
1566 2463 1746 2507 templum

307 2520 344 2548 et
378 2514 543 2548 ambonis
574 2511 673 2547 latus
692 2513 895 2558 digressus,
941 2513 1097 2555 soleam,
1141 2513 1346 2559 patriarcha
1373 2511 1587 2552 sacrarium,
1620 2510 1746 2548 intrat.

306 2563 506 2607 Imperator
525 2565 645 2593 autem
662 2560 708 2593 ad
725 2572 838 2593 sacras
856 2561 981 2604 ianuas
996 2565 1037 2592 ut
1056 2560 1126 2605 ipsi
1141 2560 1289 2593 solenne
1315 2563 1369 2592 est
1389 2561 1568 2603 precatus,
1587 2567 1746 2603 moxque

305 2609 344 2641 in
369 2608 562 2642 sacrarium
593 2608 791 2652 ingressus,
826 2618 960 2640 sacram
992 2617 1149 2640 mensam
1185 2610 1396 2645 veneratur,
1439 2610 1476 2638 et
1505 2609 1690 2649 acceptum
1724 2613 1748 2636 a

306 2657 512 2700 praeposito
535 2653 788 2698 apocombium
815 2654 855 2687 in
874 2665 914 2687 ea
933 2654 1087 2698 reponit.
1134 2652 1208 2699 (V.)
1231 2653 1431 2696 Imperator
1456 2649 1590 2684 deinde
1620 2659 1746 2695 preces

308 2703 346 2734 iu
366 2707 599 2736 monumento
627 2701 740 2746 patris
767 2701 882 2734 nostri
906 2700 1151 2744 Chrysostomi
1183 2705 1219 2733 et
1236 2699 1398 2743 theologi
1431 2697 1546 2731 sancti
1580 2695 1745 2742 Gregorii

309 2748 449 2791 fundit,
490 2749 675 2796 cereisque
710 2748 867 2782 accensis
900 2752 1076 2792 uterque,
1117 2747 1316 2793 Imperator
1351 2750 1388 2780 et
1419 2741 1643 2791 patriarcha,
1679 2752 1747 2788 per
