1786 3126
616 101 1031 143 PRAEFATIONRS.
1476 101 1510 140 X
1518 102 1569 140 Xl

131 205 176 244 in
203 211 374 258 utraque
398 202 597 243 involucri
630 202 770 242 tabula
810 203 982 256 ins1gnia
1015 202 1128 256 regni
1164 201 1385 255 Hungarici
1422 210 1463 242 et
1492 203 1571 241 Bo-

129 270 275 310 hemici
310 270 625 323 conspiciuntur.
698 269 846 308 Adhuc
890 268 992 308 alius
1036 267 1210 322 denique
1250 268 1391 307 titulus
1429 269 1573 308 ordine

129 343 357 390 temporum
386 337 557 390 primus,
586 343 646 375 est
674 334 740 374 hic
769 336 963 384 Graecus,
990 333 1044 374 ab
1071 335 1158 388 ipso
1186 334 1466 385 Constantino,
1482 343 1570 385 aut,

130 403 166 442 si
192 403 282 455 quis
303 401 433 452 malit,
462 416 487 441 a
513 401 679 440 librario
699 399 919 454 profectus,
953 398 1179 451 Σύνταγμά
1194 413 1238 440 τι
1261 399 1334 438 καί
1352 399 1571 451 βασιλείου

131 465 318 519 σπουδῆς
351 459 478 513 ὅπως
526 459 641 515 ἄξιον
679 464 839 519 ποίημα
859 497 872 516 ,
915 465 1187 514 compilatum
1227 474 1298 505 aut
1332 475 1572 518 congestum

130 545 254 587 opu-5,
280 545 381 573 vere
406 530 577 584 dignum
605 533 731 584 regiis
763 533 891 571 curis.
944 531 1177 584 Utrumque
1206 531 1368 584 quidem
1394 546 1490 571 vere
1512 539 1572 570 at-

129 611 210 651 que
234 605 357 638 recte.
414 597 721 650 Comportatum
760 599 867 636 enim
908 604 968 636 est
1011 611 1033 635 e
1071 598 1194 636 variis
1229 598 1460 637 auctoribus
1475 627 1487 648 ,
1533 605 1572 637 et

131 661 330 716 digestum
361 676 408 702 eo
436 662 572 712 modo,
598 676 681 716 quo
705 661 857 714 lapides
888 664 930 700 in
957 675 1118 700 acervo-
1174 662 1272 701 Fuit
1300 678 1461 716 quoque
1488 664 1572 718 By-

132 730 385 769 zantinorum
414 742 553 782 regum
581 741 662 766 non
691 729 858 766 minima
883 740 1005 777 cura,
1047 740 1238 780 pompam
1269 736 1310 767 et
1337 731 1575 769 cerimonias

131 793 247 834 aulae
273 808 369 833 suae
395 794 447 833 ad
474 794 644 834 formam
678 793 756 832 hoc
789 792 893 832 libro
921 793 1111 831 traditam
1152 793 1432 845 conformare3
1462 795 1572 848 quod

131 874 179 899 ex
210 861 461 900 Lurrrnum
488 859 654 899 historia
679 866 802 913 patet.
870 858 911 898 Is
942 860 1062 909 enim,
1091 858 1251 912 praesul
1278 861 1460 908 Latinus,
1490 875 1572 899 non

132 927 365 980 exig-uorum
397 927 610 979 spirituum
623 955 636 977 ,
675 939 802 980 quum
845 925 1001 964 videret
1017 953 1031 976 ,
1059 924 1225 964 clericos
1260 926 1368 978 apud
1400 928 1577 966 Graecos

131 990 244 1031 laicis
269 1005 351 1030 non
376 991 585 1044 praeferri,
614 991 770 1046 sibique
798 990 933 1030 locum
961 993 1002 1030 in
1032 989 1160 1044 epulis
1187 991 1463 1044 imperialibus
1491 1007 1575 1031 non

131 1063 288 1096 mutum
322 1057 428 1096 infra
466 1047 700 1107 Graeculos,
730 1064 777 1096 ut
803 1055 994 1110 appellat,
1022 1057 1228 1110 patricios,
1258 1057 1327 1096 sed
1361 1058 1480 1095 etiam
1511 1060 1574 1096 in-

129 1121 192 1161 fra
218 1124 326 1176 ipsos
354 1123 547 1178 Bulgaros
571 1124 791 1177 assignari3
821 1123 876 1175 (id
904 1129 1038 1162 autem
1067 1137 1114 1162 ex
1141 1122 1260 1161 huius
1290 1122 1382 1161 libri
1416 1123 1577 1174 edicto,

129 1201 261 1242 neque
291 1188 430 1241 aliter,
464 1190 548 1228 fieri
580 1189 751 1229 debebat
764 1193 800 1240 3)
826 1196 981 1228 tantam
1021 1188 1234 1227 exardebat
1272 1190 1315 1227 in
1358 1191 1461 1228 iram
1512 1197 1573 1228 at-

130 1267 211 1308 que
236 1245 550 1308 indignationem
565 1285 577 1306 ,
615 1262 663 1294 ut
700 1269 784 1294 non
814 1253 946 1294 solum
988 1254 1040 1293 de
1077 1268 1191 1293 sacra
1226 1268 1364 1293 mensa
1405 1269 1573 1308 surgens

129 1319 275 1371 abiret,
301 1320 373 1360 sed
398 1322 519 1360 etiam
546 1322 589 1360 in
615 1320 770 1372 libello,
797 1334 878 1374 quo
909 1319 962 1359 ad
989 1319 1163 1371 herum,
1192 1320 1386 1359 Ottonem
1418 1321 1570 1371 1.‚1m-

130 1392 358 1438 peratorem
395 1386 634 1426 Saxonicum
648 1416 661 1439 ,
701 1401 796 1426 suae
828 1385 1036 1439 legationis
1071 1400 1275 1425 successus
1309 1389 1542 1440 perscripsit
1558 1418 1575 1438 ‚,

129 1449 404 1504 Nicephorum
443 1451 623 1492 Phocam
655 1459 863 1506 totamque
902 1453 1112 1490 Graeciam
1146 1451 1348 1491 coloribus
1377 1453 1569 1492 invidiam
1583 1460 1711 1494 Edist-
1728 1462 1757 1491 {i

131 1517 329 1556 cientibus
363 1517 603 1571 denigraret.
673 1519 797 1557 Recte
831 1518 954 1571 igitur
987 1524 1149 1556 eatenus
1190 1516 1355 1570 quidem
1389 1519 1575 1571 congruit

133 1580 310 1622 Graecus
341 1584 410 1623 ille
435 1584 577 1624 titulus
604 1583 698 1623 huic
716 1586 840 1637 operi.
896 1583 954 1622 At
973 1597 1021 1622 eo
1046 1584 1191 1621 merito
1213 1582 1438 1636 displiceat,
1464 1584 1577 1636 quod

134 1655 415 1701 argumentum
447 1648 543 1687 libri
571 1651 657 1700 sui,
686 1649 806 1702 quale
831 1650 909 1699 sit,
935 1662 1020 1688 non
1049 1648 1154 1687 edat.
1208 1647 1302 1686 Non
1334 1655 1470 1686 tamen
1499 1648 1574 1686 ab-

131 1712 237 1752 ludit
264 1714 317 1752 ab
347 1715 508 1766 ingenio
541 1714 711 1752 istorum
741 1720 970 1764 temporum
983 1743 999 1762 ,
1036 1720 1076 1751 et
1104 1714 1275 1751 maxime
1303 1714 1431 1750 nostri
1463 1712 1576 1750 Con-

132 1779 295 1818 stantini
309 1807 322 1829 ,
349 1779 419 1832 qui
446 1791 600 1816 morem
627 1777 789 1816 videtur
805 1790 972 1826 amasse,
997 1774 1109 1814 libris
1146 1777 1228 1814 suis
1258 1775 1497 1828 ignorabilia
1533 1783 1573 1815 et

130 1845 352 1898 incongrua
381 1845 545 1882 nomina
571 1842 820 1896 imponendi.
863 1842 1091 1880 Praestanti
1106 1840 1183 1891 illi,
1210 1854 1332 1894 quam
1352 1855 1474 1894 supra
1490 1841 1573 1880 lau-

131 1908 244 1960 davi,
271 1908 513 1958 collectioni,
534 1915 605 1948 aut
625 1907 912 1958 Bibliothecae,
931 1906 998 1945 vel
1017 1906 1424 1956 Pente-contateuch0,
1446 1907 1570 1960 quod-

130 1989 228 2016 nam
256 1989 405 2031 quaeso
438 1982 596 2029 poterat
627 1974 790 2014 inscribi
821 1987 970 2013 nomen
995 1974 1191 2026 ineptius,
1223 1987 1345 2026 quam
1375 1974 1484 2026 quod
1516 1974 1569 2012 ab

131 2048 295 2082 auctore
323 2043 562 2095 inscriptum
594 2041 687 2091 fuit,
716 2036 1020 2093 κεφαλαιώδεις
1043 2036 1279 2084 ὖποθέσεις.
1333 2040 1455 2091 Quod
1482 2042 1569 2079 sive

130 2106 281 2147 brevia
308 2115 574 2159 argumenta,
604 2108 693 2153 sive¹
707 2105 958 2157 argumenta'
983 2105 1028 2144 in
1053 2113 1188 2144 cer-tos
1215 2104 1358 2144 titulos
1383 2105 1567 2158 digesta,

128 2171 400 2226 interpreteris
432 2187 512 2214 non
541 2174 667 2227 mag-is
700 2186 746 2211 ex
783 2185 829 2211 eo
855 2170 1051 2224 intelligas
1068 2200 1080 2221 ,
1117 2171 1195 2210 nisi
1230 2169 1391 2209 aliunde
1424 2173 1534 2210 noris
1551 2201 1569 2222 ,

129 2237 249 2292 quale
277 2238 398 2277 fuerit
427 2237 671 2278 collectionis
702 2227 982 2291 argumentum
1013 2243 1053 2275 et
1086 2236 1174 2275 finis
1186 2268 1199 2287 ‚
1234 2251 1357 2290 quam
1383 2236 1485 2274 alius
1514 2236 1565 2274 li-

129 2303 219 2355 bri,
261 2305 325 2343 cui
365 2311 504 2343 auctor
539 2303 703 2343 titulum
745 2302 1081 2343 Adversariorum
1119 2310 1190 2341 aut
1217 2301 1563 2341 Collectaneorum

129 2369 346 2422 praefigere
371 2369 556 2410 voluerit.
608 2368 756 2408 Similis
786 2375 845 2407 est
876 2368 977 2407 alter
1002 2367 1074 2407 ille
1106 2367 1248 2407 titulus
1263 2397 1275 2417 ,
1304 2381 1425 2420 quem
1455 2366 1563 2404 Con-

61 2458 72 2466 ·
129 2436 325 2477 stantunus
347 2437 458 2487 operi
486 2449 584 2485 suo,
613 2434 722 2488 quod
755 2448 779 2472 a
808 2433 927 2472 nobis
960 2432 1013 2472 de
1047 2430 1392 2472 administrando
1430 2432 1563 2485 impe-

131 2498 196 2537 rio
225 2499 338 2537 citari
366 2499 488 2549 solet,
516 2499 567 2538 ad
596 2500 822 2539 Romanum
857 2498 983 2537 filium
1012 2499 1184 2551 scripto,
1212 2498 1466 2551 praeposuit,
1488 2509 1565 2549 φι-

130 2559 343 2614 londinum
364 2566 631 2604 exercitatio.
688 2565 784 2603 vid.
818 2565 1000 2607 Bllumn.
1019 2566 1135 2603 initio
1162 2571 1350 2604 notarum
1369 2561 1423 2601 ad
1438 2563 1562 2602 istum

134 2629 283 2671 libnun
301 2658 313 2681 ,
345 2629 455 2672 Tam.
484 2631 545 2673 11.
575 2631 744 2685 Antiqu.
778 2633 886 2684 Imp.
919 2629 1078 2673 orient.
