1884 3112
309 113 411 171 190
576 112 941 157 CONSTAN'rlNl.
971 111 1456 156 PoRPHYROGENm

287 217 461 260 τούτων
496 216 742 272 χλαμύδας,
788 217 861 257 καί
897 215 1140 271 ἆνέρχονται
1177 215 1281 269 μετὰ
1315 217 1387 271 τῆς
1414 217 1531 271 λιτῆς
1557 217 1635 266 ἕως
1661 217 1737 258 τοῦΙ

300 282 451 340 φόρου,
479 284 551 324 καί
569 280 648 324 ἀπὸ
675 282 747 336 τῆς
775 282 966 331 ἑκτενοῦς
994 283 1264 337 κατῷχονται
1288 281 1395 334 μετὰ
1424 283 1495 337 τῆς
1521 283 1632 338 λιτῆς
1658 270 1737 332 ἓως

298 351 374 391 τοῦ
401 351 505 390 ναοῦ
530 350 604 402 τῆς
643 344 875 403 ὖπεραγίας
906 346 1110 389 Θεοτόκου
1147 349 1230 390 τῶν
1254 349 1620 404 χαλκοπρατείων,
1660 347 1738 388 κᾶ-

299 419 409 456 κεῖσε
436 410 695 455 οἷλλάσσουσι
721 411 772 455 τὰ
805 415 1006 470 πορφυρᾶ
1031 416 1176 470 χρυσᾶ
1204 415 1508 469 σκαραμάγγια,
1537 416 1737 469 περιβαλ-

299 478 465 534 λόμενοι
487 481 560 521 καί
586 477 639 520 τοὶ
668 478 826 522 τούτων
854 478 1015 521 σπαθία
1043 479 1116 521 καί
1141 481 1383 533 στέμματα,
1413 476 1482 523 οἷα
1509 476 1762 532 κελεύουσι,5

105 544 372 593 Εᾱ.1ι.ιι2και“
408 543 490 587 ἀπὸ
530 547 608 587 τοῦ
647 541 887 600 εὐαγγελίου
922 542 1263 602 ὑποστρέφουσιν
1298 543 1472 602 ἔφιπποι
1508 543 1616 599 μετὰ
1652 547 1738 588 τῶν

297 610 538 667 χιωμάτων.
593 612 758 666 ἰστέον,
804 608 867 655 ὅτι
894 614 947 669 τῇ
974 608 1099 669 ἑορτῇ
1127 615 1201 667 τῆς
1227 610 1429 665 ὖψοόσεως
1457 601 1738 653 ἀλλάσσουσιν

298 677 339 720 οἱ
380 678 576 721 δεσπόται
610 675 662 720 τὰ
701 679 903 735 πορφυρᾶ
942 676 1163 734 διβητήσια
1192 675 1360 726 καὶτὰς
1385 677 1546 720 τούτων
1570 678 1738 732 χλαμύ-

297 746 387 796 δας.
443 744 581 788 ἰστέον
590 779 603 800 ,
645 741 708 788 ὅτι
737 746 790 803 τῇ
816 742 939 802 ἑορτῇ
965 747 1043 786 τοῦ
1081 743 1201 799 ἁγίου
1228 744 1474 799 Δημητρίου
1501 743 1738 786 ἀλλάσσου-

298 827 367 853 σιν
394 809 434 853 οἱ
461 810 662 853 δεσπόται
693 810 747 854 τὰ
775 813 978 869 πορφυρᾶ
1006 809 1225 867 διβητήσια
1253 812 1326 852 καί
1349 809 1424 859 τὰς
1450 809 1607 852 τούτων
1630 813 1791 864 χλα-ιο

296 875 444 930 μύδας.
501 877 646 930 ἰστέον,
677 874 740 920 ὅτι
770 880 824 936 τῇ
850 876 973 935 ἑορτῇ
999 879 1074 919 τοῦ
1102 877 1434 934 ἅρχιστρατηγοῦ
1460 871 1740 918 ἀλλάσσουσιν

297 940 337 984 οἱ
365 942 562 985 δεσπόται
588 941 640 986 τὰ
684 946 888 1001 πορφυρᾶ
925 942 1146 1000 διβητὴσια
1185 942 1258 985 καὶ
1282 941 1360 992 τὰς
1386 939 1548 983 τούτων
1572 938 1741 996 χλαμύ-

297 1010 389 1058 δας.
444 1010 603 1063 ἶστέον,
634 1005 698 1051 ὅτι
725 1012 778 1067 τῇ
806 1006 932 1068 ἑορτῇ
959 1012 1043 1052 τῶν
1067 1011 1400 1066 χριστουγέννων
1427 1008 1472 1050 ἐν
1497 1009 1555 1066 τῷ
1579 1008 1740 1049 κοιτῶνι

295 1076 370 1130 τῆς
397 1072 558 1131 δάφνης
597 1071 877 1118 ἀλλάσσουσιν
912 1074 950 1118 οἱ
978 1075 1174 1118 δεσπόται
1209 1074 1261 1118 τὰ
1287 1077 1490 1131 πορφυρᾶ
1518 1073 1740 1130 διβητήσια

297 1143 371 1183 καί
394 1139 471 1192 τοὶς
497 1140 657 1183 τούτων
681 1142 904 1196 χλαμύδας
931 1141 1004 1184 καί
1028 1144 1244 1196 στέμματα
1271 1141 1499 1197 Πράσινα,
1544 1142 1589 1184 ἐν
1617 1142 1663 1184 δὲ
1689 1139 1792 1198 τῇιό

122 1206 550 1264 Με.89.αὖποστροφῇ
577 1209 793 1262 στέμματα
821 1205 972 1250 λευκά.
1027 1208 1183 1262 ἰστέον,
1226 1203 1295 1250 ὅτι
1323 1209 1376 1265 τῇ
1401 1206 1538 1266 ἡμέρᾳ
1564 1209 1643 1250 τοῦ
1666 1206 1742 1261 βό-

256 1283 370 1318 Βτου
398 1275 444 1316 ἐν
469 1275 529 1332 τῷ
556 1271 817 1333 ἱπποδρομίῳ
860 1273 1142 1317 ἀλλάσσουσιν
1179 1272 1219 1316 οἷ
1257 1275 1451 1317 δεσπόται
1478 1271 1532 1316 τὰ
1561 1272 1742 1328 παγανά,

298 1338 372 1383 καὶ
396 1338 436 1382 οἱ
463 1337 663 1397 ἄρχοντες
689 1338 740 1383 τὰ
769 1338 1031 1397 ἇτραβατικὰ
1058 1342 1270 1395 χλανίδια.
1318 1342 1464 1394 ἰστέον,
1494 1336 1557 1382 ὅτι
1583 1341 1630 1382 ἐν
1658 1344 1742 1388 τοῖς

296 1405 480 1456 ἱππικοῖς
506 1407 633 1448 πᾶσιν
660 1404 949 1463 ἱπποδρομιόις
977 1403 1259 1450 ἀλλάσσουσιν
1287 1406 1326 1449 οἱ
1353 1406 1546 1449 δεσπόται
1564 1405 1618 1447 τὰ
1639 1422 1742 1460 πορ-

299 1473 420 1529 φυρᾶ
446 1472 668 1528 διβητήσια
696 1474 769 1515 καί
790 1472 867 1522 τὰς
890 1472 1050 1516 τούτων
1065 1473 1288 1528 χλαμύδας
1316 1475 1388 1515 καί
1411 1474 1641 1527 στέμματα,
1670 1468 1794 1515 οἷααο

299 1539 564 1581 κελεύουσιν.
620 1539 774 1593 ἰστέον,
824 1534 888 1582 ὅτι
913 1541 967 1597 τῇ
1003 1536 1125 1597 ἑορτῇ
1163 1541 1247 1582 τῶν
1273 1539 1403 1595 ἁγίων
1430 1538 1584 1596 φώτων
1609 1540 1656 1581 ἐν
1682 1540 1740 1595 τῷ

300 1606 465 1647 κοιτῶνι
504 1606 580 1661 τῆς
618 1603 781 1662 δάφνης
823 1601 1104 1649 ἀλλάσσουσιν
1144 1604 1183 1648 οἱ
1222 1603 1418 1648 δεσπόται
1460 1603 1512 1648 τὰ
1541 1605 1743 1661 πορφυρᾶ

301 1672 523 1727 διβητήσια
550 1669 624 1714 καὶ
647 1669 724 1722 τὰς
749 1671 907 1715 τούτων
951 1670 1174 1727 χλαμύδας
1214 1671 1288 1714 καὶ
1323 1673 1541 1726 στέμματα
1567 1670 1742 1724 Βένετα,

301 1737 348 1779 ἐν
376 1738 423 1779 δὲ
449 1739 502 1793 τῇ
528 1735 776 1795 ὑποστροφῇ
807 1740 1022 1793 στέμματα
1051 1736 1190 1784 λευκά.
1246 1739 1404 1792 ἰστέον,
1449 1734 1514 1779 ὅτι
1538 1739 1592 1795 τῇ
1618 1733 1743 1793 ἑορτῇ

301 1803 377 1859 τῆς
403 1802 648 1860 ὖπαπάντης
676 1802 957 1848 ἀλλάσσουσιν
993 1805 1033 1847 οἱ
1071 1803 1271 1848 δεσπόται
1310 1801 1393 1846 ἆπὸ
1428 1804 1506 1846 τοῦ
1531 1801 1792 1846 παλατίου35

395 1907 450 1944 16,
480 1906 548 1940 τοῦ
567 1905 684 1952 ἁγίου
701 1907 902 1942 Βασιλείου
920 1907 977 1940 ed.
1003 1918 1069 1954 pro
1094 1907 1163 1941 τοῦ
1185 1905 1307 1952 βάτου.

301 1996 462 2030 cessione
483 1996 529 2029 ad
546 1996 677 2039 sorum,
695 2001 841 2031 extensa
874 1998 998 2038 finita,
1032 2008 1148 2043 usque
1176 1997 1223 2029 ad
1249 1997 1282 2030 S.
1306 1996 1486 2040 Deiparae
1533 1993 1742 2039 chalcopra—

299 2048 441 2077 teorum
467 2043 622 2084 abeunt,
654 2044 719 2077 ubi
746 2055 927 2089 purpurea
971 2054 1154 2089 aureaque
1194 2043 1436 2086 scaramangia
1479 2041 1638 2074 induunt
1667 2040 1743 2087 gla-

301 2091 454 2136 diosque
470 2096 507 2124 et
525 2101 672 2124 coronas
688 2117 697 2132 ‚
721 2102 810 2136 quas
828 2091 973 2131 volunt,
1008 2095 1178 2131 sumunt,
1211 2097 1248 2124 et
1275 2089 1460 2133 evangelio
1495 2089 1667 2129 recitato,
1703 2098 1743 2120 e-

306 2139 389 2184 quis
422 2138 495 2170 suis
525 2138 744 2170 ornamentis
779 2137 871 2170 circa
909 2138 1043 2170 collum
1067 2138 1250 2170 instructis
1285 2137 1378 2169 vecti
1413 2134 1575 2168 redeunt.
1622 2137 1664 2169 In
1688 2133 1743 2167 fe-

307 2190 363 2218 sto
394 2185 625 2218 exaltationis
662 2189 804 2217 sanctae
838 2189 875 2217 et
898 2183 1124 2217 venerandae
1163 2184 1276 2216 crucis
1305 2193 1486 2228 purpurea
1510 2181 1688 2220 (libetesia
1707 2186 1744 2215 et

309 2232 472 2266 eiusdem
501 2232 630 2264 coloris
656 2233 797 2265 tunicas
826 2231 1003 2272 induunt,
1047 2241 1155 2276 quem
1184 2241 1320 2263 morem
1346 2235 1382 2262 et
1405 2231 1445 2262 in
1468 2229 1583 2262 sancti
1611 2230 1745 2262 Deme—

309 2279 374 2314 trii
394 2283 431 2313 et
452 2279 565 2312 sancti
582 2277 786 2324 archangeli
804 2278 1005 2311 observant.
1036 2279 1078 2311 In
1098 2277 1211 2310 natali
1232 2277 1422 2310 servatoris
1439 2286 1620 2321 purpurea
1641 2275 1744 2308 dibe-

309 2327 403 2361 tesia
425 2336 467 2359 ac
494 2326 629 2358 similes
648 2324 852 2370 chlamydes
875 2325 914 2358 in
930 2324 1097 2358 cubiculo
1116 2323 1295 2369 daphnes,
1323 2334 1471 2356 coronas
1498 2333 1644 2369 quoque
1659 2324 1744 2357 Pra—

313 2375 429 2415 sinas,
458 2373 497 2406 in
513 2372 633 2406 reditu
654 2371 753 2405 albas
766 2397 774 2413 ‚
801 2377 956 2405 sumunt.
1005 2371 1076 2404 Die
1095 2372 1170 2405 voti
1187 2371 1225 2403 in
1247 2371 1340 2403 circo
1364 2381 1502 2415 pagana
1517 2371 1744 2409 vestimenta,

339 2431 478 2454 roceres
491 2419 703 2452 atrabaticas
723 2419 862 2452 tunicas
877 2423 1026 2463 gestant.
1050 2417 1095 2453 In
1108 2417 1364 2451 certaminibus
1381 2417 1610 2463 equestribus
1628 2415 1746 2449 omni-

310 2432 383 2501 Eus
399 2477 581 2513 purpurea
600 2466 777 2499 ‹libctesia
797 2470 834 2499 et
854 2465 1058 2510 chlamydes
1077 2476 1276 2510 purpureas
1288 2491 1296 2506 ‚
1330 2470 1367 2498 et
1386 2475 1475 2510 quas
1494 2464 1622 2497 volunt
1642 2473 1745 2495 coro-

313 2526 399 2556 nas,
424 2514 463 2547 in
480 2514 572 2549 festo
596 2518 799 2547 sanctorum
819 2513 999 2546 luminum
1015 2513 1053 2545 in
1073 2511 1240 2545 cubiculo
1261 2511 1420 2556 daphnes
1440 2515 1584 2556 praeter
1602 2509 1745 2542 dibete-

315 2562 369 2595 sia
402 2566 439 2594 et
465 2561 604 2594 tunicas
634 2571 833 2606 purpureas
867 2560 1024 2594 Venetas
1043 2570 1211 2600 coronas,
1245 2560 1282 2592 in
1305 2558 1425 2592 reditu
1442 2558 1562 2598 albas,
1587 2559 1744 2589 sumunt.

314 2610 358 2643 In
378 2607 470 2642 festo
492 2618 656 2641 occursus
675 2618 739 2641 seu
754 2606 1015 2652 purificationis
1033 2607 1069 2639 B.
1086 2605 1223 2639 Mariae
1238 2607 1397 2639 violacea
1417 2616 1480 2639 sua
1505 2602 1746 2646 scaramangia

317 2659 480 2697 mutant,
512 2660 550 2689 et
573 2654 691 2688 celocc
716 2654 763 2688 ad
781 2654 957 2699 templum
981 2658 1179 2687 ter-sanctae
1200 2654 1378 2698 Deiparae
1401 2654 1440 2685 in
1462 2650 1665 2684 blachernis
1684 2657 1747 2680 ve-

319 2700 475 2746 huntur,
499 2702 612 2750 inque
636 2701 715 2737 eius
741 2701 909 2738 eubiculo
929 2711 1112 2750 purpurea
1136 2700 1313 2736 dibetesia
1330 2705 1367 2736 et
1389 2700 1525 2735 similes
1542 2694 1747 2742 chlamydes
