1884 3112
869 0 902 33 0

271 97 288 132 1
302 77 376 134 86
553 94 911 139 CONSTAN'an
951 93 1434 139 PORPHYROGENITI
1464 109 1512 121 ‘f-

260 197 449 254 εἴρηται,
483 197 649 240 ἱππεύει
676 198 807 239 ἐκεῖσε
833 194 939 249 μετὰ
973 198 1056 239 τιδι’
1089 196 1194 241 κατὰ
1225 197 1478 254 συνήθειαν,
1516 198 1598 254 καὶ,
1623 193 1715 243 ἇποῖ

259 268 344 307 τῶν
377 265 508 307 ἐκεῖσε
538 262 853 318 δηριγευόμενος
875 262 1105 318 ἀπέρχεται
1128 265 1173 307 ἐν
1196 265 1255 322 τῷ
1285 265 1486 322 παλατίῳ,
1523 265 1701 308 ἐκτελῶν

260 328 423 372 ἅπαντα
448 331 492 371 ἐν
511 330 562 386 τῇ
588 325 724 386 διόδῳ,
759 327 903 370 στάσει
932 344 977 370 τε
1007 331 1080 370 καί
1102 330 1218 386 δοχῇ,
1247 326 1295 372 ὃν
1326 329 1479 386 τρόπον
1511 329 1704 386 ἀνωτέρω

259 399 304 439 ἐν
332 397 385 452 τῇ
415 394 599 436 καθόλου
637 393 880 450 προελεύσει
915 395 992 436 τοῦ
1035 391 1334 450 εὖαγγελισμοῦ
1373 395 1446 437 ἐπὶ
1470 397 1607 454 λεπτῷ
1639 397 1706 448 ἐξ·

258 463 467 514 εθέμεθα.
522 458 595 502 καί
616 459 818 502 εἰσελθών
840 461 901 510 εἷς
937 459 985 501 τὸ
1012 461 1236 514 παλάτιον,
1269 465 1382 504 τελεῖ
1400 460 1452 504 τὰ
1476 462 1553 503 τοῦ
1583 460 1731 516 ἁγίουὸ

259 526 472 583 σαββάτου
497 523 674 572 ἅπαντα.

863 641 1003 682 ΚΕΦ.
1028 638 1104 688 λς’.

219 733 249 766 D
359 727 452 764 Ὅσα
473 728 534 764 δεῖ
549 729 859 777 παραφυλάττειν
873 729 938 765 ἐπὶ
954 730 1178 777 προελεύσει
1194 730 1361 770 ἑνώσεως
1375 731 1584 775 ἐκκλησίας.

359 814 538 872 Ἰστέον,
590 813 652 861 ὅτι
674 819 746 861 καί
764 815 790 875 ἦ
819 821 1064 875 προέλευσις
1091 819 1165 875 τῆς
1189 815 1378 869 ἐναίσεως
1395 820 1468 876 τῆς
1489 819 1706 877 ἐκκλησίας

261 885 319 936 ὥς
341 883 415 928 καὶ
438 883 483 927 αἱ
511 883 658 927 λοιπαὶ
685 884 951 942 προελεύσεις
983 887 1233 928 ἐπιτελεῖται
1251 902 1263 914 ·
1318 887 1392 928 καί
1416 884 1495 943 γὰρ
1526 886 1766 943 ἐμπράτ-ιο

260 968 343 1002 τως
374 951 396 994 ὅ
420 949 622 1007 βασιλεῦς
650 946 814 1006 ἔπεισι,
861 950 934 994 καί
971 949 1016 994 αἱ
1060 950 1188 1006 δοχαί
1215 950 1321 995 κατὰ
1354 949 1486 995 τύπον
1509 955 1709 1009 γίνονται,

263 1018 452 1075 δηλονότι
478 1020 549 1061 καὶ
577 1019 660 1061 τῶν
707 1016 851 1075 δήμων
887 1017 994 1061 κατὰ
1031 1016 1078 1061 τὸ
1117 1016 1274 1068 εἰωθός
1305 1014 1634 1074 ἆκτολογούντων
1662 1021 1714 1063 ἐν

261 1090 349 1135 τοῖς
377 1084 519 1134 τόποις
560 1084 726 1128 αὐτῶν.
783 1083 807 1127 ὅ
849 1086 896 1127 δὲ
946 1083 1143 1140 βασιλεῦς
1183 1085 1471 1142 ἀπερχόμενος
1513 1088 1593 1135 ἕως
1629 1087 1711 1128 τοῦ

92 1149 388 1206 Με.ες,1)ἆγιὀυ
431 1152 622 1208 φρέατος,
666 1150 948 1208 ἅποστέφεται
986 1152 1139 1205 ἐκεῖσε,
1179 1147 1269 1193 εἶτα
1308 1152 1535 1205 δεξαμένου
1577 1149 1710 1195 αὔτὸν

69 1218 342 1263 Ed.L.110105
363 1217 641 1273 πατριάρχου,
675 1217 932 1274 ἀπέρχονται
956 1216 1183 1274 ἀμφότεροι
1211 1218 1270 1267 εἷς
1309 1215 1380 1259 τὸν
1410 1215 1511 1260 ναὸν
1544 1218 1617 1273 τῆς
1658 1217 1763 1263 ἇ-15

261 1282 356 1339 γίας
386 1282 579 1340 Εἰρήνης.
634 1282 707 1326 καί
738 1281 788 1339 δὴ
817 1285 893 1339 τῆς
926 1284 1260 1340 ἐκκλησιαστικῆς
1289 1283 1425 1340 πάσης
1456 1282 1610 1335 τάξεως
1641 1299 1710 1326 τε-

262 1350 479 1405 λουμένης,
510 1350 755 1406 ἐπαίρουσιν
784 1346 856 1393 ἇπ’
888 1349 1021 1393 αὖτοῦ
1042 1352 1120 1393 τοῦ
1143 1351 1250 1393 ναοῦ
1274 1351 1350 1405 τῆς
1383 1347 1505 1405 ἁγίας
1525 1348 1710 1406 Εἰρήνης

263 1414 340 1472 τήν
367 1414 495 1470 λιτήν,
528 1414 601 1458 καί
618 1416 951 1474 ὑποστρέφουσιν
981 1418 1041 1466 εἷς
1072 1414 1146 1459 τὸν
1175 1414 1274 1459 ναὸν
1299 1417 1373 1472 τῆς
1399 1415 1521 1471 ἁγίας
1547 1414 1710 1473 Σοφίας

263 1481 556 1536 λιτανεύοντες,
586 1483 659 1525 καί
688 1484 952 1540 εἰσέρχονται
983 1481 1053 1525 διὰ
1094 1484 1169 1525 τοῦ
1207 1484 1426 1537 γυναικίου
1457 1483 1614 1539 μέρους
1634 1484 1710 1539 τῆς
1770 1481 1772 1483 ’

264 1548 396 1604 αὐτῆς
423 1548 640 1606 ἐκκλησίας
665 1548 737 1592 καὶ
757 1552 835 1592 τοῦ
863 1548 1094 1607 νάρθηκος,
1131 1548 1205 1591 καί
1231 1545 1456 1598 ἀποδόντες
1481 1547 1613 1591 ἐκεῖσε
1633 1546 1765 1610 τῆναο

263 1617 335 1671 τῆς
361 1616 474 1671 λιτῆς
498 1615 772 1671 ἀκολουθίαν,
807 1617 965 1672 γίνεται
988 1617 1013 1672 ἡ
1039 1614 1221 1669 εἴσοδος,
1260 1613 1334 1658 καὶ
1357 1612 1558 1658 εἶσοδεῦει
1585 1610 1607 1658 ὃ
1629 1617 1710 1669 βα-

360 1731 411 1754 u.
437 1717 587 1752 ἀπίεισι
604 1718 683 1753 cod.
704 1723 741 1752 et
761 1718 816 1751 ed.
864 1746 868 1749 .

264 1810 399 1848 bratur,
445 1809 644 1855 Imperator
667 1810 707 1843 in
731 1810 910 1855 porticum
928 1835 938 1851 ,
972 1815 1013 1844 ut
1048 1810 1223 1852 diximus,
1254 1821 1434 1856 egressus,
1467 1820 1602 1857 equum
1625 1819 1708 1843 cum

264 1857 324 1897 iis,
349 1856 481 1902 quibus
506 1868 582 1890 mos
607 1862 674 1897 cst,
699 1856 923 1902 conscendit,
948 1863 985 1891 et
1008 1857 1053 1890 ab
1076 1857 1132 1891 his
1161 1859 1327 1903 stipatus,
1350 1857 1396 1892 ad
1418 1857 1591 1902 palatium
1618 1855 1711 1896 abit,

264 1904 459 1949 omniaque
485 1903 524 1937 in
547 1904 725 1944 transitu,
751 1905 909 1937 statione
934 1909 971 1938 et
993 1905 1225 1949 receptione,
1251 1915 1343 1950 quae
1368 1909 1476 1950 supra
1501 1904 1540 1937 in
1567 1903 1727 1936 solenni·

263 1951 493 1995 processione
517 1950 807 1984 annuntiationis
832 1950 991 1984 breviter
1014 1953 1265 1997 exposuimus,
1303 1950 1482 1986 observat.
1529 1950 1720 1995 Ingressus·

263 1997 454 2042 palatium,
482 1996 572 2032 ritus
595 1997 708 2031 sancti
733 1996 875 2031 sabbati
899 2008 1023 2032 omnes
1048 1998 1218 2032 celebrat.

897 2103 993 2139 CAP.
1029 2106 1083 2140 36.

316 2171 556 2208 observanda
574 2173 616 2208 in
631 2174 866 2221 processione
887 2174 1038 2209 unionis
1058 2174 1235 2210 ecclesiae
1244 2197 1256 2214 ‚
1289 2184 1353 2209 seu
1377 2170 1526 2218 quando
1546 2180 1677 2207 tomus*

682 2237 834 2272 unionis
854 2237 1032 2272 ecclesiae
1052 2237 1292 2284 praelegitur.

363 2315 633 2350 Observandum
651 2322 720 2357 est,
734 2317 1001 2362 processionem
1020 2326 1164 2361 quoque
1182 2315 1328 2349 unionis
1350 2314 1523 2349 ecclesiae
1552 2325 1598 2348 eo
1621 2313 1726 2354 ritus

273 2373 346 2409 quo
369 2368 507 2397 ceterae
532 2364 791 2409 processiones,
814 2364 971 2400 institui.
1015 2362 1210 2407 Imperator
1234 2362 1331 2395 enim
1358 2361 1406 2395 ad
1428 2360 1601 2406 templum
1627 2367 1723 2393 cum'

273 2409 404 2443 officiis
429 2409 525 2451 abit,
551 2416 587 2445 et
610 2411 835 2455 receptiones
858 2421 923 2455 pro
948 2420 1047 2443 more
1070 2409 1336 2448 instituuntur,
1369 2409 1545 2443 factiones
1569 2406 1710 2441 scilicet

275 2456 314 2489 in
339 2457 412 2490 suis
449 2457 663 2491 stationibus
689 2458 723 2491 ei
750 2457 958 2491 acclamant.
1006 2456 1147 2490 Deinde
1175 2455 1221 2489 ad
1245 2467 1381 2489 sacrum
1406 2461 1556 2499 puteum
1580 2464 1710 2499 proce-

275 2501 377 2544 dens,
403 2514 569 2539 coronam
593 2503 766 2550 deponit,
798 2504 927 2550 ibique
947 2515 967 2536 a
984 2501 1190 2548 patriarcha
1215 2507 1405 2548 exceptus,
1427 2513 1509 2534 cum
1534 2502 1614 2546 ipso
1638 2509 1711 2532 una

277 2549 322 2582 ad
347 2556 489 2584 sanctae
513 2552 633 2584 Irenes
658 2552 786 2597 pergit.
835 2551 981 2584 Peracto
1002 2550 1056 2583 ibi
1081 2548 1205 2583 divino
1232 2548 1367 2590 officio,
1395 2548 1441 2582 ab
1467 2549 1545 2593 ipso
1572 2546 1606 2580 S.
1631 2547 1709 2579 Ire-

275 2607 338 2629 nes
366 2598 502 2644 templo
526 2609 694 2644 pompam
725 2597 929 2639 ordiuntur,
953 2602 989 2630 et
1013 2597 1066 2629 sie
1093 2596 1130 2629 in
1154 2597 1382 2642 processione
1411 2595 1457 2628 ad
1486 2594 1661 2639 templum
1673 2591 1728 2624 S.-

274 2642 435 2688 Sophiae
468 2644 619 2685 reversi,
643 2655 707 2689 per
721 2654 939 2689 gynaeceum
961 2648 999 2675 et
1020 2642 1227 2676 narthecem
1247 2642 1325 2675 eius
1347 2641 1447 2675 aedis
1466 2640 1622 2680 intrant,
1646 2637 1711 2670 da-

276 2693 387 2735 toque
406 2691 458 2724 ibi
485 2692 724 2737 processionis
747 2691 896 2733 ordine,
918 2690 1088 2725 introitus
1113 2690 1174 2731 fit,
1202 2691 1423 2736 Imperatore
1451 2693 1488 2721 et
1507 2683 1711 2733 patriarcha
