1878 3112
290 102 400 177 392'
567 120 932 169 CONSTANTINI
968 118 1463 163 'PORPHYROGENITI
1512 158 1514 160 ,

289 221 511 278 βασιλεῦς,
544 222 570 264 ὃ
590 222 721 277 κόμης
740 223 814 275 τῆς
833 218 1011 276 σχόλης,
1049 219 1126 263 ἐάν
1152 222 1285 278 παρῇ,
1322 222 1363 263 εἰ
1385 223 1432 264 δὲ
1452 218 1510 277 μὴ
1531 220 1743 277 πάρεστιν,

288 286 310 330 ὁ
335 285 616 346 πριμικὴριος,
645 287 890 328 ἐπιδίδωσιν
919 288 974 342 τῷ
998 286 1214 345 μαγίστρῳ
1246 286 1292 329 τὸ
1327 284 1553 340 μανιάκιν·
1610 287 1685 328 καὶ
1714 275 1743 327 ος

287 353 535 410 μάγιστρος,
572 350 701 402 ἑστώς
729 353 776 394 ἐκ
806 354 888 394 ταῖν
923 353 1070 404 δεξιῶν
1100 355 1178 395 τοῦ
1201 355 1435 407 βασιλέως,
1471 357 1623 409 κρατεῖ
1647 357 1741 402 ταῖς

249 419 365 464 (ἶδύο
389 420 555 476 χερσῖν,
589 419 661 460 καί
683 420 916 474 προσφέρει
945 420 1008 477 ‘regi
1031 422 1222 472 βασιλεῖ’,
1261 421 1336 461 καί
1365 417 1386 460 ὅ
1411 417 1614 472 βασιλεῦς
1647 419 1743 460 ἐπι-Δ

286 486 460 529 δίδωσιν
479 484 595 542 αὐτῷ
617 487 674 542 τῷ
697 481 947 543 κανδιδάτῳ,
986 486 1060 528 καί
1086 489 1204 541 φιλεῖ
1226 483 1327 534 τούς
1349 482 1483 534 πόδας
1508 484 1642 526 αιῖτοῦ
1668 482 1769 530 καὶὸ

285 553 519 594 α’νίσταται.
574 551 640 592 δεῖ
671 552 718 592 δὲ
746 552 927 604 εἰδέναι,
961 547 1029 592 ὅτι
1061 550 1086 592 o‘
1113 549 1339 605 λαμβάνων
1367 550 1413 594 τὸ
1437 550 1637 605 μανιάκιν
1660 551 1738 592 τοῦ

283 614 537 660 κανδιδάτου
573 616 739 667 πάντως
769 616 843 659 καί
879 614 1198 674 πραισεντοέλιος
1219 619 1400 672 γίνεται.
1456 614 1530 660 ἐὰν
1562 618 1609 658 δὲ
1641 616 1738 658 ἐνα-

284 681 457 739 ριὉμιός
481 685 595 726 ἐστιν
626 683 686 732 εἰς
713 681 812 732 τοὺς
842 681 899 737 μ’,
941 682 1218 739 προτάττεται
1249 685 1324 725 καί
1352 684 1436 726 τῶν
1477 697 1736 738 σουπερνου-

281 751 425 806 μέρων
451 746 620 791 πάντων
662 751 923 806 σχολαρίων,
962 751 1037 791 καί
1061 747 1289 799 ἐνάννωνος
1321 750 1530 792 τάττεται.
1584 749 1659 790 καί
1686 745 1733 789 δ’-

279 831 360 858 ταν
379 816 524 869 μέλλοι
552 818 726 871 πληροῖν
751 813 773 856 ὅ
801 814 1070 872 πριμικήριος
1099 817 1182 857 τῶν
1212 815 1473 858 κανδιδάτων
1507 812 1589 870 πρὸ
1628 815 1788 867 μιᾶςιο

280 875 311 936 ἦ
339 882 537 938 δευτέρας
565 878 728 937 ἡμέρας
765 883 849 924 τῶν
888 879 1106 924 καλάνδων
1138 883 1323 935 Μαΐων,
1356 881 1545 938 εἰσφέρει
1575 876 1735 930 αὖτοὺς
1777 879 1781 883 ’

282 946 306 988 ὅ
333 946 559 1002 μάγιστρος
581 950 945 1003 λευχημονοῦντας
973 946 1090 1003 παρὰ
1118 949 1178 1005 τῷ
1209 947 1417 1004 δεσπότῃ,
1454 947 1531 988 καί
1551 959 1738 1002 προσκυῑ-

279 1014 426 1055 νοῦσιν
465 1011 502 1055 οἱ
541 1011 833 1069 πληρώσαντες
862 1015 936 1056 καί
962 1013 1002 1056 οἷ
1030 1014 1246 1068 μέλλοντες
1277 1014 1511 1068 ἐπιβαίνειν
1544 1014 1604 1070 τῷ
1636 1027 1736 1073 πρι-Ι·

280 1076 508 1136 μικηράτῳ.
552 1080 626 1120 καί
652 1078 692 1121 οἱ
717 1074 835 1121 ἄλλοι
862 1079 1200 1136 εὐχαριστοῦσιν.
1249 1080 1536 1136 προσφέρεται
1563 1080 1610 1121 δὲ
1634 1093 1735 1137 ›rav-f

235 1143 455 1194 Βδιδάτος
484 1145 559 1186 καί
584 1146 629 1187 ἑν
653 1146 709 1201 τῷ
735 1140 909 1200 ἅρματι,
943 1144 1047 1187 ἔνθα
1079 1147 1271 1188 ἵστανται
1295 1143 1335 1187 οἱ
1362 1143 1620 1196 κανδιδοίτοι,
1663 1144 1789 1190 καίιό

280 1207 330 1252 οὖ
363 1209 491 1264 μόνον
522 1211 566 1252 ἐν
598 1213 655 1268 τῷ
686 1213 873 1253 ἐνταῦθα
906 1213 1115 1270 παλατίῳ,
1159 1213 1233 1253 καί
1258 1212 1303 1253 ἒν
1331 1214 1430 1261 ’τοῖς
1477 1211 1732 1266 προκένσοις,

278 1278 355 1319 καί
379 1275 484 1318 ἔνθα
517 1271 569 1318 ἄν
595 1278 711 1320 ἐστιν
742 1276 766 1319 ὅ
801 1277 1030 1330 βασιλεύς.
1087 1277 1251 1326 πάντως
1291 1277 1338 1318 δὲ
1370 1279 1430 1326 εἰς
1467 1276 1626 1318 ἐκεῖνον
1661 1273 1736 1325 τὸν

277 1339 404 1384 τόπον
430 1343 501 1384 δεῖ
516 1344 852 1398 προσενεχθῆναι
878 1341 951 1386 τὸν
971 1340 1240 1397 κανδιδάτον,
1284 1341 1391 1385 ἔνθα
1423 1340 1462 1384 οἱ
1486 1341 1733 1402 κανδιδὰτοι

280 1409 358 1460 καί
382 1405 702 1463 ἐξκουβεόουσιν
732 1408 806 1451 καὶ
830 1409 1032 1454 ἵστανται.
1088 1407 1162 1451 καί
1186 1411 1321 1451 ταῦτα
1343 1410 1423 1463 μὲν
1463 1408 1490 1464 ἦ
1514 1405 1734 1463 συνήθεια.

280 1472 303 1521 ὃ
329 1474 472 1528 μέντοι
519 1471 695 1530 εὐσεβής
712 1471 832 1532 ἡμῶν
860 1474 1064 1532 δεσπότης
1087 1472 1284 1526 πολλάκις
1303 1473 1377 1517 καί
1401 1476 1447 1518 ἐν
1465 1475 1635 1532 φερίαις
1661 1471 1787 1517 amizo

371 1585 427 1609 πο.
451 1575 607 1613 ΣΧΟΛ.
646 1574 799 1614 αἰσίοις.

278 1681 317 1713 in
343 1681 531 1726 triumpho
563 1681 733 1727 producti
768 1682 928 1716 barbari.
978 1683 1097 1730 Quam
1129 1684 1288 1729 primum
1313 1693 1397 1729 ergo
1431 1683 1632 1728 Imperator
1667 1680 1730 1728 [in

280 1726 477 1777 cathisma]
514 1728 764 1773 ingrediatur,
796 1730 910 1763 tradit
940 1740 1059 1764 comes
1087 1731 1259 1772 scholae,
1290 1730 1322 1763 si
1347 1729 1526 1770 adfuerit,
1563 1734 1648 1771 aut,
1685 1739 1729 1762 eo

279 1774 451 1816 absente,
491 1776 744 1820 primicerius,
785 1778 957 1822 magistro
992 1782 1179 1825 torquem,
1214 1782 1252 1811 et
1284 1777 1455 1822 magister
1486 1787 1570 1810 eum
1599 1781 1729 1810 tenens

277 1821 456 1855 ambabus
483 1822 654 1856 manibus
693 1825 798 1856 offert
821 1824 1061 1869 Imperatori,
1096 1825 1197 1858 cuius
1223 1824 1271 1857 ad
1295 1823 1458 1857 dextram
1486 1823 1625 1858 adstat:
1656 1823 1729 1856 Im-

274 1873 425 1946 perator
451 1868 601 1902 tandem
622 1869 817 1903 candidato
842 1876 1011 1917 torquem
1035 1872 1173 1915 tradit3
1200 1872 1265 1917 qui
1290 1871 1450 1916 procidit
1473 1871 1596 1912 humi,
1621 1880 1730 1903 oscu-

293 1919 375 1948 atur
400 1916 553 1960 Augusti
579 1916 691 1961 pedes
718 1922 755 1950 et
779 1919 944 1962 resurgit.
994 1918 1172 1965 Quisquis
1199 1924 1321 1952 autem
1346 1922 1515 1963 torquem
1542 1915 1728 1949 candidati

271 1963 479 2006 acceperit,
514 1962 544 1995 is
571 1973 615 1995 eo
640 1963 720 2008 ipso
747 1974 819 2008 quo
850 1975 895 1997 uc
921 1965 962 1998 fit
985 1965 1235 2010 praesentalis.
1285 1965 1327 1997 In
1352 1975 1462 1997 censu
1487 1962 1728 2009 quadraginta

274 2007 553 2041 candidatorum
586 2009 616 2042 si
642 2010 716 2050 sit,
748 1977 996 2054 pragbabetur
1029 2011 1219 2046 scholariis
1250 2010 1576 2055 super-numerariis
1609 2009 1729 2043 omni-

272 2052 365 2094 bus,
399 2059 435 2087 et
467 2054 640 2089 scribitur
673 2061 786 2101 atque
811 2057 970 2090 refertur
1003 2057 1099 2095 inter
1123 2068 1205 2098 eos,
1241 2058 1306 2102 qui
1342 2067 1504 2089 annonas
1530 2055 1726 2100 accipiunt.

272 2099 394 2133 Pridie
420 2101 578 2134 biduove
612 2107 696 2135 ante
730 2102 908 2135 Calendas
941 2103 1075 2145 Maias,
1112 2115 1224 2150 quum
1261 2103 1301 2135 in
1334 2113 1378 2135 eo
1411 2107 1466 2137 est
1496 2102 1725 2147 primicerius

270 2145 502 2189 scholarum,
527 2153 568 2180 ut
592 2149 760 2182 absolvat
786 2147 1097 2194 [primiceriatum
1122 2159 1253 2195 nempe
1279 2160 1406 2191 suum,
1431 2160 1550 2195 eoque
1573 2159 1725 2182 munere

274 2192 463 2241 ‹lecedat],
489 2195 690 2228 introducit
703 2205 764 2227 eos
792 2195 942 2241 [nempe
969 2196 1180 2230 candidatos
1208 2196 1354 2242 omnes]
1383 2197 1555 2241 magister
1578 2195 1625 2228 ad
1647 2196 1727 2228 Im-

301 2245 498 2282 eratorem,
523 2241 685 2275 candidis
710 2240 874 2276 vestibus
900 2242 1070 2284 indutos,
1097 2253 1254 2288 eumque
1282 2241 1438 2275 adorant
1459 2248 1535 2275 tam
1560 2242 1725 2275 defuncti

269 2251 579 2335 sprimiceriatuL
605 2299 715 2334 quam
742 2289 942 2321 successuri
971 2291 1010 2322 in
1034 2289 1344 2334 primiceriatum3
1369 2289 1505 2335 reliqui
1529 2300 1617 2323 voce
1640 2293 1724 2322 tan-

269 2338 350 2366 turn
383 2339 522 2378 gratum
562 2336 726 2368 animum
761 2339 872 2381 atque
905 2335 1126 2370 benevolum
1171 2340 1364 2373 testantur,
1412 2335 1628 2369 Producitur
1656 2346 1722 2370 seu

269 2385 526 2425 praesentatur
556 2382 736 2423 Domino,
771 2388 808 2415 et
844 2380 890 2414 ab
926 2393 968 2416 eo
1000 2387 1233 2427 promovetur
1266 2381 1480 2415 candidatus
1521 2383 1631 2415 etiam
1679 2382 1721 2415 in
1754 2396 1757 2399 ’

271 2433 428 2469 armate,
455 2428 536 2460 loco
561 2429 720 2469 scilicet,
758 2428 823 2461 ubi
848 2433 943 2461 stare
968 2430 1089 2462 solent
1113 2428 1322 2470 candidati,
1358 2434 1396 2461 et
1416 2439 1492 2462 non
1510 2434 1659 2462 ‚tantum
1681 2429 1722 2461 in

269 2471 342 2506 hoc
375 2472 550 2519 [magno,
586 2487 658 2522 quo
683 2474 773 2507 haec
798 2475 1046 2522 scribuntur,]
1079 2475 1237 2521 palatio,
1271 2474 1335 2508 sed
1360 2476 1471 2508 etiam
1510 2477 1550 2508 in
1573 2485 1721 2520 proces-

270 2520 460 2562 sionibus,
486 2526 524 2554 et
547 2522 819 2555 inuniversum
843 2522 931 2554 locis
958 2521 1126 2555 omnibus
1143 2548 1152 2564 ‚
1184 2522 1223 2554 in
1249 2521 1384 2568 quibus
1407 2523 1608 2567 Imperator
1631 2521 1719 2566 agit,

269 2566 406 2599 talibus
431 2572 553 2600 tamen
579 2568 717 2615 absque
750 2569 988 2612 exceptione,
1029 2570 1069 2602 in
1094 2569 1229 2616 quibus
1263 2569 1373 2602 etiam
1402 2568 1587 2602 candidati
1612 2578 1722 2602 excu-

267 2612 355 2646 hare
385 2619 421 2647 et
445 2620 539 2648 stare
570 2616 699 2650 solent.
749 2615 867 2660 Quem
903 2614 1077 2650 hactenus
1113 2617 1294 2661 persecuti
1327 2627 1447 2649 sumus
1484 2615 1630 2649 modum
1664 2616 1717 2648 ri-

269 2664 420 2707 tumque
460 2662 566 2695 variis
592 2662 723 2696 officiis
750 2662 995 2704 investiendi,
1033 2674 1116 2695 eum
1141 2662 1280 2708 flagitat
1305 2663 1453 2708 quidem
1483 2667 1520 2695 et
1543 2662 1718 2706 importat

269 2710 371 2741 vetus
404 2709 659 2745 eonsuetudos
695 2708 812 2755 Saepe
843 2714 964 2743 tamen
1000 2710 1110 2744 etiam
1142 2711 1181 2744 in
1205 2709 1305 2744 seriis
1331 2715 1369 2745 et
1394 2709 1533 2755 absque
1567 2707 1712 2742 silentio
