1878 3112
295 106 401 174 542
567 123 920 167 CONSTANTINJ
959 124 1436 168 PORPHYROGENITI

292 226 429 276 ζοντες
453 227 526 266 καί
549 225 602 266 τὰ
631 222 946 277 σπαθοβάκλια·
1001 222 1040 266 οῖ
1069 226 1115 267 δὲ
1148 227 1344 268 οἶκειακοί
1369 226 1716 284 πρωτοσπαθάρι-

291 306 331 332 οι
355 288 461 343 μετὰ
488 283 687 332 σπεκίων·
740 289 779 330 οἱ
807 291 854 330 δὲ
882 291 1021 330 λοιποί
1046 287 1225 340 ἅπαντες
1250 290 1357 344 μετὰ
1399 293 1716 348 σκαραμαγγίων

290 350 388 397 ἄνευ
411 356 492 396 τῶν
519 355 774 409 σεκρετικῶν.
811 357 1089 410 προέρχονται
1110 358 1154 398 δὲ
1177 353 1353 405 ἅπαντες
1380 359 1423 399 ἐν
1447 359 1503 415 τῷ
1529 358 1716 416 τρικλίνῳ

98 422 355 476 Εᾱ.1,.3ι3τῷ
380 421 581 476 λεγομένῳ
611 418 831 474 Λανουβύρ
849 453 861 471 ‚
891 422 963 461 καί
989 423 1236 472 καθέζονται
1265 425 1411 464 ἐκεῖσε.
1458 425 1497 465 εἰ
1523 425 1568 465 δὲ
1597 426 1668 465 καί
1695 422 1716 466 ὅ

289 482 487 539 βασιλεύς
512 480 744 538 ου’θελήσει
767 484 963 526 ἀπελθεῖν
983 484 1053 526 καί
1075 490 1374 541 παννυχεΰσαι,
1408 490 1459 544 τῇ
1485 485 1617 545 ἡμέρᾳ
1645 487 1744 544 τῆςὸ

96 555 161 590 Ms.
178 545 435 604 ι84.ειὲορτῆς
468 545 663 600 ἀλλάσσει
692 547 738 589 τὸ
767 548 1076 605 σκαραμάγγιον
1104 551 1234 592 αὐτοῦ
1245 586 1258 604 ,
1296 552 1367 594 καί
1404 554 1444 594 εἰ
1466 555 1545 606 μὲν
1574 550 1649 594 οὐκ
1677 551 1721 599 51,-

291 631 387 668 auu
409 610 555 666 εὐδία,
598 611 784 668 ἱππεύει,
823 613 896 656 καί
923 611 1151 670 ἀπέρχεται
1179 614 1259 657 ἀπὸ
1290 619 1599 673 σκαραμαγγίου
1617 636 1628 646 ·
1681 620 1721 661 εἰ

293 682 340 723 δὲ
367 678 476 722 ἔστιν
503 679 647 732 εὐδία,
694 680 924 735 ἀπέρχεται
966 681 1035 722 διὰ
1070 684 1143 723 τοῦ
1170 682 1317 731 πλοός.
1370 684 1589 735 καθέζεται
1617 686 1664 726 δὲ
1693 683 1719 740 ἢ

291 744 516 800 σύγκλητος
545 742 688 786 ἅπασα
714 741 795 786 ἀπὸ
826 747 1138 802 σκαραμαγγίυυ
1169 746 1324 798 «ἔξωθεν
1351 751 1425 803 τῆς
1451 749 1721 805 κοιλιωμένης

291 810 458 867 πόρτης,
487 813 531 852 ἐν
559 812 618 868 τῷ
646 811 822 868 αἰγιαλῷ
849 811 1109 865 ἐκδεχόμενοι
1136 811 1208 854 τὸν
1234 815 1420 866 βασιλέα.
1441 856 1443 858 ,
1466 816 1615 866 τοῦῑδὲ
1642 818 1776 869 βα-ιο

291 877 437 924 σιλέως
463 874 637 927 ἐξιόντος
663 872 744 917 ἀπὸ
774 878 851 917 τοῦ
881 875 1101 933 ὃρόμονος,
1148 879 1340 931 δέχονται
1367 877 1502 922 αὐτὸν
1531 878 1570 921 οἱ
1598 882 1723 935 πραι-

291 940 478 983 πόσιτοι·
532 939 800 997 παρακατιὼν
829 942 895 994 δὲ,
927 943 1120 996 δέχονται
1149 939 1272 984 αὐτὸν
1298 940 1518 999 μάγιστροι
1546 943 1618 985 καί
1643 961 1724 986 πα-

292 1009 440 1061 τρίκιοι
467 1008 537 1047 καί
563 1005 825 1061 ὂφφικιάλιοι
852 1010 1168 1062 προσκυνοῦντες
1196 1006 1346 1060 av’rdv,
1391 1008 1461 1050 καὶ
1487 1004 1724 1066 ἀναφέρου-

255 1084 360 1118 Βσιν
386 1067 515 1112 αὐτὸν
542 1073 587 1113 ἐν
615 1073 671 1128 τῷ
697 1075 844 1128 κοχλιιιῖ
886 1074 943 1129 τῷ
982 1075 1214 1128 εἰσφέροντι
1251 1074 1310 1121 εἰς
1336 1071 1389 1115 τὰ
1417 1077 1722 1129 κατηχουμενία

294 1138 367 1179 τοῦ
394 1135 572 1190 μεγάλου
601 1139 716 1181 ναοῦ.
771 1139 843 1178 καί
870 1139 1079 1193 διέρχεται
1121 1137 1190 1179 ὸίἁ
1236 1141 1313 1179 τοῦ
1339 1141 1545 1195 τρικλίνου
1573 1142 1646 1195 τῆς
1672 1139 1775 1184 ἆ-ι5

294 1201 386 1257 γίας
422 1204 573 1257 σοροῦ,
608 1201 680 1243 καί
707 1198 931 1258 ἀνέρχεται
960 1201 1031 1244 did
1059 1206 1135 1245 τοῦ
1161 1205 1398 1257 βισαλωτοῦ
1436 1206 1508 1246 καί
1542 1206 1618 1246 τοῦ
1653 1221 1724 1247 κο-

291 1268 442 1322 χλιοῦ,
493 1264 727 1309 διακόπτων
756 1266 829 1309 τὸν
857 1268 1060 1323 τρίκλινον
1087 1267 1156 1310 τὸν
1189 1269 1441 1322 καλούμενον
1470 1269 1721 1325 Λανούβιον.

294 1333 367 1374 καί
411 1334 648 1388 ἐξέρχονται
680 1333 739 1381 εἷς
771 1331 843 1374 τὸν
876 1333 1051 1388 πόρτικα
1079 1330 1152 1375 τὸν
1179 1331 1396 1387 λεγόμενον
1431 1334 1721 1391 Ἰωσηφιακὸν,

295 1400 367 1441 καί
394 1398 675 1453 ἀναφέρουσιν
703 1393 831 1439 αὖτὸν
859 1395 898 1438 οἱ
923 1396 1187 1453 πραιπόσιτοι
1217 1399 1294 1447 ἕως
1320 1401 1396 1440 τοῦ
1423 1402 1626 1449 κοιτῶνος.
1684 1391 1728 1442 οῖ’

297 1464 344 1504 δὲ
369 1455 593 1518 μάγιστροι
620 1461 692 1503 καί
718 1463 925 1518 πατρίκιοι
952 1462 1023 1504 καί
1050 1463 1073 1517 ἦ
1103 1461 1325 1518 σύγκλητος
1352 1460 1496 1506 ἅπασα
1524 1460 1775 1517 καθέζον-αο

296 1544 367 1571 ται
394 1529 439 1570 ἐν
466 1529 524 1584 τῷ
555 1527 773 1585 Δανουβίῳ
788 1562 800 1580 ‚
845 1530 918 1569 καί
944 1526 1225 1570 ἀλλάσσουσιν
1252 1527 1305 1570 τὰ
1335 1528 1542 1583 ἀλλάξιμα
1570 1531 1722 1584 αὔταῖν,

298 1596 371 1637 καί
403 1594 648 1644 καθέζονται
688 1594 817 1636 ἐκεῖσε
854 1592 1116 1649 ἐκδεχόμενοι
1157 1593 1231 1650 τὴν
1274 1593 1436 1638 ἔλευσιν
1460 1597 1535 1638 τοῦ
1565 1599 1724 1654 καιροῦ.

301 1764 420 1809 specia
446 1767 595 1807 gestant.
643 1763 784 1796 Praeter
822 1764 1010 1798 secreticos
1045 1763 1176 1809 reliqui
1202 1774 1324 1797 omnes
1349 1763 1548 1808 procedunt
1577 1765 1615 1798 in
1645 1776 1726 1799 sca-

301 1810 508 1854 ramangiis.
573 1810 772 1842 Procedant
805 1816 924 1843 autem
958 1816 993 1844 et
1024 1810 1242 1844 conveniunt
1278 1822 1400 1844 omnes
1435 1812 1474 1844 in
1504 1810 1725 1853 tricliniunh'

303 1857 400 1902 quod
426 1853 610 1889 Danubius
639 1856 854 1900 appellatur,
880 1863 916 1890 et
953 1857 1005 1889 ibi
1042 1856 1238 1889 consident.
1299 1856 1407 1900 Quod
1437 1858 1468 1890 si
1502 1862 1620 1890 autem
1652 1869 1727 1892 non

301 1904 482 1948 placuerit
515 1903 723 1946 imperatori
758 1903 992 1946 praecedente
1021 1903 1080 1936 die
1115 1905 1153 1936 in
1186 1902 1395 1935 blachernas
1429 1903 1481 1936 ire
1517 1914 1727 1950 sacrumque

302 1948 358 1982 ibi
383 1948 608 1993 pervigilium
634 1950 825 1992 perficere,
853 1949 973 1983 induit
997 1950 1074 1993 ipso
1101 1950 1192 1982 festo
1222 1949 1281 1982 (lie
1307 1950 1582 1993 scaramangium
1610 1961 1727 1990 suum,

305 2001 342 2028 et
366 2007 458 2041 equo
486 1994 658 2035 evehitur,
685 1996 714 2027 si
743 1998 871 2041 nempe
893 1997 1125 2041 tranquillum
1151 2007 1246 2029 mare
1268 2007 1341 2028 non
1366 1996 1493 2037 fuerit3
1517 1995 1582 2028 illo
1607 2001 1727 2029 autem

305 2042 434 2074 silente
458 2046 565 2086 atque
592 2043 812 2084 composito,
838 2044 875 2075 in
900 2043 1076 2074 liburnica
1101 2043 1191 2086 illue
1215 2043 1351 2086 pergit3
1377 2041 1501 2086 ibique
1527 2052 1547 2073 a
1570 2046 1646 2088 toto
1669 2053 1727 2076 se-

305 2092 390 2119 natu
420 2088 623 2130 excipitur,
650 2088 712 2131 qui
741 2089 990 2132 searamangiis
1016 2088 1163 2120 indutus
1192 2093 1289 2120 extra
1313 2093 1450 2131 portam
1477 2088 1725 2123 coeliomenen

306 2131 383 2178 [seu
408 2133 607 2176 depressam
634 2137 670 2165 et
696 2133 733 2164 in
769 2133 939 2166 humilius
970 2133 1173 2174 doductam3
1199 2134 1237 2166 id
1266 2135 1300 2166 ei
1332 2144 1462 2166 nomen
1498 2134 1588 2181 θεῖς]
1612 2134 1650 2168 in
1678 2135 1727 2168 li-

306 2185 384 2212 tore
407 2179 528 2218 sedet,
566 2185 770 2222 exspectans
795 2180 939 2212 Domini
965 2179 1165 2212 adventum.
1214 2180 1258 2212 Et
1288 2179 1558 2212 exscendentem
1583 2180 1728 2226 quidem

307 2236 327 2259 e
340 2225 526 2258 dromonio
539 2225 722 2267 excipiunt
733 2227 944 2269 praepositi:
964 2226 1147 2271 aliquanto
1158 2231 1275 2258 autem
1291 2225 1392 2258 illinc
1404 2226 1553 2259 ulterius
1569 2228 1728 2273 magistri

308 2276 347 2304 et
367 2271 509 2315 patricii
534 2275 571 2302 et
596 2269 759 2303 officiales
784 2272 968 2306 adorantes
988 2283 1087 2312 eum,
1112 2282 1287 2317 porroque
1312 2273 1522 2305 comitantur
1547 2285 1626 2306 eum
1649 2286 1729 2317 sur-

308 2329 385 2351 sum
410 2328 474 2362 per
507 2315 683 2349 cochleam
718 2316 763 2349 ad
794 2319 1060 2351 catechumenia
1095 2319 1210 2362 magni
1249 2319 1376 2363 templi
1418 2315 1724 2367 [blachernens'is]

311 2364 509 2397 ducentem.
559 2362 647 2396 Inde
672 2365 819 2397 traiecto
850 2365 1009 2398 triclinio
1052 2369 1190 2397 sanctae
1226 2365 1297 2397 sori
1329 2363 1409 2409 [vel
1439 2365 1652 2405 conditorii,
1688 2366 1727 2400 in

310 2422 382 2455 quo
414 2411 450 2443 B.
475 2409 632 2454 Virginis
658 2411 804 2443 amictus
846 2411 983 2457 iacet,]
1022 2410 1182 2443 ascendit
1218 2411 1413 2455 Imperator
1439 2423 1503 2456 per
1535 2412 1728 2459 biaalotum

312 2455 388 2502 {seu
412 2456 583 2489 lateribus
609 2456 716 2488 coctis
742 2463 977 2490 constructum
1003 2456 1211 2503 triclinium]
1238 2462 1274 2489 et
1302 2469 1365 2502 per
1394 2458 1573 2491 cochleam
1597 2459 1635 2493 i'n
1661 2459 1730 2493 tri-

311 2504 461 2536 clinium
485 2501 856 2536 Danubiumdictum.
903 2503 953 2536 Eo
976 2505 1194 2543 transmisso,
1216 2503 1380 2548 procedit
1403 2506 1440 2538 in
1471 2505 1645 2550 porticum
1667 2506 1730 2539 Io-

313 2549 495 2594 sephieam
521 2548 651 2581 dictam
667 2554 703 2581 et
722 2549 865 2583 tandem
891 2561 1003 2595 usque
1029 2550 1074 2583 ad
1099 2554 1285 2583 coetonem
1302 2576 1311 2591 ,
1337 2550 1590 2585 comitantibus
1622 2550 1730 2596 pra‘e-

312 2596 453 2641 positis.
502 2597 694 2628 Remanent
720 2601 837 2628 autem
855 2597 1012 2641 magistri
1039 2601 1075 2628 et
1096 2597 1240 2641 patricii
1265 2602 1300 2630 et
1322 2602 1418 2630 totus
1443 2602 1583 2630 senatus
1601 2597 1730 2631 seden-

314 2647 368 2676 tes
392 2643 431 2675 in
453 2641 640 2682 Danubio,
665 2646 701 2674 et
725 2642 881 2676 induunt
904 2643 1096 2676 mutatoria
1120 2654 1202 2682 sua,
1228 2649 1506 2688 exspectantque
1540 2642 1730 2677 adventum

315 2689 485 2735 temporis
505 2713 514 2730 ‚
549 2698 620 2735 quo
651 2689 865 2735 surgendum
901 2694 964 2724 est.
1025 2689 1092 2723 Illo
1132 2689 1345 2727 adveniente
1366 2715 1377 2732 ,
1410 2689 1547 2739 indicat
1576 2690 1728 2726 cei-imo-
