1884 3112
303 89 410 160 144
567 110 925 155 οοΝεΤΑΝΤιΝι
964 111 1448 155 Ponrnrlzoemm

293 210 317 256 ὅ
347 213 395 257 δὲ
417 213 693 270 πραιπόσιτος
713 216 822 269 λέγει
852 214 911 271 τῷ
941 215 1018 269 τῆς
1043 214 1368 270 καταστάσεως,
1410 208 1597 263 κάκεΜς
1627 216 1752 267 λαμ·

291 277 411 334 βάνει
443 278 575 323 αὐτὸν
597 279 678 322 άπὸ
702 281 775 334 τῆς
798 277 982 331 στάσεως
1017 281 1150 323 αὐτοῦ
1178 278 1282 334 μετά
1322 272 1628 335 σιλέντιαρίου,
1666 277 1742 320 καὶ

292 346 456 403 ἵστησιν
479 343 609 387 αὐτὸν
636 346 822 388 κάτωθεν
853 347 930 387 τοῦ
957 346 1182 388 πουλπι’του
1212 345 1450 403 ἔμπροσθεν
1474 346 1556 387 τῶν
1587 359 1740 400 πατρι-

291 414 415 464 κίων,
458 411 532 452 καί
555 411 714 461 εὐθέως
741 410 984 455 §mammam
1009 411 1032 454 ὅ
1063 413 1334 469 πραιπόσιτος
1369 413 1426 471 τῷ
1453 414 1623 466 βασιλεῖ’
1652 427 1741 452 στι-

289 477 419 533 χάριν
457 476 530 519 καί
565 477 802 533 stammana,
846 477 869 520 ὗ
893 480 940 520 δὲ
966 480 1039 535 τῆς
1069 477 1389 533 καταστάσεως,
1429 476 1639 534 κρατήσας
1666 474 1768 526 τὸν5

288 544 488 596 μέλλοντα
526 545 844 599 προβληθῆναι,
883 539 977 600 ἄγει
1017 540 1151 587 αὗτόν
1183 542 1288 601 πρὸς
1332 542 1404 588 τὸν
1431 545 1631 599 βασιλέα,
1671 539 1748 583 καὶ

289 610 580 665 προσκυνήσας
619 607 716 661 τούς
743 610 879 660 πόδας
906 611 985 653 τοῦ
1012 613 1221 666 βασιλέως
1247 613 1322 654 καί
1346 608 1638 664 ἀσπασάμενος
1668 607 1745 654 αὖ.

256 673 412 729 Βτούς,
458 671 700 720 ἀνίσταται.
756 674 849 720 εἶτα
885 676 1028 732 λαβών
1055 675 1101 719 τὸ
1140 677 1338 734 στιχάριν
1364 674 1469 731 μετὰ
1498 675 1576 718 τοῦ
1599 678 1746 730 βαλτι-

294 741 388 784 διὀυ
418 742 464 784 ἐκ
491 743 573 784 τῶν
597 744 754 800 χειρῶν
781 745 859 785 τοῦ
884 745 1106 798 βασιλέως,
1136 748 1257 800 φιλεῖ
1276 740 1378 792 τούς
1404 741 1537 793 πόδας
1563 743 1640 783 τοῦ
1668 742 1745 795 βα·

294 810 461 862 σιλέως,
511 808 654 864 λαβών
683 810 729 852 δὲ
758 804 888 851 αὖτὸν
914 807 1038 852 πάλιν
1064 808 1086 852 ὃ
1114 810 1189 866 τῆς
1222 805 1515 857 καταστάσεως
1541 822 1646 861 μετα
1674 821 1797 852 ‹rt-xo

291 873 551 931 λεντιαρίου,
594 876 782 932 εἰσφέρει
818 871 951 918 αὗτὸν
988 877 1048 926 εἰς
1084 874 1131 919 τὸ
1169 874 1288 918 ἔνδον
1314 874 1632 931 κονσιστώριον,
1671 873 1747 915 καὶ

292 939 474 991 ἐνδύσας
502 938 632 985 αὐτὸν
667 941 713 985 τὸ
744 939 986 998 στιχάριον,
1035 943 1272 999 περιζώσας
1311 939 1438 986 αὖτὸν
1464 940 1540 984 καί
1563 940 1611 983 τὸ
1638 944 1746 995 βαλ-

290 1009 451 1061 camme,
495 1006 633 1062 ἔξάγει
669 1004 802 1050 αὐτὸν
837 1007 912 1049 καὶ
952 1009 1113 1064 ἵστησιν
1150 1007 1388 1065 ἔμπροσθεν
1424 1009 1502 1050 τοῦ
1537 1007 1745 1062 βασιλέως

290 1074 481 1115 κάτωθεν
504 1076 582 1114 τοῦ
606 1073 838 1116 πουλπίτου
854 1093 866 1104 ·
921 1077 994 1118 καί
1020 1074 1168 1126 πάντες
1197 1073 1456 1125 εἰσελθόντες
1482 1074 1742 1132 προσκυνοῦ-

292 1155 384 1193 σιν,
426 1136 476 1181 ὃν
501 1135 654 1194 τρόπον
682 1141 756 1182 καί
781 1141 826 1183 ἐν
852 1143 903 1199 τῇ
930 1143 1114 1198 προβολῇ
1138 1143 1221 1183 τῶν
1248 1140 1503 1196 πατρικίων,
1554 1142 1628 1182 καί
1650 1134 1800 1194 ἄγειιὸ

293 1204 427 1248 αὐτὸν
455 1201 475 1247 ὅ
503 1207 578 1260 τῆς
605 1203 899 1257 καταστάσεως
928 1206 1030 1264 πρὸς
1059 1207 1131 1250 τὸν
1159 1209 1363 1262 βασιλέα,
1411 1206 1486 1249 καὶ
1509 1202 1745 1262 προσκυνή-

292 1287 372 1321 σας
402 1267 475 1314 καί
501 1270 797 1326 ἀσπασάμενος
825 1272 925 1324 τούς
953 1271 1083 1324 πόδας
1112 1274 1264 1329 αὐτοῦ,
1295 1273 1515 1316 ἀνίσταται
1524 1306 1538 1326 ,
1564 1271 1747 1327 ὖπερεο-

293 1336 470 1389 ξάμενος
499 1335 573 1380 τὸν
600 1338 795 1392 βασιλέα,
823 1338 1033 1396 κρατήσας
1063 1341 1109 1383 δὲ
1138 1336 1266 1383 αὖτὸν
1293 1339 1316 1381 o‘
1341 1341 1414 1395 τῆς
1435 1335 1747 1391 καταστάσεως,

293 1400 452 1457 εἰσάγει
492 1401 618 1444 αὕτὸν
655 1398 956 1460 ὖπισθοφανῶς
993 1406 1068 1446 καί
1093 1408 1256 1460 ἵστησιν
1294 1401 1425 1446 αὗτὸν
1460 1406 1505 1444 ἐν
1530 1405 1583 1459 τῇ
1610 1404 1748 1459 ἐφαρ-

255 1466 481 1526 ῦμοζούσῃ
511 1465 629 1530 αὐτῷ
654 1466 770 1521 τάξει
797 1485 841 1513 τε
869 1469 941 1512 καί
966 1467 1120 1513 στάσει.
1179 1472 1289 1528 (B.)
1321 1466 1416 1512 Εἶθ’
1443 1464 1576 1517 οὕτως
1603 1466 1802 1522 λαβώναο

290 1537 428 1589 νεῦμα
457 1533 480 1577 ὅ
508 1534 784 1591 πραιπόσιτος
811 1534 926 1594 παρὰ
960 1539 1037 1579 τοῦ
1069 1539 1289 1591 βασιλέως,
1316 1533 1429 1579 νεύει
1456 1536 1516 1592 τῷ
1538 1538 1748 1578 σιλεντια-

294 1603 370 1659 ριἰρ
395 1602 453 1660 τῷ
477 1598 628 1645 ἑστῶτι
655 1603 699 1644 ἐν
726 1603 779 1660 τῇ
807 1601 931 1660 πύλῃ,
959 1605 1032 1646 καί
1059 1605 1168 1658 λέγει
1194 1598 1500 1657 „aceldama”
1559 1597 1645 1644 εἷθ’
1673 1595 1748 1641 οὕ-

292 1684 376 1717 τως
405 1668 621 1723 διέρχεται
649 1666 720 1710 διὰ
749 1671 833 1711 τῶν
862 1671 1107 1724 ἐξκουβίτων
1134 1669 1208 1712 καί
1233 1670 1316 1712 τῶν
1345 1669 1509 1723 σχολῶν
1526 1668 1657 1723 μέχρι
1674 1667 1749 1722 τῆς

293 1732 476 1791 μεγάλης
505 1735 737 1790 ἐκκλησίας,
764 1736 837 1778 καί
864 1737 968 1795 δοχῇ
994 1735 1070 1778 καί
1092 1735 1227 1791 τάξει,
1263 1737 1365 1779 καθ’
1393 1731 1441 1777 ὃν
1466 1729 1624 1790 τρόπον
1648 1733 1749 1791 ἐδη-

392 1847 428 1893 4,
452 1850 488 1880 et
504 1849 535 1884 8.
561 1846 762 1895 στιχοέριον
789 1847 845 1883 ed.
943 1849 1001 1895 24.
1029 1850 1072 1897 τῇ
1096 1847 1191 1896 ὃοχῇ
1218 1849 1315 1883 coni.
1338 1849 1379 1887 R.

302 1937 452 1980 indicat,
477 1938 577 1986 quod
596 1940 823 1984 praepositus
846 1941 1100 1975 cerimoniario
1119 1940 1226 1982 dicit,
1250 1940 1356 1987 isque
1373 1950 1446 1972 una
1473 1949 1553 1972 cum
1581 1936 1750 1972 silentia-

302 1986 358 2019 rio
384 1997 404 2018 a
430 1997 492 2018 sua
521 1986 677 2018 statione
703 1992 908 2028 evocatum,
934 1988 973 2020 in
997 1994 1100 2033 parte
1130 1987 1295 2020 inferiori
1312 1986 1448 2032 pulpiti
1469 1991 1554 2019 ante
1574 1983 1748 2030 patricios

304 2032 506 2073 constituit,
530 2033 725 2079 statimque
742 2035 971 2078 praepositus
993 2035 1202 2069 sticharium
1227 2045 1291 2067 seu
1315 2033 1532 2066 strictiorem
1548 2036 1685 2065 vestem
1709 2035 1748 2065 et

303 2079 493 2113 baltheum
519 2078 732 2123 Imperatori
762 2081 893 2122 tradit,
945 2081 1219 2114 ceriinoniarius
1254 2090 1339 2114 vero
1373 2078 1607 2113 candidatum
1634 2089 1746 2112 mann

303 2127 522 2172 prehensum
538 2125 584 2158 ad
602 2127 856 2171 Imperatorem
883 2127 1003 2168 ducit,
1036 2128 1082 2160 ad
1109 2127 1210 2160 cuius
1238 2125 1349 2172 pedes
1372 2131 1564 2174 postquam
1588 2125 1749 2171 procidit

307 2174 443 2219 eosque
467 2173 647 2207 osculatus
669 2178 745 2215 est,
773 2175 900 2218 surgit.
948 2174 1090 2208 Deinde
1109 2174 1280 2208 stichario
1305 2178 1343 2206 et
1365 2172 1513 2208 baltheo
1541 2183 1560 2205 e
1576 2171 1748 2206 manibus

307 2220 539 2266 Imperatoris
567 2220 743 2265 acceptis,
776 2220 887 2266 pedes
912 2221 989 2254 eius
1009 2222 1210 2262 osculatur,
1243 2231 1316 2267 quo
1334 2220 1443 2261 sacm,
1471 2219 1747 2254 cerimoniarius

311 2279 392 2301 cum
416 2267 618 2300 silentiario
637 2277 719 2300 eum
737 2267 783 2300 ad
798 2268 952 2301 interius
979 2268 1246 2302 consistorium.
1263 2266 1379 2308 ducit,
1415 2267 1660 2314 sticharioque
1686 2267 1748 2301 in·-

311 2315 440 2349 dutum
457 2319 493 2347 et
515 2313 663 2348 baltheo
681 2314 837 2348 cinctum
866 2314 1036 2357 abducit,
1061 2321 1098 2350 et
1116 2320 1199 2348 ante
1221 2317 1479 2360 Imperatorem
1501 2315 1595 2348 infra
1623 2313 1749 2359 pulpi-

309 2366 389 2396 tum
405 2361 569 2394 collocat.
618 2362 750 2395 Omnes
770 2362 919 2407 ingressi
943 2362 1116 2404 adorant,
1144 2362 1239 2395 utin
1255 2362 1484 2407 promotione
1510 2361 1746 2407 patriciorum

310 2408 530 2449 notavimus,
558 2413 595 2441 et
614 2408 713 2442 ducit
727 2409 998 2443 cerimoniarius
1022 2409 1253 2443 candidatum
1270 2407 1316 2441 ad
1340 2409 1618 2454 Imperatorem,
1641 2407 1746 2442 cuiun

310 2456 424 2501 pedes
444 2460 486 2488 ut
506 2455 686 2488 osculatus
704 2462 758 2490 est
774 2466 929 2502 eumque
953 2456 1134 2499 adoravit,
1159 2456 1273 2502 surgit
1289 2461 1326 2490 et
1349 2455 1467 2490 fausta
1484 2455 1554 2501 ipsi
1571 2466 1592 2487 a
1620 2464 1747 2499 preca—

310 2507 391 2536 tur:
415 2502 656 2547 apprehendit
673 2508 793 2536 autem
812 2514 894 2536 eum
915 2504 1199 2544 cerimoniarius‚
1225 2507 1261 2536 et
1277 2503 1328 2535 sic
1343 2499 1519 2536 retrorsus
1537 2501 1583 2536 ad
1610 2506 1748 2543 netum,

311 2550 353 2582 in
373 2560 438 2582 suo
454 2549 582 2582 ordine
603 2555 638 2583 et
656 2550 812 2584 statione
838 2551 1001 2584 collocat.
1040 2551 1138 2631 ιΞΠ.)
1161 2552 1286 2585 Postea
1307 2551 1554 2595 praepositus,
1579 2549 1681 2594 signo
1698 2546 1747 2581 ab

311 2597 535 2641 Imperatore
563 2602 727 2641 accepto,
783 2597 987 2631 silentiario
1017 2609 1036 2630 a
1086 2603 1228 2643 portam
1263 2598 1374 2630 stanti
1402 2597 1551 2638 annuit,
1577 2600 1614 2630 et
1637 2594 1746 2629 dicit:

312 2644 450 2685 Iubete,
492 2647 530 2677 et
551 2643 602 2676 sie
625 2645 823 2689 Imperator
845 2655 910 2689 per
941 2644 1110 2679 excubias
1138 2645 1352 2692 scholasque
1376 2644 1423 2677 ad
1442 2654 1606 2690 magnam
1629 2641 1747 2674 eccle-

314 2689 427 2734 siam,
458 2700 502 2724 eo
532 2689 660 2726 ordine
684 2701 800 2740 eaque
822 2702 954 2740 pompa
969 2717 980 2737 ,
1013 2702 1123 2742 quam
1142 2693 1183 2730 in
1205 2692 1436 2741 processione
1456 2691 1589 2727 natalis
1610 2686 1748 2725 christi
