1884 3112
866 0 902 36 Ο

293 102 312 140 1
325 82 396 140 28
567 99 926 145 CONSTANTINI
965 64 1452 142 ponpnmoomru

280 203 547 261 λεντιαρίων,
585 203 659 246 καί
680 204 804 245 αὖτοί
825 200 1154 258 ὕπερευχόμενοι
1179 204 1253 246 τὸν
1284 204 1476 257 βασιλέα,
1505 199 1545 244 οἳ
1572 202 1620 244 δὲ
1641 218 1724 244 πα-

280 270 432 327 τρίκιοι
456 272 515 320 εἰς
535 269 580 312 τὸ
607 268 751 312 στενὸν
778 267 850 310 καί
869 268 991 311 αὐτοὶ
1019 267 1174 321 ὁμοίως
1212 271 1394 310 ποιοῦσι.
1450 267 1525 310 καί
1545 267 1724 311 διελθών

283 337 353 379 δια
389 338 463 380 τοῦ
494 336 753 390 αὔγουστέως
787 335 1024 390 εἰσέρχεται
1052 335 1111 383 εἰς
1139 333 1186 376 τὸ
1217 335 1442 389 παλάτιον,
1472 335 1547 376 καί
1564 334 1724 385 εὐθέως

109 403 627 452 Με.66.1>οἷπαλλοίσσουσιν
654 400 691 442 οἱ
719 395 918 455 ἄρχοντες
945 400 1105 454 πάντες,
1133 400 1207 442 καί
1231 403 1428 454 μένουσιν
1459 396 1538 442 ἀπὸ
1565 417 1725 456 σκαρα-

100 484 164 521 Ed.
176 482 213 517 L.
230 467 479 529 76μαγγιὶον.
534 465 618 523 χρή
644 467 691 508 δὲ
710 467 880 521 εἰδέναι,
908 462 969 510 ὅτι
996 467 1048 524 τῇ
1072 466 1180 524 αὐτῇ
1206 463 1340 526 ἡμέρα
1374 469 1620 525 προέλευσις
1649 463 1752 514 οὗκ5

281 535 530 592 εἰσέρχεται.

888 636 1028 678 ΚΕΦ.
1055 633 1130 690 κγ’.

294 722 390 760 Ὅσα
408 723 469 759 δεῖ
483 723 793 772 παραφυλάττειν
808 723 851 772 τῇ
869 722 980 773 ἑορτῇ
999 725 1064 759 καὶ
1085 723 1312 772 προελεύσει
1327 725 1391 767 τῆς
1406 722 1522 772 α’γίας
1538 723 1706 774 Χριστοῦ

599 796 670 829 τοῦ
688 795 784 830 Θεοῦ
804 795 912 842 ἡμῶν
930 791 1023 829 κατὰ
1054 794 1180 841 σάρκα
1194 793 1413 841 γεννήσεως.

394 885 691 939 Προὲρχονται
726 880 905 934 ἅπαντες
944 886 1198 940 η’λλαγμένοι
1235 885 1281 926 ἐν
1302 884 1362 942 τῷ
1393 883 1624 941 ἡμικυκλίῳ
1657 885 1786 939 τῆςιο

285 950 464 1003 ἅψίδος,
495 951 722 1006 φοροῦντες
752 949 792 992 οἶ
821 953 1033 1006 πατρίκιοι
1062 950 1137 993 καί
1166 948 1204 991 οἱ
1230 951 1307 992 τοῦ
1335 951 1630 1004 κουβουκλείου
1661 947 1736 991 καὶ

287 1014 327 1058 οἷ
349 1014 401 1058 τὰ
427 1018 573 1071 πρῶτα
593 1017 776 1072 ὀφφίκια
800 1018 1042 1071 κατέχοντες
1077 1017 1305 1071 χλανίὸια,
1336 1013 1372 1058 οἱ
1397 1017 1476 1069 μὲν
1503 1012 1636 1071 τύρεα
1661 1014 1738 1057 καὶ

259 1080 676 1138 Βμηλινοκάθρυπτα,
710 1082 864 1135 ὁμοίως
892 1081 966 1124 καὶ
997 1081 1037 1124 οἱ
1070 1085 1146 1125 τοῦ
1175 1083 1472 1136 κουβουκλείου
1499 1080 1653 1138 τύρεα,
1695 1078 1736 1123 οἷ

289 1150 336 1190 δὲ
357 1149 521 1196 ταῶνας
548 1146 820 1202 κογχευτούς,
850 1148 983 1204 ἕτεροι
1007 1150 1052 1190 δὲ
1071 1145 1344 1204 μαρζαύλια·
1390 1149 1738 1203 καθυπουργοῦσι

289 1215 338 1255 δὲ
375 1211 415 1255 οἱ
443 1212 566 1255 αὐτοὶ
593 1211 699 1268 μετά
726 1216 809 1256 τῶν
835 1215 974 1257 αΰτῶν
992 1216 1222 1269 χλανιδίων
1244 1215 1376 1270 μέχρι
1409 1215 1483 1270 τῆς
1521 1211 1602 1269 πρὸ
1631 1214 1792 1266 μιᾶςι5

287 1279 458 1335 ἧμεριὸν
481 1281 728 1335 παραμονῆς
745 1283 828 1323 τῶν
852 1279 1017 1337 φώτων.
1068 1284 1145 1323 τοῦ
1169 1282 1215 1323 δὲ
1244 1282 1450 1322 παλατίου
1483 1281 1749 1332 α’νοίξαντοςι
1801 1324 1805 1329 ,

289 1345 334 1387 οῖ’
362 1361 406 1387 τε
445 1348 656 1402 πατρίκιοι
674 1345 750 1388 καί
776 1347 1001 1403 στρατηγοὶ
1018 1347 1092 1390 καί
1119 1346 1159 1390 οἶ
1183 1349 1260 1390 τοῦ
1278 1348 1575 1401 κουβουκλείου
1601 1347 1739 1402 εἰσέρ-

286 1426 434 1466 χονται
465 1413 526 1460 εἰς
555 1410 601 1454 τὸ
637 1410 882 1467 ἡμικύκλιον
916 1416 990 1468 τῆς
1019 1416 1198 1468 α’ψίδος,
1231 1411 1433 1462 ὡσαύτως
1456 1411 1531 1454 καὶ
1555 1411 1596 1454 οἱ
1622 1413 1667 1463 ἐξ
1695 1409 1739 1454 ἔ-

287 1480 395 1527 θους
414 1474 716 1533 εἰσερχόμενοι,
748 1478 823 1520 καί
835 1477 999 1522 πάντων
1025 1481 1070 1522 ἐν
1093 1482 1151 1538 τῷ
1169 1480 1358 1538 παλατίῳ
1385 1475 1668 1532 εἰσελθόντων,
1698 1475 1739 1520 οἱ

287 1546 368 1598 μὲν
393 1545 607 1599 πατρίκιοι
631 1541 723 1599 ἅμα
741 1548 824 1588 τῶν
849 1549 1089 1602 στρατηγῶν
1113 1561 1158 1589 τε
1182 1545 1257 1588 καί
1277 1545 1528 1600 δομεστόιων
1547 1546 1794 1600 ὃέχονταιπο

288 1609 362 1653 τὸν
397 1610 578 1665 βασιλέα
613 1611 658 1652 ἒν
686 1613 744 1670 τῷ
769 1611 1000 1671 ἡμικυκλίῳ
1029 1614 1103 1668 τῆς
1127 1614 1301 1666 α’ψίδος,
1337 1607 1466 1668 ἤγουν
1481 1613 1558 1655 τὀὕ
1575 1608 1741 1667 τρικόγ-

288 1692 395 1731 χου·
461 1674 501 1719 οἱ
541 1677 587 1719 δὲ
618 1679 694 1719 τοῦ
715 1681 1011 1733 κουβουκλειόυ
1053 1676 1231 1729 ἅπαντες
1251 1675 1539 1735 εἰσερχόμενοι
1561 1675 1634 1720 διὰ
1657 1679 1741 1720 τῶν

387 1788 420 1834 4.
443 1787 583 1827 πάντες
598 1799 667 1823 om.
687 1789 742 1823 ed.
837 1791 868 1826 5.
892 1790 934 1827 δὲ
958 1802 1026 1826 om.
1050 1791 1126 1825 cod.

296 1888 484 1926 tempora,
519 1882 734 1916 acclamans:
767 1893 832 1927 per
856 1883 1061 1929 onopodcm
1087 1887 1334 1917 transeuntem
1367 1881 1639 1916 cerimoniarius
1661 1891 1743 1916 cum

297 1928 529 1967 silentiariis,
567 1929 683 1962 fausta
717 1931 934 1974 precaturis‚
965 1931 1119 1976 excipit,
1144 1930 1243 1976 quod
1274 1930 1371 1964 idem
1405 1930 1549 1974 patricii
1576 1930 1616 1962 in
1637 1933 1741 1962 steno

297 1974 448 2011 faciunt.
511 1975 691 2010 Postremo
726 1988 791 2020 per
825 1982 1036 2022 augusteum
1062 1978 1239 2022 palatium
1269 1977 1494 2023 ingreditur,
1518 1975 1581 2009 ubi
1617 1986 1742 2009 omnes

296 2030 463 2064 proceres
487 2023 695 2056 mutatorias
721 2022 922 2068 deponunt,
948 2028 986 2058 et
1009 2024 1048 2057 in
1073 2024 1323 2069 scaramangiis
1350 2028 1511 2060 manent.
1556 2022 1742 2058 processio

299 2072 422 2102 autem
446 2067 550 2103 nulla
574 2080 617 2103 eo
647 2068 706 2103 die
731 2069 777 2103 ad
800 2071 976 2115 palatium
1001 2070 1217 2105 instituitur.

933 2160 1030 2196 CAP.
1059 2162 1116 2198 23.

330 2237 569 2275 Observanda
586 2240 736 2289 infisto
758 2239 818 2276 die
843 2249 876 2276 et
892 2243 1124 2288 processione
1149 2241 1291 2289 sacrae}
1301 2240 1438 2277 christi
1447 2269 1461 2284 ,
1486 2241 1748 2290 Deijnostri,]
1768 2285 1772 2288 .

718 2310 933 2345 nativitatis
952 2309 1150 2346 secundum
1168 2321 1327 2346 carnem.

396 2399 599 2435 Procedant
622 2413 747 2436 omnes
776 2402 815 2436 in
841 2403 1046 2437 mutatoriis
1070 2401 1116 2436 ad
1139 2402 1376 2446 hemicyclum
1402 2399 1558 2448 apsidis,
1581 2400 1747 2446 patricii,

306 2445 523 2481 cubicularii
549 2454 586 2482 et
608 2450 783 2493 supremis
808 2450 1018 2484 muneribus
1043 2450 1239 2495 praefecti,
1264 2450 1424 2490 tunicas,
1448 2449 1559 2493 tyrias
1582 2447 1640 2481 illi
1665 2447 1750 2493 qui-

305 2492 389 2527 dem
415 2500 453 2528 et
474 2495 619 2536 laneas,
657 2496 873 2530 cubicularii
897 2498 1007 2541 tyrias
1024 2522 1034 2538 ,
1078 2496 1118 2530 hi
1144 2497 1346 2542 pavonibus
1373 2495 1595 2542 conchisque
1620 2495 1749 2539 pictas,

305 2540 371 2574 alii
387 2542 579 2575 marzaulia
602 2548 803 2588 gestantes:
831 2545 1039 2578 ministrant
1049 2555 1132 2578 vero
1154 2545 1228 2577 suis
1247 2545 1287 2577 in
1311 2545 1445 2578 tunicis
1469 2542 1514 2576 ad
1531 2553 1613 2575 eum
1628 2540 1750 2582 diem,

304 2588 369 2632 qui
391 2589 552 2634 vigiliam
573 2589 662 2624 sesti
686 2591 863 2624 luminum
889 2591 1083 2636 praecedit.
1131 2591 1269 2624 Palatio
1299 2597 1423 2636 aperto
1438 2615 1448 2631 ,
1472 2589 1631 2636 patricii,
1655 2593 1750 2622 stra·

302 2634 376 2678 tegi
393 2640 430 2668 et
444 2635 658 2671 cubicularii
685 2649 764 2671 cum
791 2639 932 2680 ceteris,
953 2639 1018 2684 qui
1041 2638 1182 2684 ingredi
1204 2638 1333 2680 solent,
1358 2636 1598 2681 hemicyclum
1613 2633 1750 2681 apsidis

301 2679 576 2727 ingrediuntur,
599 2695 671 2731 quo
700 2685 820 2732 facto,
856 2685 1004 2731 patricii
1028 2697 1111 2721 cum
1133 2686 1297 2732 strategis
1323 2689 1360 2721 et
1383 2683 1592 2721 domesticis
1625 2682 1748 2728 Impe-
