1878 3112
251 95 385 153 310·
536 110 898 158 CONSTANTlNI
939 110 1424 161 PORPHYROGENITI

250 216 344 272 γιὀυ
382 212 606 261 Ἰωάννου.
661 216 734 256 καί
762 215 977 269 διέρχεται
1005 212 1026 256 ὅ
1052 213 1273 270 βασιλεὺς,
1305 216 1625 272 δηριγευόμενος
1650 214 1707 260 «ιῖ-

210 282 311 329 Βπὸ
342 285 426 325 τῶν
454 280 788 338 προειρημένων,
828 278 901 322 διὰ
924 282 1000 323 τοῦ
1029 282 1162 324 αὐτοῦ
1189 282 1463 338 ἡμικυκλίου,
1509 284 1635 327 adun*
1658 285 1707 327 δὲ

250 347 555 404 ὕπερεύχονται
581 345 652 388 τὸν
680 348 869 399 βασιλέα,
901 349 973 389 καί
1001 345 1181 390 διελθών
1209 347 1279 389 διὰ
1309 351 1384 404 τῆς
1410 352 1602 405 γανωτῆς
1631 348 1707 396 πύ-

250 418 325 470 λης
363 415 439 455 τοῦ
480 409 721 467 μονοθύρου
761 412 833 454 καί
870 410 941 453 διὰ
983 414 1064 455 τῶν
1094 414 1350 468 διαβατικῶν
1377 417 1460 456 τῶν
1489 414 1619 470 ἁγίων
1646 414 1706 469 μ’,

250 482 487 535 εἰσέρχεται
520 480 566 521 έν
593 481 651 535 τῷ
675 477 1027 538 χρυσοτρικλίνῳ,
1064 478 1137 521 καὶ
1161 477 1487 535 ὗπερευξάμενοι
1514 478 1732 536 μεγάλως5

251 544 292 588 οἵ
329 546 405 587 τοῦ
443 547 738 599 κουβουκλείου
779 541 962 594 ἅπαντες
1001 543 1048 587 vd
1084 547 1175 598 »εἰς
1211 545 1388 597 πολλοὺς
1415 546 1490 589 καὶ
1516 545 1708 602 ἇγαθούς

250 609 433 667 χρόνους
443 613 487 663 ,”
527 611 787 665 ἐξέρχονται,
813 613 887 653 καί
914 610 1171 668 ἀπέρχονται
1200 613 1372 662 ἕκαστος
1400 613 1544 660 αὐτῶν
1572 615 1618 658 ἐν
1645 614 1707 673 τῷ

255 678 349 739 ἰδίῳ
378 675 514 719 αὑτοῦ
545 675 655 735 οἴκῳ.

62 795 246 834 Ed.L.181
860 791 998 832 ΚΕΦ.
1027 787 1104 842 ξθ’.

337 876 432 920 Ὅσα
457 878 517 915 δεῖ
538 879 869 930 παραφυλάττειν,
895 880 1066 915 ἱππικοῦ
1088 879 1282 928 α’γομένου
1306 881 1377 916 τοῦ
1400 879 1627 927 καταλόγου.
1715 890 1763 918 xo

364 969 718 1024 Προσκαλοῦνται
739 966 777 1010 οἱ
802 966 1003 1012 δεσπόται
1030 974 1117 1018 τοῖς
1144 971 1445 1024 πραιποσίτοις,
1475 968 1709 1020 κελεύοντες

59 1033 438 1090 Μ8.1Ω9·1)δοθῆναι
464 1033 509 1076 τὸ
539 1034 763 1091 βηλάριον,
807 1029 899 1090 ἦτοι
927 1034 1134 1091 κρεμάσαι
1162 1033 1209 1077 τὸ
1239 1036 1399 1080 πάνιον.
1456 1036 1480 1079 o‘
1509 1037 1556 1079 δὲ
1582 1052 1710 1092 πραι-

251 1100 421 1149 πόσιτος
449 1099 651 1154 ἐξελθών,
693 1101 803 1155 λέγει
830 1102 887 1158 τῷ
914 1104 1153 1160 θεσσαρίῳ·
1207 1097 1419 1157 ,,ἆ’πελθε,
1448 1102 1553 1159 βάλε
1581 1098 1712 1146 ἅνω.”

254 1163 275 1210 ὅ
306 1167 351 1207 δὲ
383 1164 648 1221 ἐξερχόμενος
675 1164 847 1221 ἔρχεται
876 1168 936 1216 εἰς
963 1166 1010 1208 τὸ
1039 1166 1192 1221 στάμα,
1222 1163 1350 1224 ἤγουν
1373 1170 1432 1218 εἰς
1458 1167 1504 1211 τὸ
1535 1172 1583 1212 Π
1596 1203 1609 1222 ,
1638 1166 1713 1211 καὶ

254 1233 628 1288 κατασφραγίζων,
675 1238 792 1275 ποιεῖ
814 1237 925 1288 τρεῖς
954 1232 1193 1289 σταυροὺς,
1239 1236 1312 1276 καί
1349 1232 1433 1276 α’πὸ
1461 1235 1543 1277 τῶν
1570 1237 1762 1286 ἐκεῖσει5

256 1293 489 1353 ἀπέρχεται
518 1299 577 1348 εἷς
603 1296 649 1340 τό
678 1296 871 1354 δεύτερον
898 1298 1115 1355 κριτάριον
1130 1333 1142 1353 ,
1195 1295 1359 1343 κάκεῖσε
1398 1299 1550 1355 ὁμοίως
1578 1318 1710 1344 κατα-

257 1365 482 1420 σφραγίζει
503 1362 643 1419 τρίτον
661 1365 733 1406 ἐπὶ
750 1364 827 1413 τὰς
853 1365 1006 1420 θύρας,
1034 1367 1107 1407 καί
1133 1367 1241 1420 λέγει
1268 1366 1406 1421 τρίτον
1431 1366 1591 1426 μεγάλῃ
1618 1384 1710 1424 φω-

218 1430 331 1486 Βνῇ·
387 1423 595 1482 ,,οἰ’πελθε,
625 1429 728 1483 βάλε
755 1424 895 1482 ἅνω,”
922 1432 994 1472 καί
1019 1432 1179 1481 ειῖθέως
1207 1431 1227 1474 ὅ
1260 1432 1589 1490 κουστωδιάριος
1616 1449 1711 1490 κρε-

257 1496 320 1553 μᾷ
348 1493 394 1536 τὸ
425 1497 551 1550 ,Βῆλον
580 1490 693 1548 ἅνω,
743 1494 816 1537 καὶ
842 1494 864 1537 ὅ
891 1495 1174 1552 μαγγανάριος
1202 1496 1295 1557 ἱστᾷ
1331 1497 1384 1540 τὰ
1414 1498 1629 1554 κάγκελλα.
1686 1497 1710 1540 ὅ

261 1563 309 1608 δὲ
337 1559 560 1617 θεσσάριος
589 1560 668 1603 ἀπὸ
700 1565 782 1605 τῶν
809 1563 941 1605 ἐκεῖσε
969 1562 1280 1619 κατερχόμενος,
1311 1564 1540 1621 ἀπέρχεται
1558 1567 1617 1617 εἰς
1638 1564 1767 1614 ‘tomo

260 1629 465 1680 σταῢλον,
510 1628 582 1669 καί
614 1627 784 1670 ἵσταται
823 1630 883 1678 εἷς
920 1628 998 1685 τὴν
1038 1628 1166 1686 φλιάν
1193 1633 1271 1672 τοῦ
1297 1628 1481 1686 μεγάλου
1509 1633 1711 1686 πυλῶνος,

354 1729 386 1752 2.
412 1717 534 1750 αὗτοῦ
568 1728 637 1752 om.
666 1718 722 1752 ed.
820 1720 871 1756 13.
899 1722 1134 1768 θεσσεραρίῳ
1163 1721 1256 1755 coni.
1282 1719 1405 1755 Leich.
1513 1733 1567 1757 20.
1591 1722 1646 1759 εἰς
1668 1717 1710 1759 τὸ

359 1763 522 1809 στάβλον
547 1763 601 1800 ed.

262 1853 437 1887 bicularii
480 1866 604 1888 omnes
650 1867 734 1890 eum
775 1859 1015 1901 comitantur,
1049 1858 1335 1905 protospatharii
1371 1870 1456 1895 vero
1485 1864 1523 1893 et
1551 1859 1714 1893 mancla-

262 1901 360 1936 vitae
401 1902 440 1933 in
481 1901 679 1947 hemicyclo
720 1905 899 1938 triconchi
940 1912 1024 1939 ante
1063 1907 1096 1940 S.
1135 1907 1283 1941 Ioannis
1319 1906 1445 1940 aedem
1481 1906 1634 1940 adstant.
1681 1905 1720 1940 Α·

267 1947 374 1980 dictis
404 1949 556 1993 stipatus
595 1952 813 1996 Imperator,
847 1963 913 1997 per
942 1953 1038 1987 idem
1073 1952 1311 1997 hemicyclum
1335 1955 1485 1995 transit,
1517 1954 1604 1998 ipsis
1630 1952 1713 1985 sau-

264 1998 319 2026 sta
347 1994 381 2027 ei
410 1996 713 2040 apprecantibus,
745 2010 883 2044 perque
918 2000 1152 2033 cancellatam
1186 2006 1327 2045 portam
1359 2006 1396 2033 et
1424 2000 1586 2046 porticus
1622 2010 1714 2044 qua-

266 2040 430 2085 draginta
456 2042 666 2076 Sanctorum
694 2055 843 2078 aureum
869 2046 1070 2080 triclinium
1098 2047 1230 2088 intrat,
1255 2047 1320 2080 ubi
1349 2046 1566 2080 cubicularii
1588 2056 1714 2081 omnes

267 2088 342 2120 alta
375 2098 462 2123 voce
499 2090 534 2123 ei
571 2091 788 2125 acclamant:
833 2095 880 2128 1η
903 2093 1015 2140 longa
1040 2102 1074 2128 et
1097 2094 1238 2140 felicia
1265 2095 1452 2142 tempora!
1499 2098 1537 2127 et
1571 2092 1624 2130 sic
1647 2092 1715 2126 ab-

270 2138 380 2177 eunt,
411 2140 449 2171 et
471 2137 607 2181 singuli
637 2136 684 2170 ad
717 2138 824 2173 aedes
858 2151 940 2174 suas
976 2139 1179 2182 discedunt,

905 2231 998 2266 CAP.
1024 2233 1046 2266 6
1071 2256 1079 2264 .

511 2296 751 2332 Observanda
765 2324 781 2339 ,
806 2298 956 2346 quando
978 2244 1164 2349 equitatus
1171 2298 1228 2349 fit
1249 2298 1468 2346 designatio.

357 2374 509 2411 Domini
533 2378 760 2422 praepositos
796 2384 949 2421 vocant,
983 2385 1097 2425 utque
1123 2379 1301 2417 velarium
1340 2379 1428 2412 dent
1460 2389 1524 2412 seu
1550 2389 1714 2424 pannum

266 2422 562 2466 suspendendum
590 2430 741 2466 curent,
775 2427 1022 2471 praecipiunt,
1075 2427 1304 2471 praepositus
1338 2437 1425 2461 vero
1457 2425 1634 2467 discedit,
1676 2431 1716 2460 et

265 2470 458 2503 tesserario
481 2470 588 2504 dicit:
612 2471 703 2512 Abi,
731 2485 872 2509 sursum
893 2475 1059 2522 proiice,
1086 2478 1196 2519 atque
1216 2475 1268 2507 sic
1283 2474 1495 2506 tesserarius
1515 2473 1561 2506 ad
1586 2474 1718 2506 statio-

264 2525 349 2549 nem
363 2516 461 2558 circi,
486 2528 580 2563 quae
600 2518 751 2558 formam
770 2520 914 2553 litterae
932 2523 976 2554 Π
990 2521 1118 2562 refert,
1135 2520 1291 2561 accedit,
1314 2525 1351 2553 et
1369 2526 1425 2553 ter
1443 2521 1621 2565 populum
1634 2531 1717 2553 cru-->

266 2572 306 2596 ce
324 2564 460 2608 signat,
485 2565 571 2598 inde
589 2565 635 2598 ad
653 2567 846 2599 secundam
867 2568 1079 2611 stationem,
1116 2567 1179 2600 ubi
1197 2569 1332 2612 pariter
1355 2568 1401 2600 ad
1420 2569 1546 2600 ianuas
1574 2578 1715 2600 crucem

265 2607 374 2651 facit,
408 2616 538 2657 terque
555 2624 682 2659 magna
714 2625 803 2648 voce
840 2616 1033 2648 exclamat:
1067 2615 1164 2656 Abi,
1190 2627 1331 2649 sursum
1356 2616 1518 2661 proiice3
1544 2619 1631 2647 tunc
1652 2625 1716 2647 cu-

266 2656 462 2691 stodiarius
491 2660 613 2695 velum
642 2661 765 2695 statim
794 2662 833 2694 in
850 2663 1029 2706 superiori
1057 2658 1137 2694 foco
1166 2661 1376 2706 suspendit,
1412 2667 1450 2695 et
1471 2661 1716 2694 machinarius

267 2704 446 2742 cancellos
468 2707 668 2746 constituit.
717 2709 944 2748 Tesserarius
975 2708 1019 2742 ab
1045 2719 1088 2742 eo
1105 2709 1185 2742 loco
1217 2708 1422 2750 descendit,
1457 2707 1716 2754 stabulumque
