1878 3112
288 108 404 175 402
563 124 923 168 coNsrAN‘rml
965 122 1454 170 PORPHYROGENJTI

286 231 415 282 πέζια
452 230 527 271 stac*
551 226 749 283 κλιβὰνια
778 225 853 269 καὶ
881 223 1045 283 χύτρας
1075 227 1100 269 o‘
1120 225 1306 286 ἔπαρχος
1338 230 1414 286 τῆς
1447 227 1608 281 πόλεως
1638 233 1742 274 ἄπο-

287 295 404 348 λύει,
433 291 561 336 πάλιν
589 292 694 335 κατὰ
718 290 931 336 πιττάκιον
952 296 1032 335 τοῦ
1050 297 1299 351 μαγίστρου.
1353 296 1429 346 τὰς
1464 297 1512 339 δὲ
1536 297 1744 353 ἇρούλλας

92 359 330 417 Ed.L.234oi
367 362 450 402 τῶν
492 361 713 416 φαβρίκων
741 361 1016 416 παρέχουσιν.
1073 357 1353 415 α’πονέμονται
1385 363 1433 405 δὲ
1478 365 1592 422 αὐτῷ
1621 364 1740 420 παρὰ

288 429 366 470 τοῦ
386 424 575 482 ἐπάρχου
604 427 679 468 καί
711 419 855 482 ὅπερες
885 428 931 468 ἐκ
964 427 1047 469 τῶν
1078 431 1326 484 καπηλείων.
1381 431 1457 472 καί
1484 431 1556 472 δεῖ
1577 427 1624 474 τὸ
1659 434 1766 486 βα·-4

289 497 455 535 λανεῖον
475 495 553 533 τοῦ
583 490 696 534 οἴκου
725 495 882 535 ἐκείνου
900 527 913 547 ,
941 494 986 535 ἒν
1010 487 1044 552 ᾧ
1071 496 1216 547 μέλλει
1245 496 1392 550 οἰκεῖν,
1422 493 1769 552 ἓτοιμασθῆναι,5

91 555 320 620 M3‚159,ar'7⁸
345 558 390 601 τὸ
421 557 595 614 πλησίον
621 559 778 613 αὐτοῦ,
815 559 909 612 ἵνα,
949 555 1017 602 ὅτε
1059 560 1276 616 βούλεται,
1317 561 1390 604 καὶ
1424 560 1552 613 αὐτὸς
1594 563 1667 606 καί
1706 561 1748 605 οἱ

283 628 377 680 μετ’
405 624 540 667 αὐτοῦ
586 624 808 680 λούονται,
848 627 924 668 καί
949 623 1094 676 αὐτοῖς
1134 626 1276 681 μόνοις
1311 628 1507 683 σχολάζει
1533 629 1578 671 τὸ
1609 632 1747 684 βαλα-

286 697 413 735 νεῖον.
468 690 541 733 uae*
564 690 672 734 ἐπὰν
700 690 993 750 καταπλεύσῃ,
1023 694 1094 734 δεῖ
1113 692 1188 735 τὸν
1209 694 1444 751 μάγιστρον
1470 697 1639 749 πέμψαι
1665 699 1747 750 βα-

287 755 473 808 σιλικούς
503 759 654 808 ἵππους
670 775 682 786 ·
739 758 758 816 (
772 759 922 801 δίδωσι
950 761 998 802 δὲ
1033 755 1187 809 αὖτοὺς
1213 759 1235 803 ὅ
1262 758 1500 818 σπᾱθάριος
1525 763 1600 803 τοῦ
1621 754 1747 815 βασι-

288 826 445 883 λέως·>
504 825 576 866 καί
620 823 813 879 δέχονται
852 823 985 868 αὔτὸν
1012 826 1059 867 ἐκ
1087 828 1171 869 τῶν
1200 826 1443 883 δρομόνων,
1482 826 1556 869 καὶ
1581 829 1797 885 α’ποῳέ-ιο

288 907 438 948 ρουσιν
465 893 526 940 εἰς
552 889 623 933 τὸν
652 887 764 932 οἶκον
807 887 953 934 αὖτοῦ.
1007 893 1082 934 καί
1117 888 1249 943 εὐθὺς
1284 895 1440 947 πέμπει
1469 892 1492 937 ὅ
1518 891 1748 950 μάγιστρος

294 955 369 998 καί
396 953 631 1008 ἀσπάζεται
659 955 811 1010 αὐτὸν,
841 959 912 1000 καί
938 958 1063 1000 πάλιν
1090 958 1228 1017 ἐρωτᾷ
1254 958 1405 1014 αὐτὸν,
1435 962 1523 1012 πῶς
1550 959 1750 1017 διεσώθη.

249 1024 447 1076 Βπὲμπει
474 1025 524 1065 δὲ
553 1023 665 1081 αὐτῷ
693 1021 766 1065 καί
787 1025 903 1074 ξένια
932 1023 1003 1066 διὰ
1031 1027 1108 1067 τοῦ
1139 1025 1358 1083 ὄπτίονος,
1387 1022 1417 1068 ἃ
1442 1025 1664 1081 βούλεται·
1690 1027 1750 1076 ὥς

290 1091 364 1133 ἐπὶ
390 1088 496 1131 πολὺ
537 1091 584 1131 δὲ
610 1089 684 1131 καί
705 1088 729 1131 ὅ
758 1090 955 1146 πρέσβεις
982 1093 1165 1146 πέμπει,
1211 1093 1284 1135 καί
1328 1092 1642 1145 ἅντασπάζεται
1676 1092 1765 1137 τὸν

290 1154 538 1212 μάγιστρον.
594 1158 668 1198 καί
689 1154 774 1212 χρὴ
802 1154 876 1198 τὸν
914 1158 1146 1214 μάγιστρον
1182 1159 1386 1210 δέξασθαι
1412 1156 1545 1215 ἦπίως
1570 1158 1644 1201 τὸν
1675 1160 1765 1216 {pq
1776 1168 1802 1210 5

289 1221 474 1277 χόμενον
515 1223 589 1264 καί
639 1223 788 1264 δοῦναι
828 1219 1125 1279 ἀνι-απόκρισιν
1161 1222 1371 1280 ἅρμοδίαν
1411 1227 1468 1284 τῷ
1520 1221 1750 1284 ἀσπασμῷ.

293 1289 420 1344 δηλοῖ
442 1289 489 1331 δὲ
519 1285 635 1348 αὐτῷ
673 1286 744 1330 διὰ
780 1290 858 1331 τοῦ
893 1290 1047 1332 οἰκείου
1088 1286 1318 1347 ἀνθρώπου
1358 1290 1380 1333 ὅ
1415 1290 1646 1348 μάγιστρος
1686 1288 1750 1335 ὅτι

291 1349 555 1410 ,,οἷνα’κτησαι
591 1352 766 1410 σαυτὸν,
807 1357 881 1398 καί
919 1351 987 1398 ὅτε
1015 1358 1218 1416 συνορᾷς,
1259 1356 1510 1411 ἀσπάζομαί
1529 1361 1613 1402 σε.”
1670 1354 1749 1401 κᾶ-

293 1425 427 1469 κεῖνος
445 1423 499 1478 τῇ
525 1417 620 1476 ἑξῆς
648 1416 676 1478 ἢ
699 1419 804 1474 μετὰ
825 1423 930 1475 μίαν
949 1420 1191 1479 προμηνύει,
1221 1422 1301 1465 καί·
1320 1423 1488 1479 ἔρχεται
1515 1425 1588 1467 καί
1613 1421 1751 1468 cland-

296 1489 408 1539 ζεται
437 1485 509 1532 τὸν
536 1486 790 1544 μάγιστρον,
830 1489 902 1531 καί
930 1489 1096 1543 δέχεται
1123 1488 1255 1532 αὐτον
1283 1489 1367 1532 α’πὸ
1402 1488 1641 1546 στόματος,
1678 1493 1806 1542 καίαο

392 1592 424 1625 3.
449 1590 486 1622 Σ
487 1590 603 1624 ΧΟΛ.
629 1589 780 1635 τεχνῶν.

299 1682 408 1716 Urbis
449 1684 520 1730 ipsi
555 1693 726 1729 quoque,
764 1683 884 1728 legato
914 1687 1026 1728 puta,
1072 1693 1200 1728 operas
1234 1693 1254 1716 e
1290 1682 1453 1716 tabernis
1487 1682 1546 1717 vel
1579 1684 1753 1729 cauponis

299 1730 445 1763 sufficit.
494 1731 613 1764 Etiam
651 1730 825 1764 balneum
859 1730 960 1763 illius
1003 1730 1155 1770 domus,
1196 1741 1306 1776 quam
1338 1729 1558 1765 inhibitabit
1589 1731 1754 1777 legatus,

298 1782 364 1811 aut
406 1777 529 1810 saltim
571 1777 735 1818 vieInae,
776 1782 944 1822 paratum
981 1788 1058 1811 csse
1092 1776 1223 1819 debet,
1266 1788 1340 1823 quo
1379 1777 1545 1823 etipse,
1585 1777 1754 1824 quando-

299 1835 445 1870 cunque
479 1824 652 1866 libuerit,
697 1830 735 1857 et
773 1826 852 1858 eius
894 1824 1024 1858 famuli
1068 1824 1183 1859 lavari
1215 1830 1375 1870 queant,
1410 1830 1448 1858 et
1477 1823 1651 1858 balneum
1681 1823 1754 1857 ha-

298 1871 413 1906 beant
448 1871 520 1904 sibi
561 1871 649 1904 solis
679 1872 824 1916 privum
868 1878 905 1906 et
940 1883 1080 1907 vacans.
1133 1870 1296 1917 Appulso
1332 1870 1380 1904 ad
1412 1871 1501 1906 litus
1540 1871 1648 1905 Urbis
1684 1871 1755 1903 ob-

298 1919 395 1951 viam
436 1918 582 1954 mittere
627 1918 740 1952 debet
777 1919 947 1963 magister
987 1919 1196 1964 imperiales
1238 1929 1374 1968 equos,
1420 1929 1513 1963 quos
1548 1918 1754 1964 spatharius

300 1966 534 2010 Imperatoris
558 1967 728 2010 praestat.
766 1966 813 2000 Hi
838 1978 920 1999 eum
947 1966 1172 2012 comitesque
1206 1975 1226 1998 e
1248 1964 1485 1998 dromonibus
1519 1964 1753 1999 escendentes

301 2013 509 2057 excipiunt,
542 2018 579 2046 et
609 2012 757 2046 domum
785 2024 887 2046 suam
916 2012 1096 2046 deferunt.
1145 2012 1229 2058 Quo
1262 2011 1360 2046 sa‘cto
1387 2011 1557 2056 magister
1584 2011 1754 2056 protinus

302 2069 387 2091 eum
424 2070 490 2104 per
532 2059 692 2103 legatum
727 2059 880 2101 salutat,
921 2064 959 2092 et
1001 2058 1121 2092 denuo
1146 2063 1403 2105 percontatur,
1431 2058 1504 2103 q'ua
1540 2059 1684 2093 ratione
1716 2062 1756 2092 et

303 2105 399 2138 satin
436 2117 481 2139 ex
503 2112 589 2139 voto
616 2106 816 2140 conductus
842 2116 908 2151 per
928 2106 1026 2140 viam
1052 2111 1090 2138 et
1112 2105 1183 2138 huc
1209 2105 1350 2139 delatus
1377 2104 1500 2138 suerit.
1532 2105 1755 2138 Munuscula

303 2153 414 2185 simul
446 2152 767 2186 beneventationis
801 2154 872 2197 ipsi
907 2163 973 2197 per
1009 2153 1196 2197 optionem
1232 2147 1366 2192 mittit,
1403 2151 1527 2197 qualia
1561 2151 1755 2196 placuerit.

303 2201 351 2233 Ut
374 2199 575 2244 plurimum
599 2211 685 2234 vero
713 2200 791 2244 ipse
818 2210 966 2245 quoque
991 2199 1131 2243 legatus
1157 2209 1222 2243 per
1250 2209 1399 2231 suorum
1425 2197 1609 2244 quendam
1633 2197 1757 2232 reddit

302 2246 477 2290 magistro
502 2246 734 2280 salutationis
759 2247 875 2289 vices3
905 2257 1014 2291 quem
1039 2244 1222 2291 hospitem
1235 2245 1490 2279 advenientem
1514 2246 1676 2290 magistri
1696 2249 1759 2278 est
1788 2239 1799 2246 ’

304 2293 495 2326 commode
519 2293 752 2339 benigneque
779 2294 966 2338 excipere,
1004 2302 1292 2338 responsumque
1318 2292 1533 2326 salutationi
1558 2303 1759 2336 congruum

306 2339 470 2373 reddere.
521 2340 626 2385 Quae
657 2346 780 2374 autem
805 2341 975 2384 magister
1005 2340 1126 2385 legato
1149 2350 1215 2385 per
1239 2339 1447 2372 ministrum
1469 2351 1573 2373 suum
1598 2339 1759 2372 familia-

306 2398 383 2420 rem
407 2387 576 2428 nuntiat,
603 2387 699 2430 ⁴haee
726 2387 839 2420 ferme
873 2393 967 2420 sunt.
1017 2386 1125 2420 Iubet
1156 2387 1276 2431 ipsum
1303 2387 1540 2432 animumque
1566 2392 1602 2420 et
1626 2396 1758 2431 corpus

305 2434 383 2467 otio
409 2439 447 2468 et
470 2434 596 2480 quiete
629 2434 676 2468 ab
701 2434 844 2467 itineris
869 2433 1000 2468 taediis
1027 2438 1065 2467 et
1089 2433 1225 2477 fatigiis
1259 2444 1439 2474 recreare;
1477 2445 1515 2467 se
1548 2435 1668 2479 ipsum
1697 2443 1762 2466 co·-

306 2491 384 2514 ram
409 2481 655 2516 salutaturum
681 2492 781 2522 esse,
815 2481 961 2526 quando
986 2481 1195 2526 permiserit
1218 2484 1256 2513 et
1280 2479 1510 2514 commodum
1535 2480 1607 2526 ipsi
1631 2480 1758 2513 fuerit.

305 2528 413 2564 Tunc
447 2528 590 2573 legatus
625 2534 690 2562 aut
719 2529 885 2574 proximo
917 2533 982 2561 aut
1011 2529 1121 2562 tertio
1159 2527 1257 2560 diem
1292 2529 1471 2573 significat
1495 2529 1667 2572 magistro
1692 2536 1759 2570 per

303 2575 548 2620 praemissum
574 2577 765 2616 nuntium,
793 2587 830 2610 se
850 2574 898 2608 ad
919 2576 1039 2620 ipsum
1063 2579 1279 2616 venturum,
1304 2580 1342 2608 et
1368 2572 1419 2608 si'c
1446 2574 1587 2608 aceedit
1611 2571 1658 2606 ad
1681 2583 1760 2605 ma-

304 2622 460 2666 gistrum
498 2633 659 2669 eumque
691 2623 836 2658 salutat.
886 2621 1006 2668 Quem
1040 2622 1211 2665 magister
1245 2623 1404 2656 vicissim
1434 2626 1662 2668 praesentem
1685 2620 1760 2652 iam

304 2679 479 2713 praesens
509 2669 670 2715 benigno
694 2669 880 2715 colloquio
901 2669 1046 2714 exeipit.
1094 2669 1206 2702 Cuius
1230 2668 1268 2702 id
1287 2670 1443 2714 primum
1467 2675 1504 2702 et
1523 2667 1760 2714 praecipuum

306 2720 567 2763 argumentum
601 2722 675 2760 est,
711 2722 752 2752 ut
773 2717 944 2763 magister
972 2714 1070 2762 apud
1101 2716 1262 2763 legatum
1284 2721 1539 2763 percontetur,
1575 2711 1759 2761 quomodo
