1878 3112
295 145 406 222 788
563 164 923 208 CONSTANTlNl
963 164 1448 208 PORPnYRoGENl'n

293 266 456 310 δίδοται
496 266 637 314 αὐτοῖς
675 267 719 316 ἐξ
747 262 924 308 ἑκάστου
956 265 1098 308 αὐτῶν
1123 300 1152 320 ,,
1184 265 1250 321 ιβ’·
1307 267 1460 322 ὁμοίως
1485 270 1560 310 καί
1589 270 1635 310 ἐκ
1663 270 1739 324 τῆς

294 334 497 388 διανομῆς
535 334 610 373 τοῦ
649 333 824 385 κυμβίου
864 332 941 373 τοῦ
979 333 1200 386 διδομένου
1238 332 1354 389 παρὰ
1395 335 1471 375 τοῦ
1497 336 1737 387 τιμωμένου

295 400 514 454 πατρικίου
558 395 847 451 λαμβάνουσιν
885 399 1053 451 νομίσμ.
1091 397 1158 451 ιβ’.
1215 397 1253 440 οἱ
1293 400 1341 440 δὲ
1374 397 1739 456 χειροτονούμενοι

295 465 520 520 στρατηγοὶ
557 461 602 505 ἔν
630 479 675 504 τε
705 464 756 520 τῇ
787 459 970 520 ἀνατολῇ
1018 462 1092 505 καί
1128 466 1180 521 τῇ
1217 464 1338 507 δύσει
1374 469 1632 522 παρέχουσιν
1661 467 1741 506 av'-

294 536 383 579 τοῖς
410 528 490 571 ἀνά
521 545 692 582 νομισμ.
718 529 786 583 ιβ.
842 531 882 571 εἰ
909 530 954 571 δὲ
983 529 1056 571 καί
1082 531 1307 583 ἐπιμένωσι
1334 527 1766 586 στρατηγοὶ,’ὗσάκις5

293 592 346 639 ἂν
373 595 646 653 ῥογευθαῖσιν,
678 595 715 637 οἱ
743 597 821 648 μὲν
854 596 1097 639 ἆνατολικοί
1126 595 1204 638 ἀντὶ
1233 612 1402 650 νομισμ.
1431 596 1498 650 ιβ’,
1520 592 1605 639 »κᾶν
1629 595 1740 651 τάχα

95 662 459 718 Εᾱ.ι.456τύχοιεν
496 663 555 711 εἰς
591 661 638 704 τὸ
679 660 789 704 ἴδιον
824 664 960 715 θὲμα,
1002 661 1077 717 τὴν
1105 660 1236 719 ῥόγαν
1264 662 1406 704 αὐτῶν
1443 662 1741 716 ἀποσταλῆναι.

292 728 331 771 οἶ
362 730 408 771 δὲ
437 729 512 783 τῆς
559 727 719 777 δύσεως
756 728 830 770 καὶ
861 727 920 783 μὴ
951 726 1238 784 ῥογευόμενοι,
1267 725 1411 777 ὁσάκις
1437 725 1490 771 ἂν
1516 730 1562 771 ἐν
1586 730 1636 786 τῇ
1662 731 1741 782 βα-

261 792 531 851 ,σιλευοόσῃ
550 797 632 836 τῶν
662 793 823 837 πόλεων
864 797 1153 848 ἑπανέλθωσι,
1196 797 1453 851 παρέχουσιν
1490 795 1632 843 αΰτοῖς
1659 791 1741 836 viva*

292 878 462 914 νομισμ.
501 860 568 914 ιβ’.
626 863 966 916 προβαλλομένου
1009 863 1055 903 δὲ
1093 862 1139 903 ἐκ
1165 859 1401 917 Δπροσώπου
1443 861 1676 917 στρατηγοῦ
1713 853 1797 913 ἢιο

293 926 626 983 κλεισουράρχου
659 923 688 982 ἢ
716 925 935 969 κατεπάνω
969 929 1312 983 Παφλαγωνιάς,
1342 926 1502 969 δίδοται
1528 925 1671 976 αὐτοῖς
1698 926 1742 976 ἐξ

293 991 468 1036 ἑκάστου
497 990 638 1035 αὐτῶν
667 991 746 1035 α’νιὶ
774 1009 940 1046 νομισμ.
962 991 1012 1049 η’,
1043 995 1116 1036 καί
1141 991 1286 1043 ὗσάκις
1313 988 1568 1043 εἰσελθόντες
1595 990 1744 1048 {foy-wy-

293 1062 405 1102 θῶσι
420 1095 433 1114 ,
477 1059 604 1101 πάλιν
631 1057 708 1114 τὴν
737 1058 867 1116 αὕτὴν
895 1061 1100 1115 ποσότητα
1127 1062 1386 1115 παρέχουσιν
1414 1059 1571 1108 αὐτοῖς.
1629 1055 1668 1099 οἶ
1696 1057 1744 1098 δὲ

295 1123 590 1182 ὄφφικιάλιοι,
636 1120 715 1167 κᾶν
757 1141 802 1166 τε
853 1128 906 1182 τῇ
940 1127 1023 1168 τῶν
1067 1127 1462 1182 πρωτοσπαθαρίων
1502 1122 1747 1179 τετίμηνται

297 1191 416 1250 ἀξίᾳ,
452 1186 530 1240 κῖίν
556 1207 599 1233 τε
625 1193 698 1233 καί
723 1189 807 1246 μὴ,
844 1190 929 1233 ἀπό
958 1207 1004 1232 τε
1043 1193 1118 1233 τοῦ
1148 1194 1430 1246 πραιποσίτου
1458 1191 1534 1232 καί
1563 1191 1643 1231 τοῦ
1670 1190 1797 1234 clo-15

97 1259 493 1312 Ms.260.ap,cwu'xov
531 1259 616 1300 τῶν
645 1257 810 1312 σχολῶν
847 1258 976 1312 μέχρι
1018 1259 1094 1311 τῆς
1129 1259 1204 1299 τοῦ
1241 1258 1628 1312 πρωτοσπαθαρίου
1659 1257 1744 1298 τοῖν

258 1336 286 1369 Β
297 1324 549 1380 βασιλικῶν,
577 1324 745 1365 δι’δουσι
773 1321 847 1364 καί
871 1320 993 1364 αὐτοὶ
1029 1320 1138 1372 ἅπαξ
1175 1320 1256 1364 dvc)
1287 1356 1315 1376 ,‚
1345 1320 1411 1377 ιβ’·
1467 1321 1505 1364 οἱ
1535 1323 1581 1364 δὲ
1609 1322 1748 1364 λοιποὶ

259 1378 448 1440 1’πάντες
493 1387 760 1446 ὄφφικιάλιοι
805 1389 936 1443 μέχρι
977 1390 1052 1430 τοῦ
1094 1386 1341 1441 δομεστίκου
1386 1389 1470 1430 τῶν
1516 1388 1746 1442 βασιλικῶν

297 1454 379 1506 α’νοὶ
408 1489 437 1509 ,,
464 1453 512 1510 η’.
571 1456 610 1497 εἰ
637 1456 684 1496 δέ
711 1471 775 1504 τις
802 1455 1001 1508 εὐνοῦχος
1041 1454 1421 1510 πρωτοσπαθάριος
1447 1455 1642 1509 γένηται,
1680 1453 1747 1494 δι’-

299 1523 429 1574 δωσιν
459 1517 604 1570 αὐτοῖς
634 1517 747 1571 ἅπαξ
776 1553 806 1574 ,,
835 1519 885 1575 η’·
941 1517 1209 1576 πριμικήριος
1236 1514 1263 1574 ἢ
1292 1516 1506 1576 ὄστιάριος
1533 1517 1611 1561 ἆνά
1637 1552 1666 1573 „
1696 1515 1799 1567 ς’·αο

298 1586 498 1636 ὡσαύτως
527 1583 548 1627 ὅ
579 1582 723 1643 ἄρχων
750 1588 830 1628 τοῦ
857 1582 1153 1642 ἇρμαμέντου,
1191 1583 1213 1626 ὅ
1240 1583 1564 1641 μινσουράτωρ,
1593 1584 1617 1627 ὅ
1645 1600 1745 1627 κου-

299 1646 438 1708 ῥάτωρ
470 1654 542 1694 τοῦ
571 1651 801 1708 κτήματος,
842 1651 879 1694 οἱ
907 1650 1208 1708 χαρτουλάριοι
1236 1651 1312 1693 τοῦ
1344 1651 1460 1702 (mov
1490 1645 1698 1708 δρόμου,’
1719 1648 1746 1692 0e

299 1718 568 1775 οἶκτουάριος,
609 1718 631 1760 ὅ
673 1718 1004 1776 πρωτονοτάριος
1040 1718 1114 1761 τοῦ
1153 1716 1335 1775 δρόμου,
1378 1716 1400 1760 ὁ
1436 1714 1745 1773 χαρτουλὰριος

299 1865 387 1888 mos.
435 1854 572 1888 Pariter
592 1866 635 1888 ex
660 1854 840 1888 divisione
866 1853 1093 1900 apocombii,
1127 1851 1227 1900 quod
1251 1862 1374 1886 recens
1402 1851 1602 1886 honoratus
1625 1851 1744 1896 patri-

301 1903 376 1934 cius
405 1900 483 1941 dat,
522 1901 706 1946 accipiunt
730 1912 895 1934 nummos
923 1901 1125 1934 duodecim.
1173 1900 1287 1934 Electi
1312 1900 1473 1945 strategi,
1495 1903 1568 1931 tam
1595 1898 1634 1930 in
1658 1898 1746 1932 Ori-

301 1953 442 1988 entem,
485 1959 591 1994 quam
621 1949 660 1982 in
684 1948 918 1982 Occidentem
953 1946 1142 1988 mittendi,
1183 1946 1271 1980 dant
1302 1947 1390 1991 ipsis
1413 1956 1578 1980 nummos
1604 1944 1748 1978 duode-

301 1996 382 2027 cim.
432 1996 489 2034 Et,
514 1996 542 2028 si
574 1994 684 2042 [ultra
711 2006 844 2028 annum
872 1997 911 2028 iu
937 2006 1000 2028 sua
1026 1993 1218 2041 dignitate]
1247 1998 1419 2026 maneant
1443 1993 1581 2038 absque
1605 2002 1748 2025 succes-

301 2052 406 2081 sore,
455 2043 598 2086 quotics
634 2053 753 2086 rogam
787 2053 851 2075 seu
884 2041 1109 2086 stipendium
1136 2041 1296 2074 militare
1329 2041 1514 2084 accipiunt
1537 2037 1747 2079 orientales,

301 2085 390 2120 dant
413 2099 577 2121 nummos
604 2089 806 2130 duodecim,
835 2087 932 2134 quod
951 2089 1060 2121 etiam
1082 2088 1234 2127 faciunt,
1261 2087 1403 2132 quoties
1421 2085 1510 2131 ipsis
1535 2085 1574 2118 in
1597 2084 1746 2129 provin-

301 2134 373 2166 cias
399 2132 469 2165 iam
496 2135 626 2169 delatis
651 2141 687 2169 et
716 2135 770 2169 ibi
796 2134 987 2179 agentibus
1013 2145 1120 2177 rogae
1152 2134 1366 2167 mittuntur:
1407 2130 1649 2166 occidentales
1682 2142 1748 2164 au-

300 2185 375 2214 tem
402 2181 615 2215 tantundem
641 2182 728 2225 ipsis
756 2183 855 2221 dant,
883 2183 1027 2227 quoties
1052 2181 1090 2213 in
1116 2180 1243 2212 urbem
1268 2179 1402 2223 regiam
1427 2180 1578 2218 intrant,
1603 2178 1747 2211 etiamsi

301 2237 421 2271 rogam
447 2238 520 2260 non
545 2229 760 2272 acceperint.
810 2227 957 2260 Creatus
985 2237 1049 2270 pro
1075 2227 1155 2259 loco
1181 2230 1379 2269 strategus,
1404 2230 1468 2258 aut
1491 2223 1746 2266 cleisurarcha‚

301 2278 364 2307 aut
386 2277 558 2317 catepano
587 2285 650 2307 seu
675 2275 884 2318 capitaneus
914 2273 1179 2318 Paphlagoniae
1208 2272 1270 2306 dat
1294 2282 1458 2304 nummos
1484 2276 1576 2305 octo.
1630 2269 1746 2305 Iidem

302 2321 447 2366 quoties
474 2320 512 2353 in
533 2321 663 2354 Urbem
689 2322 821 2355 reversi
849 2331 967 2364 rogam
998 2320 1221 2365 acceperint,
1261 2318 1477 2352 tantundem
1510 2329 1631 2352 rursus
1658 2317 1746 2350 dant

302 2367 492 2404 officiales,
533 2367 605 2400 sive
629 2373 774 2412 praeter
799 2379 900 2400 suum
930 2367 1084 2400 ossicium
1109 2372 1231 2411 protos
1262 2365 1393 2398 atharii
1420 2376 1570 2412 quoque
1594 2364 1745 2406 suerint,

302 2415 378 2448 sive
403 2424 497 2453 non,
537 2424 556 2445 a
582 2414 792 2459 praeposito
818 2413 904 2447 inde
929 2413 1204 2460 scholarumque
1229 2377 1425 2446 Xomestico
1451 2422 1567 2459 usque
1591 2412 1638 2445 ad
1685 2421 1746 2444 ro-

302 2460 567 2504 tospatharium
594 2461 834 2506 imperialium
859 2460 1060 2502 hominum,
1085 2460 1173 2494 dant
1197 2459 1309 2494 semel
1333 2461 1488 2506 quisque
1498 2469 1566 2503 pro
1589 2459 1646 2492 se*
1677 2468 1746 2491 uo—

303 2507 420 2540 decim
445 2518 622 2541 nummos.
674 2508 819 2554 Reliqui
847 2507 1014 2541 officiales
1041 2518 1163 2541 omnes
1190 2507 1359 2552 deinceps
1393 2517 1510 2551 usque
1542 2504 1588 2538 ad
1621 2503 1747 2538 dome—

303 2554 433 2588 sticum
459 2554 706 2599 imperialium
731 2554 820 2587 dant
851 2556 1099 2601 unusquisque
1134 2565 1199 2599 pro
1238 2565 1301 2587 sua
1334 2563 1487 2599 persona
1519 2557 1601 2585 octo
1637 2560 1748 2584 num-
1776 2561 1777 2567 ¹

306 2611 394 2634 mos.
446 2600 676 2634 Tantundem
703 2600 764 2634 dat
789 2600 993 2642 eunuchus,
1032 2601 1062 2633 si
1083 2599 1394 2646 protospatharius
1419 2599 1470 2632 fit.
1518 2596 1746 2633 Primicerius

308 2646 636 2694 [candidatorum]
675 2653 737 2681 aut
770 2648 938 2682 ostiarius
979 2648 1066 2682 dant
1093 2649 1228 2694 pariter
1260 2659 1323 2681 sex
1354 2656 1531 2681 nummos.
1581 2645 1746 2679 Tantun-

308 2693 390 2726 dem
415 2693 502 2726 dant
526 2695 696 2738 magister
720 2696 932 2728 armamenti
966 2706 1029 2728 seu
1055 2695 1252 2741 apothecae
1284 2699 1484 2734 armorum,
1522 2690 1748 2726 mensur-‘ator

307 2750 371 2773 seu
395 2745 562 2782 metator,
596 2746 738 2776 curator
761 2741 928 2776 villarum
943 2767 952 2783 ,
979 2741 1189 2776 chartularii
1215 2741 1331 2774 dromi
1357 2751 1421 2775 seu
1446 2740 1510 2774 citi
1533 2746 1746 2783 cul-suspu-
