1832 3112
313 99 392 172 94
527 91 531 94 ’
588 115 949 160 οοΝεΤΑΝΤΙΝι
986 89 1474 162 PORPHYROGENI'il

278 215 525 278 Βᾶριστερῷ
546 220 668 277 μέρει
694 221 770 262 τοῦ
793 218 927 262 affro&
951 217 1175 276 τρικλίνου,
1205 220 1278 263 καί
1308 220 1437 265 advoc*
1461 220 1546 265 ἄπὸ
1571 225 1657 268 τῶν
1684 220 1764 283 ἆρ-

309 285 474 341 χόντων
513 288 588 328 τοῦ
624 286 933 339 κουβουκλείου.
1007 286 1080 327 καί
1113 285 1295 336 ἐξελθών
1333 286 1461 331 πάλιν
1492 285 1515 330 ὅ
1548 285 1764 348 ὅστιάριος

321 350 403 393 ἀπὸ
437 350 659 399 κελεύσεως
698 348 769 392 διὰ
798 350 1003 404 νεύματος
1042 353 1118 393 τοῦ
1152 352 1455 409 πραιποσίτου,
1504 356 1661 410 εἰσάγει
1690 355 1762 399 διὰ

319 419 397 461 τοῦ
433 413 659 473 α’ριστεροῦ
682 418 839 471 μέρους
858 419 986 472 βῆλον
1020 416 1077 472 γ’,
1102 418 1374 474 ἡγουμένους·
1427 420 1686 472 εἰσελθόντες
1718 425 1768 464 δὲ

316 483 391 527 καὶ
417 480 542 526 mirol
561 483 634 525 καί
662 482 1023 540 προσκυνήσαντες
1043 485 1088 526 ἐκ
1117 483 1175 538 γ’,
1205 481 1465 537 ἀσπάζονται
1495 484 1566 528 τὸν
1587 485 1791 540 βασιλέα5

320 548 368 593 ὃν
400 548 557 607 τρόπον
588 550 662 591 καί
691 547 730 591 οἱ
762 546 843 604 πρὸ
868 549 1035 604 αὕτῶν,
1063 551 1137 592 καί
1163 547 1398 600 διελθόντες
1429 552 1499 593 διὰ
1524 553 1597 594 τοῦ
1626 554 1768 606 δεξιοῦ

309 618 494 673 μέρους,
523 617 719 658 ἵστανται
745 613 827 657 dno
865 616 949 657 τῶν
971 618 1284 671 μητροπολιτῶν
1302 615 1376 659 καὶ
1397 618 1644 665 ἐπισκόπων.
1675 620 1765 677 (Γ.)

313 685 410 725 Καὶ
447 679 531 725 εἷθ’
559 678 692 731 οὕτως
729 680 872 736 λαβών
913 678 934 724 ὃ
966 683 1040 738 τῆς
1077 681 1371 733 καταστάσεως
1403 682 1477 726 τὸν
1513 681 1768 742 ῥεφερενδά-

315 765 428 806 ριον,
458 747 596 805 ῥίπτει
621 746 750 790 αὐτὸν
780 746 884 804 πρὸς
908 746 1005 798 τούς
1034 747 1165 797 πόδας
1186 750 1263 790 τοῦ
1292 752 1512 802 βασιλέως·
1570 747 1768 793 ἀσπασά-

315 831 438 868 μενος
461 816 508 856 δὲ
531 813 625 863 τούς
653 830 697 856 τε
724 813 856 863 πόδας
878 812 953 855 καί
971 813 1022 856 τοὶ
1052 812 1210 869 γόνατα
1241 811 1388 869 αὐτοῦ,
1418 814 1602 867 ἀναστὰς
1629 813 1822 860 ἆσποί-ιο

282 882 435 932 Οζεται
467 879 540 922 τὸν
562 882 755 935 βασιλέα,
782 881 854 922 καί
875 878 1092 933 ἀπελθών,
1120 882 1165 922 έν
1191 883 1247 938 τῷ
1272 882 1481 940 ἀριστερῷ
1500 884 1623 939 μέρει
1647 883 1768 925 ἵστα-

312 963 385 989 ται
406 945 512 1000 μετὰ
543 947 619 988 τοῦ
638 945 792 1002 κλήρου
822 948 896 1002 τῆς
926 947 1146 1002 ἐκκλησίας
1175 947 1219 989 ἐν
1253 949 1311 1006 τῷ
1339 948 1475 990 adro&
1492 950 1668 1007 βαθμῷ,
1697 948 1771 991 καὶ

311 1012 473 1063 εὐθέως
503 1011 527 1053 ὅ
555 1013 630 1069 τῆς
661 1013 955 1062 καταστάσεως
985 1014 1214 1069 ἐξέρχεται·
1271 1012 1403 1056 νεύων
1436 1015 1483 1056 δὲ
1514 1013 1536 1057 ὃ
1567 1013 1768 1069 βασιλεῦς

312 1079 368 1137 τῷ
400 1080 689 1138 πραιποσίτῳ,
717 1079 840 1134 λέγει·
894 1078 1190 1133 ,,κελεύσατε.”
1245 1082 1317 1122 καί
1341 1076 1594 1130 ἀπελθόντες
1615 1081 1769 1132 πάντες

313 1143 353 1187 οἱ
379 1144 634 1195 εἰσελθόντες
669 1143 739 1187 διὰ
767 1147 850 1188 τῶν
877 1147 1008 1201 τριῶν
1030 1143 1193 1200 βήλων,
1222 1147 1418 1203 ἵστανται
1443 1145 1606 1200 ὅμαδόν
1639 1149 1685 1191 ἐν
1711 1146 1823 1205 τῷι5

309 1213 526 1268 κατωτέρῳ
554 1212 675 1267 μέρει
707 1213 779 1267 τῆς
808 1213 974 1268 χρυσῆς
1012 1213 1230 1268 τραπέζης.
1287 1211 1311 1254 ό
1338 1214 1384 1256 δὲ
1418 1211 1618 1268 βασιλεῦς
1645 1214 1720 1256 καί
1742 1211 1766 1255 ὅ

307 1276 573 1333 πατριάρχης
611 1275 886 1332 ἀναστάντες,
928 1279 1122 1320 ἵστανται
1153 1280 1199 1322 ἐν
1230 1279 1289 1339 τῷ
1323 1275 1519 1339 οἷνωτέρῳ
1546 1281 1669 1337 μέρει
1690 1282 1767 1336 τῆς

307 1343 439 1399 αὐτῆς
465 1344 630 1398 χρυσῆς
656 1345 892 1399 τραπέζης,
919 1346 1143 1399 βλέποντες
1170 1345 1277 1403 πρὸς
1302 1344 1514 1396 ἀνατολὰς
1523 1381 1537 1400 ,
1565 1349 1638 1389 καί
1655 1350 1773 1388 ποιεῖ’

308 1408 332 1451 ὅ
361 1407 623 1465 πατριάρχης
662 1407 793 1465 εὐχὴν
827 1408 1066 1466 συναπτὴν,
1114 1410 1188 1453 καί
1217 1411 1482 1468 τελεσθείσης
1513 1414 1589 1468 τῆς
1623 1413 1764 1468 εὕχῆς,

308 1477 420 1529 λέγει
450 1473 471 1516 ὅ
501 1474 782 1531 πραιπόσιτος·
847 1475 1142 1530 ,,κελεύσατε.”
1209 1479 1283 1520 καί
1315 1479 1558 1535 ἐξέρχονται
1585 1475 1820 1527 ἅπαντεςαο

311 1539 350 1583 οἱ
381 1540 505 1597 ἱερεῖς
530 1556 576 1582 τε
597 1540 671 1583 καί
694 1540 939 1597 ἡγούμενοι,
972 1541 1045 1585 καὶ
1070 1542 1375 1600 ὖπερεύχονται
1404 1541 1476 1586 τὸν
1497 1545 1690 1598 βασιλέα.
1743 1541 1766 1586 ὁ

312 1608 360 1650 δὲ
388 1605 589 1662 βασιλεύς
619 1605 726 1661 μετὰ
765 1610 841 1649 τοῦ
880 1609 1146 1666 πατριάρχου
1183 1611 1449 1666 εἰσέρχονται
1478 1611 1539 1661 εἰς
1568 1607 1637 1652 τὸν
1667 1606 1766 1652 ναὸν

274 1674 395 1728 Βτῆς
434 1672 667 1730 ὖπεραγιάς
708 1672 917 1716 Θεοτόκου
957 1677 1030 1716 τοῦ
1067 1673 1233 1732 φάρου,
1285 1675 1450 1718 adustos
1486 1677 1650 1718 τελοῦσι
1689 1664 1768 1731 τὴν

311 1738 435 1785 θείαν
458 1741 746 1797 λειτουργίαν,
785 1741 860 1782 καί
877 1742 1170 1797 στοιχηθέντος
1203 1742 1278 1784 τοῦ
1306 1742 1552 1799 κλητωρίου,
1578 1740 1766 1797 γίνονται

411 1854 463 1888 ¹9·
491 1838 686 1885 συναπτὴν
710 1841 768 1883 R„
795 1845 1003 1877 συναπτεῖν
1024 1841 1101 1876 cod.
1127 1846 1165 1876 et
1187 1841 1244 1880 ed.
1343 1854 1399 1878 22.
1424 1842 1637 1889 εἰσέρχεται
1660 1840 1716 1876 ed.

312 1935 388 1970 rius
413 1946 434 1968 a
457 1934 651 1976 mandato,
687 1935 789 1980 signo
818 1945 838 1967 a
865 1934 1072 1980 praeposito
1098 1933 1196 1975 dato,
1226 1934 1359 1968 iterum
1383 1944 1567 1979 egressus,
1591 1944 1658 1978 per
1677 1932 1768 1967 sini-

314 1987 430 2016 strum
454 1982 607 2015 triclinii
629 1983 723 2016 latus
742 1981 861 2015 velum
889 1982 1048 2020 tertium,
1075 1980 1295 2025 hegumenus
1320 1992 1383 2014 seu
1409 1979 1636 2014 monasteriis
1657 1991 1766 2025 prae-

315 2030 429 2063 fectos
459 2028 616 2062 adducit.
679 2028 754 2074 Qui
794 2033 831 2061 et
865 2029 937 2072 ipsi
971 2028 1124 2072 ingressi
1163 2033 1199 2061 et
1223 2033 1277 2060 ter
1300 2027 1556 2072 Imperatorem
1586 2027 1763 2068 venerati,

319 2086 403 2110 eum
427 2075 589 2108 salutant
622 2086 721 2108 more
750 2080 973 2115 ceterorum,
1005 2075 1069 2119 qui
1099 2080 1183 2107 ante
1207 2075 1305 2119 ipsos
1331 2073 1570 2115 advenerant,
1608 2078 1763 2114 servato,

322 2128 361 2156 et
387 2120 432 2155 ad
457 2120 622 2155 dextrum
645 2122 739 2155 latus
773 2121 941 2167 digressi,
973 2126 1057 2166 post
1086 2121 1334 2166 metropolitas
1363 2126 1400 2154 et
1432 2121 1621 2166 episcopos
1655 2124 1765 2153 stant.

321 2169 404 2216 (ΙΙΙ)
437 2167 497 2201 Sic
527 2168 663 2213 pariter
687 2168 959 2202 cerimoniarius
992 2168 1278 2201 referendarium
1311 2166 1358 2200 ad
1390 2167 1502 2212 pedes
1533 2166 1766 2212 Imperatoris

320 2215 540 2262 prosternit:
577 2216 608 2248 is
634 2227 748 2260 genua
781 2214 966 2261 pedesque
994 2215 1195 2258 osculatur-3
1233 2226 1304 2261 quo
1329 2215 1425 2248 facto
1449 2215 1563 2260 surgit
1587 2219 1626 2247 et
1645 2214 1767 2257 Impe-

320 2267 479 2297 ratorem
515 2262 721 2297 osculatur:
757 2274 842 2296 mox
865 2268 908 2296 ut
931 2261 1045 2301 abiit,
1080 2262 1119 2295 in
1143 2262 1288 2295 sinistro
1317 2262 1431 2295 latere
1466 2261 1507 2294 in
1530 2259 1660 2294 eodem
1685 2271 1768 2293 cum

321 2309 418 2344 clero
455 2308 565 2353 gradu
601 2314 694 2350 stat,
730 2314 768 2343 et
810 2310 931 2343 statim
967 2308 1238 2342 cerimoniarius
1273 2309 1370 2350 exit,
1408 2309 1605 2352 Imperator
1644 2311 1768 2340 autem

321 2357 532 2401 praeposito
562 2356 703 2401 signum
727 2355 812 2397 dat,
852 2356 916 2403 qui
938 2356 1050 2390 dicit:
1089 2355 1224 2391 Iubete.
1283 2356 1330 2390 Et
1353 2359 1546 2401 postqum
1578 2364 1702 2387 omnes
1726 2352 1768 2386 in

319 2402 440 2437 tribus
462 2403 550 2436 velis
575 2403 727 2449 ingressi
761 2402 905 2445 abiere,
944 2404 985 2436 in
1009 2402 1176 2442 inferiori
1211 2403 1326 2435 latere
1359 2412 1490 2435 aureae
1519 2411 1665 2434 mensae
1694 2409 1769 2432 una

321 2449 477 2484 adstant.
523 2450 725 2494 Imperator
746 2461 831 2484 vero
859 2455 896 2484 et
917 2449 1122 2496 patriarcha
1146 2454 1297 2494 surgunt
1323 2452 1360 2482 et
1382 2449 1421 2482 in
1450 2447 1630 2492 superiori
1664 2449 1768 2492 parte

322 2508 453 2530 aureae
477 2508 622 2530 mensae
647 2495 691 2530 ad
715 2498 893 2530 orientem
920 2497 1014 2530 versi
1037 2501 1151 2537 stant,
1186 2495 1336 2529 iubente
1359 2493 1585 2540 patriarcha,
1622 2498 1664 2527 ut
1688 2491 1770 2526 col-

323 2543 419 2577 lecta
443 2543 668 2584 instituatur,
695 2544 829 2589 quibus
855 2544 991 2584 finitis,
1030 2543 1254 2588 praepositus
1279 2542 1393 2575 dicit:
1415 2541 1552 2578 Iubete.
1588 2539 1636 2574 Et
1661 2549 1768 2586 egre-

323 2590 477 2624 diuntur
500 2589 704 2624 sacerdotes
738 2596 775 2624 et
805 2589 1000 2634 hegumeni
1027 2601 1150 2623 omnes
1177 2589 1388 2633 Imperatori
1418 2587 1541 2622 felicia
1571 2585 1766 2632 precaturi.

325 2636 474 2672 Deinde
511 2638 709 2683 Imperator
736 2642 773 2670 et
797 2636 999 2683 patriarcha
1033 2635 1078 2670 ad
1113 2636 1288 2681 templum
1323 2635 1358 2672 S,
1381 2635 1562 2680 Deiparae
1590 2634 1631 2667 in
1650 2631 1766 2677 pharo

323 2682 485 2716 divinam
510 2683 694 2730 liturgiam
717 2683 933 2717 celebraturi
959 2681 1184 2727 procedunt,
1209 2687 1246 2716 et
1269 2683 1445 2717 instructo
1470 2679 1634 2715 convivio
1649 2704 1660 2720 ,
1686 2677 1764 2712 ser-

323 2730 403 2764 cula
431 2737 665 2777 apponuntur
674 2730 687 2774 ς
708 2731 900 2777 vocatique
924 2729 1126 2766 sacerdotes
1155 2734 1193 2763 ct
1221 2727 1416 2775 hegumeni
1446 2729 1485 2762 in
1519 2725 1655 2783 palatio
1682 2735 1763 2759 ma-
