1832 3112
344 125 418 173 nE
455 119 713 165 CERIMON.
751 119 932 160 AULAE
970 118 1194 159 nYzAN’r.
1230 119 1263 158 1.
1294 121 1360 162 151.
1496 96 1571 170 95

130 223 303 279 μα’νσαι,
339 224 415 266 καὶ
435 221 475 264 οἷ
495 225 576 276 μὲν
603 221 822 277 κληθέντες
850 218 975 276 ἱερεῖς
1002 235 1047 263 τε
1078 220 1152 262 καί
1175 216 1394 275 ἡγούμενοι
1417 218 1571 271 μένου-

132 307 202 333 σιν
228 291 274 332 ἐν
306 291 367 347 τῷ
382 287 591 346 παλατίῳ,
631 286 670 328 οἱ
693 288 740 328 δὲ
766 287 907 327 λοιποὶ
933 285 1150 342 εἰληφότες
1174 283 1372 342 χρήματα
1405 283 1575 338 ἀναχω-

130 358 254 412 ροῦσι
287 356 362 397 καί
391 353 514 396 αὐτοὶ
539 350 861 410 ὖπερευχόμενοι
892 349 961 393 τὸν
986 353 1175 405 βασιλέα.
1238 350 1502 405 τελεσθείσης
1528 350 1757 400 δὲΜ3.54.Ῑ)

130 422 204 477 τῆς
223 423 344 470 θείας
372 418 652 474 λειτουργίας,
692 420 905 473 ἐξέρχεται
935 415 958 457 ὅ
980 415 1178 471 βασιλεὺς
1214 414 1295 457 α’πό
1326 417 1399 470 τῆς
1429 417 1574 471 ἐκκλη-

102 486 228 536 5σιἀς
242 483 349 540 μετά
370 486 447 526 τοῦ
465 482 728 539 πατριάρχου
744 482 816 524 καί
834 483 1069 538 εἰσέρχεται
1086 483 1131 524 ἐν
1150 482 1209 540 τῷ
1227 482 1572 538 χρυσοτρικλίνῳ·

128 553 387 608 εἰσέρχονται
405 552 451 593 δὲ
471 549 543 591 καί
558 548 596 590 οἱ
616 547 722 590 κατὰ
741 547 971 604 συνήθειαν
997 547 1120 604 ἱερεῖς
1145 543 1227 589 άπὸ
1246 545 1471 595 κελεύσεως
1498 545 1576 589 καί

126 619 296 660 ποιοῦσι
326 615 400 659 τὸν
423 616 591 670 στίχον,
615 615 693 656 καί
720 614 946 669 εὐλογήσας
970 613 1047 668 τὴν
1073 612 1284 668 τράπεζαν
1310 610 1331 654 ὅ
1361 613 1571 669 πατριάρ-

123 699 227 740 χης,
263 682 491 739 ἀπέρχεται
514 683 586 723 καί
606 682 774 722 ἵσταται
795 678 914 722 ἔνδον
938 680 1013 721 τοῦ
1034 678 1167 734 βήλον
1194 681 1239 720 ἐν
1258 680 1308 736 τῇ
1325 677 1491 737 καμάρᾳ
1518 680 1572 736 τῇ

128 744 235 806 οὔσῃ
262 750 308 790 ἐκ
339 749 486 798 δεξιῶν
519 749 602 788 τῶν
626 746 820 802 ἀργυρῶν
838 746 982 788 πυλῶν
1006 746 1081 786 τοῦ
1107 746 1469 800 χρυσοτρικλίνου,
1497 743 1745 801 xaiEd.1,.57

79 814 319 869 ισέκβάλλει
345 812 391 855 τὸ
419 810 664 870 ὦμοφόριον
694 813 852 865 αὑτοῦ,
880 813 954 852 καί
979 808 1176 865 λαβόντες
1200 809 1240 852 οἱ
1270 809 1413 867 ἱερεῖς,
1441 806 1568 866 ἤγουν

128 879 167 922 οἱ
187 881 540 934 κουβουκλείσιοι,
574 880 827 934 ἐξέρχονται.
893 879 984 933 (Δ.)
1026 877 1290 928 Ἔκβαλόντος
1318 878 1365 918 δὲ
1387 880 1464 919 τοῦ
1489 881 1569 931 βα·-

127 947 276 995 σιλέως
307 943 355 986 τό
391 944 562 999 σαγίον,
601 942 699 998 ὅπερ
730 949 875 1000 φορεῖ,
910 944 1158 994 καθέζονται
1197 941 1429 999 ἀμφότεροι
1469 939 1508 996 ,3,
1520 960 1567 985 τε

125 1010 324 1066 βασιλεῦς
355 1011 429 1052 καί
463 1007 484 1052 ὅ
516 1009 778 1066 πατριάρχης
811 1011 857 1051 ἐν
882 1010 932 1065 τῇ
964 1008 1177 1065 ἅποκοπτῇ
1206 1010 1416 1066 τραπέζῃ,
1458 1010 1567 1052 εἰσε-

123 1075 359 1133 veraedum
393 1078 439 1120 δὲ
470 1078 553 1119 τῶν
582 1078 935 1130 κουβικουλαρίων
967 1072 1020 1116 τά
1050 1075 1361 1131 κουκουμάρια,
1399 1077 1566 1118 πίνουσι
1620 1080 1623 1081 ’

75 1141 229 1200 ιόπρὸς
256 1139 377 1193 ἅπαξ.
442 1143 492 1199 τῇ
517 1140 596 1198 γὰρ
624 1140 739 1193 τάξει
766 1139 898 1199 ταύτῃ
925 1142 1183 1196 εἰσέρχονται
1203 1139 1255 1183 τά
1279 1139 1565 1198 κουκουμάρια

123 1207 196 1251 διὰ
219 1210 304 1250 ταῖν
329 1206 705 1264 κουβικουλαριῖυν,
742 1207 864 1263 ἡνίκα
890 1206 915 1248 ὅ
940 1206 1140 1261 βασιλεῦς
1170 1205 1276 1260 μετὰ
1309 1209 1385 1249 τοῦ
1413 1224 1566 1264 πατρι-

122 1273 260 1331 άρχου
288 1270 451 1332 ἇριστᾷ.
505 1272 578 1315 καί
603 1270 683 1315 εἷθ’
705 1269 863 1327 οὕτως,
891 1273 949 1323 ὦς
976 1274 1245 1329 προείρηται,
1277 1275 1513 1329 εἰσέρχεται
1539 1272 1564 1316 ὅ

121 1344 192 1396 τῆς
218 1341 449 1396 τραπέζης,
489 1340 562 1382 καί
581 1342 749 1382 ἵσταται
777 1341 823 1382 ἐν
850 1341 908 1396 τῷ
936 1336 1047 1397 οὗδῷ
1073 1341 1157 1381 τῶν
1182 1339 1378 1396 ιῖργυρῶν
1405 1342 1563 1382 πυλῶν.

122 1403 214 1449 εἶτα
241 1406 351 1449 νεύει
377 1403 399 1448 ὅ
427 1404 626 1461 βασιλεὺς
652 1407 711 1464 τῷ
730 1407 986 1464 πραιποσήῳ
1000 1440 1014 1459 ,
1060 1402 1245 1454 κᾶκεῖνος
1271 1407 1331 1464 τῷ
1357 1408 1430 1461 τῆς
1457 1413 1598 1461 τρα-Β

70 1474 260 1528 αοπέζης.
325 1474 402 1514 τοῦ
436 1473 484 1514 δὲ
509 1473 582 1527 τῆς
618 1473 822 1528 τραπέζης
857 1470 1052 1523 νύξαντος
1090 1470 1137 1513 τὸ
1177 1473 1307 1526 βῆλον
1340 1471 1448 1525 μετὰ
1487 1474 1564 1527 τῆς

121 1536 289 1594 χειρὸς,
320 1535 511 1594 αἴρουσιν
539 1536 644 1579 αὐτὸ
670 1538 935 1593 σιλεντιάριοι
970 1533 1176 1592 ὕπερθεν,
1205 1540 1279 1579 καί
1304 1539 1563 1593 εἰσέρχονται

124 1602 164 1644 οἳ
191 1603 319 1658 φίλοι·
386 1602 457 1644 διὰ
483 1602 561 1658 γάρ
589 1604 662 1657 τῆς
688 1600 919 1654 ἑβδομάδος
946 1603 992 1644 ἐν
1017 1599 1170 1659 ἑκάστῃ
1198 1600 1343 1660 εἰσόδῳ
1371 1603 1445 1644 καί
1471 1600 1563 1651 ἑξό-

123 1669 183 1726 δῳ
211 1669 287 1735 rof
315 1668 447 1710 αὖτοίἲ
472 1667 605 1724 βήλου
634 1667 717 1709 ὑπὸ
746 1666 821 1709 δύο
851 1670 1140 1723 σιλεντιαρίων
1163 1665 1430 1721 βαστάζεται.
1472 1668 1560 1709 εἰσ-

122 1732 313 1783 ελθόντες
341 1735 389 1774 δὲ
416 1731 455 1774 οἱ
484 1735 614 1789 φίλοι,
643 1735 892 1784 καθέζονται
915 1735 961 1774 ἐν
985 1734 1036 1789 τῇ
1062 1734 1182 1791 τιμία
1205 1734 1348 1790 χρυσῇ
1374 1733 1560 1789 τραπέζῃ

68 1799 202 1845 25τοῦ
227 1798 459 1852 βασιλέως,
495 1795 696 1848 αἷσαύτως
723 1800 794 1840 καί
819 1799 864 1840 ἐν
889 1803 978 1848 τοῖς
1005 1798 1382 1856 παρατραπεζίοις,
1419 1795 1561 1841 uicati-

218 1898 270 1922 10.
299 1885 510 1933 ιιῗμόφορον
527 1887 604 1921 cod.
704 1890 756 1925 18.
776 1886 819 1921 ἐν
840 1888 884 1933 τῇ
908 1885 986 1931 ὁδῷ
1005 1886 1062 1922 ed.

119 1971 235 2001 nent:
259 1967 372 2001 ceteri
395 1978 498 2008 vero,
531 1972 724 2013 postquam
748 1977 898 2000 munera
923 1977 1114 2012 accepere,
1139 1971 1177 2001 et
1199 1969 1271 2014 ipsi
1298 1969 1415 2005 fausta
1438 1972 1558 2018 Impe-

118 2014 229 2048 ratori
253 2013 410 2058 precati,
450 2013 595 2047 abeunt.
643 2015 792 2047 Peracto
819 2013 942 2046 divino
966 2014 1104 2054 officio,
1142 2016 1341 2060 Imperator
1373 2030 1443 2052 una
1474 2031 1558 2053 cum

117 2060 320 2106 patriarcha
346 2071 391 2093 ex
415 2061 566 2094 ecclesia
590 2060 686 2093 redit
708 2071 928 2105 aureumque
956 2061 1157 2095 triclinium
1189 2073 1272 2096 cum
1296 2064 1556 2107 sacerdotibus,

145 2107 184 2140 ui
201 2106 357 2140 stichum
382 2107 536 2147 faciunt,
573 2108 703 2140 intrat:
739 2106 942 2152 patriarcha
970 2114 1160 2154 postquam
1186 2120 1330 2143 mensae
1347 2110 1552 2153 benedixit,

116 2119 196 2186 ‘alhit
224 2159 262 2187 et
302 2153 397 2187 intra
425 2155 545 2187 velum
574 2154 615 2186 in
637 2165 776 2187 camera
799 2153 846 2186 ad
874 2153 1038 2187 dextrum
1065 2156 1158 2189 latus
1185 2163 1432 2201 argentearum
1467 2171 1557 2205 por-

117 2206 235 2234 tarum
259 2200 359 2233 aurei
385 2201 537 2234 triclinii
562 2202 631 2234 sita
656 2200 907 2246 omophorium
937 2201 1107 2246 deponit,
1154 2204 1253 2248 quod
1275 2210 1468 2250 postquam
1494 2218 1555 2239 sa-

117 2246 280 2280 cerdotes
304 2257 367 2279 seu
391 2247 605 2280 cubicularii
631 2259 799 2292 accepere
814 2273 823 2287 ‚
850 2247 1091 2292 egrediuntur.
1146 2248 1242 2294 (IV.)
1265 2251 1465 2295 Imperator
1485 2264 1557 2285 au-

116 2297 191 2326 tem
214 2298 403 2338 postquam
426 2305 569 2339 sagum,
598 2293 695 2340 quod
720 2299 853 2339 gestat,
880 2296 1000 2334 exuit,
1026 2297 1183 2341 utrique,
1207 2297 1404 2341 Imperator
1424 2303 1462 2331 et
1481 2310 1551 2343 pa-

115 2337 294 2379 triarcha,
317 2350 459 2373 mensae
484 2352 627 2385 magnae
649 2338 863 2374 accumbunt
896 2347 935 2374 et
955 2341 1088 2382 semel,
1125 2343 1244 2376 allatis
1267 2355 1288 2376 a
1316 2344 1550 2378 cubiculariis

115 2385 163 2419 iis
178 2385 292 2424 vasis,
324 2397 415 2430 quae
439 2388 643 2421 cucumaria
668 2393 861 2427 vocantur,
895 2394 1022 2432 potum
1046 2395 1204 2424 sumunt.
1251 2389 1330 2423 Mos
1363 2391 1459 2423 enim
1484 2395 1551 2430 cst,

117 2436 161 2464 ut
193 2430 277 2463 «lum
308 2431 506 2476 Imperator
538 2445 618 2466 cum
647 2433 850 2478 patriarcha
882 2435 1085 2468 convivium
1117 2435 1298 2476 celebrat,
1335 2436 1551 2471 cubicularii

116 2477 319 2510 cucumaria
339 2481 496 2512 afferant.
546 2480 605 2513 Sic
635 2481 688 2513 uti
723 2480 859 2513 dictum
888 2486 943 2513 est
962 2491 1105 2514 mensae
1126 2482 1328 2526 praefectus
1350 2483 1461 2516 intrat
1512 2487 1551 2516 et

116 2523 155 2556 in
186 2522 312 2555 limine
338 2530 520 2567 portarum
555 2531 800 2572 argentearum
818 2526 992 2560 subsistit.
1054 2527 1139 2560 Mox
1172 2529 1367 2572 Imperator
1393 2539 1551 2573 praepo-

115 2570 207 2609 sito,
241 2567 302 2601 hie
328 2580 471 2605 mensae
494 2573 695 2616 praefecto,
728 2575 867 2618 signum
889 2573 971 2614 dat,
999 2574 1063 2618 qui
1084 2579 1271 2620 postquam
1293 2575 1410 2608 velum
1439 2586 1550 2608 mauu

142 2615 293 2655 ulsavit‚
327 2615 518 2651 silentiarii
536 2618 628 2652 illud
654 2631 791 2652 sursum
813 2620 969 2660 tollunt,
994 2625 1031 2652 et
1056 2620 1162 2653 amici
1189 2620 1461 2665 ingrediuntnr3
1484 2631 1551 2665 per

142 2671 209 2696 ane
236 2661 471 2705 septimanam
503 2665 598 2698 enim
618 2666 659 2700 in
684 2677 904 2712 unoquoque
926 2667 1079 2700 introitu
1109 2671 1147 2699 et
1171 2669 1269 2700 exitu
1293 2666 1454 2699 eiusdem
1475 2667 1549 2700 veli

115 2717 138 2740 a
157 2707 369 2743 silentiariis
390 2714 568 2755 portatur.
599 2711 753 2758 lugi-essi
772 2718 894 2747 autem
915 2713 1021 2746 amici
1043 2713 1269 2747 venerandae
1291 2722 1420 2747 aureae
1444 2724 1549 2748 meu-
