1786 3126
256 109 387 148 xvlu
757 103 833 144 10.
874 102 978 144 IAC.
1018 103 1214 144 REISKII

254 213 452 265 ignotum'
474 209 558 249 eius
592 206 739 247 nomen
770 213 829 246 est
860 207 902 244 in
935 205 1103 245 historia
1135 206 1371 260 Byzantina,
1401 220 1447 246 ex
1480 205 1599 246 titulo
1627 206 1710 247 Ex-

254 284 487 332 cerptorum
516 274 942 315 Constantinianorum
968 271 1020 311 de
1052 271 1320 326 legationibus
1339 303 1351 324 ‚
1381 274 1495 313 cuius
1523 277 1709 327 superius

254 346 502 384 mentionem
538 341 782 381 iniiciebam·
849 339 1020 378 Exstant
1053 340 1096 377 in
1141 351 1190 378 eo
1224 338 1344 378 titulo
1385 339 1585 393 quaedam
1625 342 1711 380 eius

254 412 478 465 fragmenta
496 439 509 461 ,
548 407 707 447 nullum
735 413 871 444 tamen
909 404 1056 444 Iuliani
1096 412 1226 445 aetate
1269 406 1485 459 posterius.
1563 406 1622 446 At
1665 409 1709 446 in

253 485 393 517 nostro
422 475 558 515 codice
587 487 678 527 cap.
717 471 978 514 LXXXVII.
998 471 1088 513 Lib.
1117 472 1149 513 I.
1184 485 1276 525 pag.
1313 485 1396 527 229
1427 486 1511 511 non
1547 481 1708 514 tantum

253 543 448 584 Theudae
468 573 480 594 ,
523 540 684 580 Gothici
711 540 755 577 in
782 538 980 592 Hispania
1008 539 1114 591 regis
1133 567 1145 588 ‚
1175 537 1229 576 ad
1258 537 1526 579 Iustinianum
1559 539 1707 594 legatio

251 610 363 650 velut
394 611 437 648 in
474 609 648 647 transitu
679 612 929 644 memoratur
947 634 960 655 ,
988 603 1059 643 sed
1087 601 1240 642 ibidem
1265 617 1428 658 quoque
1452 620 1499 646 ex
1525 605 1707 661 professo

249 675 521 716 memorabilis
550 672 759 713 Anthemii
787 669 840 709 ad
868 670 1048 709 Leonem
1074 683 1268 724 magnum
1302 669 1449 725 legatio
1477 675 1706 727 exponitur,

246 756 328 795 qua
355 742 582 794 Imperator
603 737 820 777 occidentis
839 736 1039 775 laureatas
1067 750 1159 776 suas
1187 738 1382 791 imagines
1403 745 1525 793 atque
1549 739 1707 781 litteras

247 806 433 847 orientali
462 805 659 847 mittebat.
715 805 764 843 ln
783 804 1019 843 universum
1049 817 1096 842 ea
1119 804 1257 842 omnia
1277 834 1288 856 ,
1317 819 1422 858 quae
1451 820 1477 845 a
1508 820 1599 862 pag.
1624 808 1705 848 225

248 888 336 928 cap.
363 872 599 912 LXXXIV.
622 884 751 924 usque
771 870 823 909 ad
844 884 934 924 pag.
964 869 1038 909 251
1066 883 1157 923 cap.
1179 871 1332 912 XCVI.
1355 871 1570 927 leguntur,
1606 874 1706 914 item

242 947 369 994 caput
402 938 495 978 libri
535 939 567 978 Ι.
595 936 785 976 ultimum
805 967 817 988 ,
867 944 907 976 et
953 936 1056 976 forte
1096 951 1259 991 quoque
1297 936 1376 976 alia
1416 938 1562 992 plura,
1602 948 1704 994 puto

246 1006 359 1046 Petri
401 1005 585 1058 Magistri
616 1018 702 1043 esse
718 1034 730 1056 ,
760 1018 806 1043 ex
838 1017 885 1042 eo
903 1033 915 1054 ,
942 1017 1064 1057 quem
1095 1003 1175 1042 dixi
1192 1034 1204 1056 ,
1233 1003 1444 1058 deperdito
1475 1005 1580 1047 libro
1605 1006 1706 1060 περὶ

245 1067 538 1119 καταστάσεως
562 1071 767 1125 decerpta.
824 1064 1034 1110 Promittit
1058 1085 1137 1112 vox
1167 1066 1428 1118 κατάστασις
1460 1073 1702 1113 constitutio

244 1155 328 1179 non
361 1146 522 1179 tantum
548 1145 763 1192 praecepta
802 1139 1008 1191 sapienter
1038 1138 1379 1178 administrandae
1418 1139 1663 1193 reipublicae
1684 1170 1698 1191 ,

240 1206 314 1246 sed
342 1207 463 1244 etiam
497 1207 674 1256 rituum,
714 1204 862 1259 quibus
893 1203 1029 1244 civilia
1057 1206 1219 1258 negotia
1255 1213 1504 1260 peraguntur
1522 1236 1534 1257 ,
1578 1220 1702 1260 expo-

241 1274 429 1312 sitionem
447 1287 460 1312 e
503 1271 683 1325 adeoque
722 1272 899 1324 pertinet
935 1271 987 1310 ad
1023 1279 1179 1312 veteres
1212 1271 1338 1311 libros
1372 1272 1558 1312 Tacticos
1576 1302 1589 1324 ,
1629 1287 1702 1313 seu

242 1337 540 1390 cerimoniales,
577 1338 627 1377 de
660 1338 807 1392 quibus
840 1339 883 1376 in
912 1339 1211 1378 commentariis
1243 1353 1420 1393 agemus.
1491 1340 1703 1381 Promittis

241 1406 354 1446 idem
387 1419 549 1459 quoque
578 1404 752 1459 dignitas
771 1434 783 1456 ,
818 1419 942 1458 quam
977 1405 1124 1445 Petrus
1164 1406 1284 1459 gessit
1304 1436 1316 1457 ‚
1353 1407 1534 1460 magistri
1564 1420 1700 1446 sacro-

242 1487 335 1512 rum
369 1471 594 1511 officiorum
607 1500 619 1522 ,
649 1471 702 1510 ad
739 1472 852 1511 cuius
881 1470 1058 1511 officium
1096 1478 1216 1526 atque
1241 1472 1543 1526 dispositionem
1578 1474 1702 1513 etiam

243 1540 549 1578 cerimoniarius
583 1538 826 1592 pertinebat.
883 1538 1024 1578 Enitet
1066 1541 1204 1593 itaque
1237 1540 1282 1578 in
1314 1539 1391 1579 hoc
1416 1541 1550 1594 primo
1579 1540 1703 1580 huius

242 1607 374 1658 operis
408 1605 616 1645 volumine
649 1605 801 1659 grande
829 1605 906 1644 hoc
939 1605 1052 1644 Petri
1090 1606 1274 1659 Magistri
1308 1606 1596 1659 fragmentum,
1625 1620 1698 1647 ve-

239 1670 303 1710 lut
330 1671 546 1724 gemmula.
604 1670 663 1711 At
695 1674 738 1710 in
768 1671 943 1711 secundo
958 1699 971 1720 ,
999 1671 1110 1725 quod
1137 1672 1297 1710 favente
1325 1671 1416 1710 Deo
1445 1680 1699 1727 quantocyus

241 1736 449 1788 expediam
467 1765 480 1786 ,
529 1739 634 1775 inter
663 1737 742 1774 alia
781 1735 990 1789 praeclara
1031 1736 1197 1776 enitebit
1239 1735 1418 1790 prolixus
1447 1745 1488 1778 et
1530 1740 1699 1793 insignis

239 1802 345 1841 liber
384 1801 554 1841 alicuius
591 1801 796 1841 Philothei
810 1831 822 1853 ,
861 1803 1185 1856 Protospatharii
1225 1810 1265 1842 et
1301 1803 1536 1845 Artoclinae
1563 1807 1696 1860 regii,

240 1882 322 1921 quo
357 1881 441 1906 non
474 1875 633 1907 tantum
667 1867 899 1907 divinarum
929 1869 1141 1922 epularum
1166 1869 1351 1908 ordinem
1391 1870 1511 1922 plene
1549 1871 1694 1910 distin-

240 1941 399 1987 cteque,
430 1940 476 1972 ut
496 1933 553 1972 nil
580 1947 720 1986 supra,
749 1937 1020 1987 persequitur,
1051 1935 1121 1973 sed
1150 1937 1288 1985 etiam,
1318 1935 1429 1988 quod
1455 1944 1692 1989 argumento

240 1999 300 2038 illi
334 1999 548 2049 cohaeret,
579 1999 821 2052 dignitatum
857 2008 941 2039 tam
967 2000 1253 2053 palatinarum,
1283 2015 1406 2053 quam
1436 2001 1690 2055 militarium,

99 2067 282 2106 Ed.L.Vet
311 2066 561 2104 urbanarum
597 2080 784 2120 quoque,
816 2082 840 2106 a
870 2069 1035 2106 summis
1065 2067 1117 2106 ad
1143 2069 1244 2106 imas
1265 2097 1278 2118 ,
1307 2069 1472 2106 nomina
1502 2075 1541 2107 et
1573 2083 1692 2122 prae-

242 2132 399 2172 sidendi
426 2133 514 2170 iura
531 2162 542 2182 ‚
576 2134 672 2172 item
703 2147 806 2187 quae
844 2134 924 2173 sint
951 2136 1171 2185 axiomata,
1211 2147 1282 2172 seu
1317 2133 1530 2186 dignitates
1546 2164 1559 2185 ,
1587 2149 1694 2188 quae

242 2198 372 2239 officia
390 2229 402 2250 ,
431 2200 577 2252 quibus
606 2214 698 2239 cum
726 2200 886 2239 brabeis
901 2230 913 2251 ,
951 2200 1016 2241 vel
1044 2201 1266 2254 insignibus
1282 2229 1294 2250 ,
1323 2199 1596 2252 conferantur,
1617 2215 1692 2241 nec

241 2280 325 2305 non
344 2279 425 2319 quo
436 2280 619 2320 quaeque
639 2266 781 2305 ordine
796 2274 835 2305 et
848 2267 994 2320 quibus
1015 2267 1156 2306 diebus
1179 2266 1231 2305 ad
1249 2279 1402 2305 sacram
1423 2280 1603 2306 mensam
1626 2268 1693 2307 ad-

243 2339 436 2383 vocetur,
465 2332 635 2372 assideat
667 2340 706 2372 et
741 2333 851 2372 illine
881 2347 1020 2373 rursus
1049 2335 1254 2372 emittatur
1268 2363 1281 2386 ,
1306 2339 1498 2372 recenset.
1557 2333 1692 2374 Habet

241 2406 449 2452 praeterea
477 2406 694 2453 utrumque
722 2400 913 2439 volumen
945 2399 1024 2439 alia
1057 2406 1319 2440 monumenta
1334 2429 1347 2451 ,
1377 2413 1399 2438 e
1430 2398 1577 2453 quibus
1599 2401 1691 2441 Du-

241 2479 379 2506 cANGn
401 2465 596 2506 Familiae
619 2467 867 2521 Byzantinae
892 2467 1029 2521 augeri
1043 2495 1056 2519 ,
1096 2465 1463 2520 Constantinopolis
1492 2465 1692 2507 Christia-

240 2545 296 2570 na
339 2534 525 2587 corrigi,
574 2534 890 2588 Byzantinorum
933 2534 1190 2588 quorundam
1218 2534 1504 2573 historicorum
1549 2533 1688 2574 hiatus

241 2597 416 2651 expleri,
467 2607 507 2639 et
552 2599 834 2654 chronologica
872 2601 1069 2654 quaedam
1111 2607 1314 2640 momenta
1357 2608 1464 2639 recte
1498 2601 1686 2640 constitui

242 2673 424 2719 possunt.
494 2667 587 2719 Quo
617 2669 819 2722 pertinent
860 2668 1109 2707 narrationes
1145 2667 1195 2707 de
1229 2666 1445 2721 Theophili
1474 2675 1515 2707 et
1549 2665 1686 2707 Basilii
