1878 3112
371 123 442 162 DE
480 119 739 163 cemmou.
781 118 958 158 AULAE
994 117 1217 158 ssYzANr.
1260 120 1291 157 1.
1320 115 1387 164 96.
1484 91 1596 161 433

174 220 375 271 τοιούτοις
400 219 684 276 ἕνσημανθείς,
712 215 787 260 οὔκ
814 219 1017 273 ἠνέσχετο,
1048 216 1120 258 καί
1144 216 1195 273 δὴ
1224 214 1357 271 εὑρών
1374 230 1489 264 τινας
1515 213 1598 254 ταῖν

173 285 260 328 α’πὸ
289 289 362 341 τῆς
387 285 616 340 συγκλήτου
644 284 1050 337 συναγωνιζομένους
1069 283 1193 341 αὐτῷ,
1222 281 1428 335 α’νταίρειν
1456 281 1599 334 ἐφιλο-

173 351 296 394 νείκει
319 349 427 406 πρὸς
450 348 520 392 τὸν
549 343 800 402 αὔγουστον.
855 345 931 402 τήν
957 362 1002 388 τε
1039 346 1157 388 πόλιν
1182 342 1599 401 κατασφαλισάμενος

172 415 247 459 καὶ
269 414 346 464 τὰς
370 415 525 470 πόρτας
569 413 790 461 ἀνακτίσας
827 415 899 454 καί
937 411 1043 467 πρὸς
1089 410 1135 453 τὸ
1161 414 1387 462 πολίτευμα
1414 408 1600 463 σκληρῶς

144 477 408 535 5φερόμενος,
436 471 668 531 daha-maan
694 478 961 530 καθυπέβαλε
989 475 1060 518 τὸν
1086 471 1266 518 ἄνακτα.
1319 474 1369 516 οὗ
1394 476 1511 516 τοῦτο
1550 473 1598 514 δὲ

169 543 320 597 μόνον,
356 543 463 586 ἄλλά
490 559 535 597 γε
562 545 634 584 καί
657 543 866 595 μυστικῶς
895 537 1007 597 (ἤτοι
1033 542 1238 598 κρυφίως)
1268 537 1363 589 τούς
1389 542 1598 593 συγγενεῖς

170 610 249 651 τοῦ
274 604 450 658 ἄνακτος
478 605 736 662 Νικηφόρον,
762 605 833 648 τόν
860 621 904 647 τε
931 607 1093 662 πατέρα
1119 605 1191 647 καί
1212 603 1280 647 τὸν
1306 602 1490 661 ἀδελφὸν
1505 636 1519 655 ‚
1545 598 1635 651 ‹2ss0

169 676 449 727 πομματῶσαι
476 672 683 726 ἐβούλετο.
740 668 839 726 ὅπερ
867 669 1025 725 γνόντες
1053 671 1237 727 φυγάδες
1262 665 1440 727 ᾤχοντο,
1469 668 1492 709 ὅ
1519 670 1597 720 μὲν

169 739 307 795 πατὴρ
334 739 508 794 Βάρὸας
534 739 608 778 καί
630 736 859 791 μα’γιστρος
894 737 939 777 ἐν
974 738 1027 793 τῇ
1051 732 1209 792 μεγάλῃ
1239 736 1442 791 ἐκκλησίᾳ,
1498 733 1519 774 ὅ
1550 733 1598 774 δέ

119 819 214 859 mys
238 802 463 858 μάγιστρος
490 805 618 844 Λέων
643 794 716 843 καί
746 797 926 855 ἀδελφὸς
945 803 1019 842 τοῦ
1038 795 1210 848 ἄνακτος
1224 802 1283 849 εἰς
1308 798 1354 841 τὸ
1373 800 1597 851 ἕξπεδίτον,

165 871 239 912 τοῦ
252 870 430 923 στρατοῦ
445 863 523 922 ἤδη
536 866 771 922 φθάσοντος
782 866 827 907 ἐν
839 866 889 921 τῇ
908 863 1185 920 Χρυσοπόλει.
1212 862 1256 906 τὸ
1278 865 1324 905 δὲ
1342 856 1502 918 τὶλῆθος
1521 865 1596 905 τοῦ

163 936 270 975 λαοῦ
289 932 396 990 ζήλῳ
417 935 516 989 θείῳ
542 933 705 986 τρωθὲν
737 927 991 986 προσεᾷῥύει
1018 930 1068 986 τῇ
1098 929 1290 987 ἐκκλησίᾳ
1321 927 1503 984 φυλάξαι
1523 927 1595 970 τὸν

162 998 392 1052 μάγιστρον
405 995 614 1050 ἇλώβητον
635 997 709 1050 τῆς
733 997 814 1038 τῶν
833 995 1028 1036 ἐναντίων
1041 996 1273 1048 ἐπιβουλῆς.
1301 994 1497 1042 πολλάκις
1512 991 1593 1048 γὰρ

162 1061 434 1117 ἐπεχείρησαν
455 1057 538 1113 ὁζτε
570 1060 782 1115 πατρίκιος
804 1057 1028 1114 ῙΙΙαριανός
1055 1055 1077 1098 ὃ
1097 1053 1326 1111 Ἀπαμβας
1352 1059 1424 1099 καί
1448 1057 1470 1098 ὃ
1490 1061 1596 1112 Τορ-

113 1129 276 1183 ιὸνίκης
294 1123 500 1174 Νικόλαος
518 1123 592 1166 καὶ
622 1123 646 1165 ὅ
664 1119 746 1165 ἇπὸ
763 1125 1002 1178 στρατηγῶν
1016 1124 1265 1176 Πασχάλιος
1279 1124 1450 1173 ε”ξεῶσαι
1464 1119 1594 1164 αὐτόν

160 1194 236 1246 τῆς
261 1193 477 1245 ἐκκλησίας
501 1191 552 1247 τῇ
578 1187 669 1247 βίᾳ.
725 1188 748 1230 ὅ
778 1190 824 1230 δὲ
850 1187 952 1236 λαός
975 1187 1079 1241 μετὰ
1110 1189 1310 1240 αἰθισμῶν
1335 1188 1407 1228 καί
1430 1184 1634 1243 ὗβρεωνι)

159 1255 334 1304 τούτους
358 1253 510 1304 κακοὺς
525 1257 658 1302 κακῶς
676 1254 880 1306 ἐξέβαλον.
909 1254 1111 1308 κυριακῆς
1133 1253 1179 1295 δὲ
1198 1248 1326 1306 οὔσης
1343 1252 1382 1294 θ’
1404 1254 1482 1292 τοῦ
1496 1253 1591 1293 Αὔ-

153 1317 334 1376 ’γοῦστου
351 1318 481 1375 μηνὸς
498 1321 548 1376 τῇ
567 1316 721 1375 ἑωθινῇ
741 1315 843 1375 ὥρᾳ,
873 1320 1092 1372 λεγομένου
1121 1319 1195 1358 τοῦ
1211 1316 1330 1358 θείου
1350 1316 1590 1370 εὐαγγελίου

157 1388 233 1440 τῆς
259 1383 379 1440 ἁγίας
397 1383 656 1432 ἀναστάσεως
683 1384 820 1425 εἷσέδυ
850 1381 873 1423 ὅ
901 1380 1271 1436 παρακοιμιόμενος
1294 1380 1448 1436 Ἰωσὴφ
1471 1383 1516 1423 ἐν
1534 1383 1586 1438 τῇ

103 1451 363 1507 αοέκκλησίᾳ,
393 1449 464 1491 καί
482 1446 668 1490 ἀνελθών
686 1450 730 1489 ἐν
754 1449 811 1503 τῷ
837 1449 1136 1503 πατριαρχείῳ,
1157 1446 1391 1500 προσειπών
1414 1462 1504 1487 τινα
1531 1445 1591 1503 τῷ

155 1514 394 1570 πατριάρχῃ
435 1513 508 1555 καί
543 1515 600 1571 τῷ
636 1512 796 1568 κλήρῳ,
854 1509 1067 1552 κατελθών
1115 1505 1242 1564 αὖθις
1287 1508 1586 1566 προσηπείλησε

155 1693 229 1715 non
261 1686 382 1714 tamen
414 1679 659 1721 auscultabat;
695 1678 758 1712 sed
783 1677 935 1722 repertis
966 1678 1108 1723 aliquot
1138 1677 1222 1710 viris
1247 1677 1460 1718 senatoriis,
1486 1679 1582 1721 parti

153 1738 240 1760 suae
262 1725 464 1760 faventibus
507 1735 722 1770 operamque
753 1729 932 1756 strenuam
955 1723 1186 1764 navantibus,
1210 1723 1447 1756 adversarium
1472 1724 1581 1757 Nice-

150 1772 258 1818 photi
280 1773 400 1816 palam
424 1783 462 1805 se
493 1771 699 1805 declarabat
743 1770 982 1815 studebatque
1020 1775 1166 1804 conatus
1191 1770 1267 1802 eius
1294 1775 1464 1803 evertere.
1513 1772 1581 1804 Ur-

150 1819 236 1852 bem
258 1817 523 1852 communiebat
556 1822 593 1850 et
618 1815 828 1856 claudebat,
864 1821 984 1861 portas
1011 1816 1211 1860 complures
1237 1817 1421 1848 structuris
1451 1818 1580 1860 opple-

149 1865 236 1906 hat,
267 1875 410 1898 saevum
445 1869 482 1896 et
517 1864 750 1908 impotentem
773 1873 811 1895 se
837 1873 918 1906 erga
945 1862 1189 1906 magistratum
1212 1861 1388 1894 urbanum
1414 1862 1578 1906 gerebat,

148 1916 189 1944 et
215 1911 410 1944 Dominum
443 1909 685 1954 Nicephorum
725 1907 942 1941 anathemati
977 1907 1204 1941 subiiciebat.
1262 1907 1389 1953 Neque
1423 1907 1578 1942 sufficie-

146 1955 212 1991 bat
243 1956 314 1990 hoc
345 1957 442 2001 ipsi,
475 1956 538 1988 sed
572 1960 609 1988 et
633 1956 723 1988 clam
748 1954 917 1988 studebat
942 1954 1089 1987 Domini
1115 1955 1370 1993 necessarios‚-
1379 1959 1516 1998 patrem
1540 1959 1578 1988 et

145 2003 315 2043 fratrem,
346 2002 533 2035 exoculare
572 2001 656 2046 [seu
681 2011 870 2034 excoecare
893 2000 951 2033 vel
974 2001 1100 2033 tollere
1111 2001 1141 2043 J.
1190 2000 1272 2045 Quo
1310 2000 1369 2033 illi
1393 2006 1574 2044 comperto

145 2049 412 2094 auffugiebant3
449 2053 486 2081 et
517 2053 616 2092 pater
653 2047 800 2093 quidem
824 2046 994 2086 Domini,
1020 2046 1188 2091 idemque
1212 2046 1391 2092 magister,
1416 2046 1574 2087 Bardas,

146 2094 187 2128 in
208 2105 367 2139 magnam
393 2094 599 2134 ecclesiam,
624 2093 734 2126 frater
759 2097 879 2125 autem
904 2092 1074 2130 Domini,
1099 2098 1136 2126 et
1162 2092 1192 2124 is
1218 2103 1363 2138 quoqne
1385 2094 1572 2137 magister,

145 2139 233 2180 Leo,
259 2142 299 2174 in
322 2140 528 2185 expeditum
555 2151 618 2172 seu
645 2145 778 2182 castra3
802 2140 937 2184 quippe
961 2140 1101 2183 copiae,
1125 2149 1170 2171 ex
1193 2140 1344 2173 Oriente
1368 2138 1415 2170 ad
1441 2140 1571 2173 Urbem

144 2185 375 2226 accedentes,
402 2187 474 2218 iam
498 2186 544 2218 ad
569 2184 807 2230 Chrysopolin
838 2191 1086 2229 pervenerant.
1135 2185 1268 2217 Verum
1294 2185 1420 2228 populi
1445 2186 1570 2217 multi·

144 2231 253 2271 tudo,
276 2231 396 2264 divino
422 2237 499 2264 acta
523 2238 560 2265 et
583 2232 762 2264 stimulata
789 2231 889 2269 zelo,
923 2232 1092 2264 torrentis
1117 2231 1227 2263 instar
1248 2231 1415 2264 affluebat
1439 2232 1484 2264 ad
1506 2243 1567 2263 ec·

143 2277 310 2317 clmiam,
332 2279 536 2322 magistrum
562 2289 581 2310 a
601 2289 694 2310 noxa
719 2283 755 2310 et
780 2276 920 2309 insidiis
945 2277 1225 2310 adversariorum
1253 2277 1456 2310 indemnem
1479 2289 1567 2310 con-

141 2332 280 2355 servare
303 2323 465 2363 studens3
490 2329 527 2356 et
551 2325 691 2369 quoties
716 2323 885 2367 patricius
909 2323 1108 2362 Marianus,
1135 2323 1308 2365 Apambas
1333 2324 1564 2366 cognomina-

140 2372 224 2408 tus,
249 2373 286 2400 et
308 2368 472 2402 Nicolaus
499 2365 749 2402 Tornicius'et
786 2374 1001 2412 exstrategus
1035 2368 1237 2402 paschalius
1260 2379 1342 2401 eum
1364 2371 1400 2401 vi
1425 2381 1445 2402 e
1469 2375 1562 2402 tem·

145 2413 208 2457 plo
232 2413 415 2448 extrahere
442 2415 662 2455 niterentur,
686 2414 901 2460 (tentabant
919 2420 1038 2447 autem
1062 2415 1249 2460 saepius,)
1275 2426 1398 2458 magno
1422 2416 1559 2459 impetu

141 2459 280 2503 ingesta
314 2459 527 2493 extrudebat
557 2472 636 2502 eos,
666 2466 883 2505 onustosque
914 2461 1083 2494 conviciis
1120 2466 1228 2506 atque
1266 2461 1493 2493 contumeliis
1521 2467 1559 2495 et

139 2505 251 2538 malos
281 2515 344 2549 pro
379 2507 506 2539 merito
539 2506 632 2540 male
668 2508 840 2540 mulcatos
872 2506 1085 2550 depellebat.
1133 2507 1201 2539 Die
1234 2517 1316 2539 vero
1351 2505 1554 2547 dominica,

138 2561 236 2585 nona
258 2550 388 2583 mensis
418 2550 588 2595 Augusti,
617 2552 704 2586 hora
734 2552 927 2592 matutina,
959 2559 1072 2597 quum*
1101 2553 1363 2597 praelegeretur
1391 2551 1554 2586 divinum

137 2601 279 2630 sanctae
309 2598 576 2630 resurrectionis
612 2599 853 2643 evangelium,
885 2598 1095 2642 penetrabat
1125 2610 1162 2632 se
1197 2598 1381 2630 accubitor
1418 2599 1550 2642 loseph

137 2642 178 2676 in
205 2642 412 2684 ecclesiam,
442 2643 657 2678 ascendebat
678 2645 718 2678 in
738 2643 999 2689 patriarcheum
1020 2655 1083 2678 seu
1107 2645 1279 2689 palatium
1304 2642 1549 2688 patriarchae,
