1878 3112
392 126 464 165 mz
502 121 761 166 cmmou,
807 119 988 162 AULAE
1027 117 1251 161 m'zAN'r.
1285 120 1320 160 1.
1345 119 1416 168 89.
1523 99 1640 174 399

186 240 259 268 ται
295 225 356 275 εἷς
390 223 439 267 τὸ
473 226 705 281 Νησιβιος,
758 222 832 265 καί
866 219 1098 274 ἀσπάζεται
1133 219 1284 274 αὔτὸν,
1309 221 1401 262 -xat'
1435 219 1511 262 ἐὰν
1549 218 1639 273 ἔχει

188 289 418 346 γράμματα
444 292 519 333 τοῦ
557 292 786 343 βασιλέως,
825 287 1102 330 ἀποδίδωσιν·
1160 287 1230 343 (εἰ
1256 287 1302 327 δὲ
1328 283 1415 341 μή,
1453 286 1528 327 τοῦ
1554 302 1641 338 μα-

188 358 392 414 γίσι-ρον)
441 357 728 412 προτρέποντα
767 352 918 397 αὐτόν.
974 351 1076 403 ἴσως
1117 354 1164 395 δὲ
1207 348 1306 394 οὗδὲ
1348 351 1372 393 ὁ
1410 349 1641 406 μάγιστρος

189 421 371 479 γράφει,
399 418 490 464 ἄλλ’
517 423 566 464 ἐκ
591 421 817 475 μανὸάτων
842 418 970 472 μόνον
998 419 1023 474 ἧ
1052 417 1260 474 προτροπή
1299 417 1455 472 γίνεται
1469 452 1482 470 ,
1505 419 1572 474 ἐφ’
1600 412 1641 475 «ᾖ

160 487 324 535 ὀαῦτόν
358 490 499 530 ἐλθεῖν
522 485 631 540 μετὰ
666 483 878 539 εὐθυμίας
905 485 979 527 καί
1018 486 1272 539 θεραπείας·
1330 483 1403 525 καί
1427 485 1642 539 ἐξέρχεται

186 553 268 597 οὖν
294 553 422 612 αὐτῷ’.
477 554 548 595 δεῖ
568 555 613 594 δὲ
641 551 737 601 τούς
766 548 972 607 ἄρχοντας
1004 552 1079 592 τοῦ
1105 548 1256 605 Δάρας
1292 550 1531 604 α’παντῆσαι
1560 550 1642 591 av‘-

186 622 246 679 τῷ
269 618 380 674 μετὰ
423 621 509 662 ταῖν
545 620 813 675 στρατιωτῶν
849 620 896 660 ἐν
932 624 1019 666 τοῖς
1063 616 1282 671 μεθορίοις
1319 616 1395 658 καί
1432 618 1677 668 ὄέξασθαιο

184 684 259 730 τόν
294 684 557 742 πρεσβευτὴν
596 684 670 727 καί
716 683 823 734 τούς
861 681 1115 740 ἀνθρώπους
1171 679 1317 725 αὗτοῦ.
1374 684 1448 725 καί
1484 683 1526 725 εἰ
1559 684 1639 736 μέν

186 752 299 795 ἐστίν
333 768 378 795 τι
417 750 588 808 ὀφεῖλον
639 753 876 806 λαληθῆναι
926 751 975 792 ἐν
1008 754 1094 798 τοῖς
1139 747 1380 805 μεθορίοις,
1426 752 1639 806 λαλεῖται,

137 820 263 863 ποτοῦ
287 813 491 874 ἄρχοντος
518 819 598 860 τοῦ
627 819 831 873 Νησιζθιος
865 819 997 871 μέχρι
1039 817 1125 858 τῶν
1156 816 1370 871 μεθορίων
1398 814 1503 869 μετὰ
1532 815 1639 870 πλή-

183 887 293 933 θους
338 885 524 939 Περσῶν
564 885 873 938 συνερχομένου
911 879 1058 924 αὐτοῦ’.
1111 880 1153 923 εἰ
1191 881 1239 921 δὲ
1274 879 1334 937 μή
1377 884 1571 924 λαλεῑταί
1594 881 1645 924 τί

184 963 309 1002 ποτε,
337 950 413 990 καί
442 946 575 997 οὕτως
602 951 674 990 δεῖ
694 946 860 998 πάντως
888 950 1108 990 συνελθεῖν
1133 945 1264 988 αὐτὸν
1292 946 1400 1000 μετὰ
1433 946 1638 1007 πλήθους,

184 1011 259 1055 καὶ
283 1015 369 1057 τῶν
389 1013 608 1069 Ῥωμαίων
635 1011 763 1056 αι’τὸν
798 1013 1215 1070 παραλαμβανόντων
1253 1011 1330 1054 καὶ
1364 1011 1466 1063 τούς
1493 1011 1642 1056 συνόν-

183 1096 259 1131 τας
286 1081 429 1140 αὐτῷ,
476 1082 547 1123 δεῖ
565 1079 667 1129 τοὺς
704 1079 881 1130 λοιποὺς
905 1080 1128 1133 ἅπομεῖναι
1154 1081 1238 1121 τῶν
1263 1082 1449 1135 Περσῶν
1476 1080 1521 1122 ἐν
1548 1087 1637 1131 τοῖς

135 1147 417 1201 ιὸΠερσικοῖς
441 1142 611 1200 τόποις,
653 1145 727 1188 καί
745 1144 885 1188 -αὕτὸν
909 1144 1039 1199 μόνον
1064 1143 1171 1198 μετὰ
1194 1147 1278 1188 τῶν
1303 1143 1514 1189 συνόντων
1543 1148 1631 1190 εἷσ-

183 1214 326 1254 ελθεῖν
352 1213 414 1263 εἰς
451 1211 499 1255 τό
538 1212 689 1269 Δάρας
729 1215 804 1255 καί
842 1214 1179 1268 θεραπευθῆναι.
1230 1209 1431 1268 προσήκει
1461 1214 1508 1255 δὲ
1535 1211 1635 1262 τούς

181 1272 389 1333 ἄρχοντας
413 1281 492 1320 τοῦ
517 1276 666 1336 Δάρας
709 1277 866 1334 πολλὴν
908 1281 1143 1335 α’γρυπνίαν
1171 1279 1246 1320 καί
1270 1277 1474 1333 πρόνοιαν
1499 1284 1679 1320 ποιεῖ-Ι)

181 1347 309 1398 σθαι,
346 1342 458 1387 ὥστε
493 1345 555 1400 μή
593 1343 803 1402 προφάσει
837 1347 915 1387 τοῦ
951 1345 1215 1400 πρεσβευτοῦ
1251 1348 1415 1400 πλῆθος
1452 1347 1637 1399 Περσῶν

182 1414 486 1465 συνεισελθεῖν,
513 1410 619 1454 κατὰ
646 1412 774 1468 μέρος
800 1413 1161 1467 ἐπακολουθῆσαι,
1191 1413 1265 1453 καί
1289 1410 1398 1469 δόλῳ
1426 1413 1634 1466 κρατῆσαι

131 1475 259 1534 Ξοτὴν
283 1475 418 1521 πόλιν.
472 1474 580 1520 ἀλλὰ
607 1476 758 1521 τούτου
786 1480 865 1521 τοῦ
892 1478 1049 1533 μέρους
1075 1476 1231 1532 πολλὴν
1258 1477 1456 1534 πρόνοιαν
1486 1475 1524 1519 οἱ
1554 1471 1635 1533 ἆρ-

185 1630 330 1666 cunque
361 1620 425 1652 ille
457 1621 617 1655 voluerit
652 1626 688 1654 et
722 1621 923 1665 delegerit,
962 1621 1002 1652 in
1030 1620 1207 1653 honorem
1239 1621 1310 1654 viri
1340 1621 1568 1653 advenientis
1594 1621 1635 1654 in

184 1667 342 1700 confinia
367 1667 485 1707 mitti,
518 1669 583 1713 qui
608 1679 691 1700 eum
714 1667 768 1699 ibi
795 1667 971 1711 excipiat,
999 1667 1038 1700 in
1057 1668 1324 1712 protectionem
1352 1679 1454 1701 suam
1480 1668 1635 1711 recipiat

185 1718 223 1746 et
238 1713 286 1745 ad
301 1713 436 1747 Urbem
459 1719 650 1758 augustam
672 1715 846 1758 sospitem
869 1714 1055 1758 perducat.
1105 1714 1172 1747 Hic
1197 1715 1325 1760 itaque
1354 1715 1394 1747 in
1419 1725 1503 1747 eum
1525 1715 1634 1748 finem

184 1761 314 1793 missus
333 1761 575 1805 proficiscitur
605 1760 832 1802 Nisibinam,
867 1760 934 1792 ubi
955 1761 1114 1805 legatum
1142 1761 1270 1795 invisit
1293 1765 1331 1794 et
1350 1762 1503 1802 salutat,
1531 1761 1634 1794 litte-

184 1817 317 1853 rasque
343 1807 576 1852 Imperatoris
599 1807 646 1840 ad
675 1818 781 1848 eum,
816 1807 848 1840 si
870 1818 960 1852 quas
982 1808 1054 1840 sibi
1071 1807 1214 1840 additas
1246 1807 1379 1849 hahet,
1404 1808 1475 1852 ipsi
1500 1807 1632 1852 tradit3

182 1859 270 1895 aut,
308 1853 340 1886 si
369 1864 444 1886 non
477 1854 733 1899 Imperatoris,
769 1854 932 1898 magistri
962 1856 1107 1898 saltim3
1148 1853 1283 1900 quibus
1320 1855 1522 1888 arcessitur.
1570 1856 1633 1888 ln·

181 1901 327 1936 terdum
350 1911 397 1933 ne
416 1901 494 1945 ipse
510 1901 659 1946 quidem
679 1902 849 1945 magister
872 1900 1011 1934 litteras
1031 1902 1149 1946 legato
1167 1902 1302 1943 mittit,
1320 1901 1384 1934 sed
1401 1902 1508 1935 nudis
1526 1913 1633 1934 man-

185 1948 280 1982 datis
309 1951 349 1980 et
385 1947 712 1992 significationibus
742 1948 905 1980 oralibus
935 1947 1124 1990 invitatur,
1152 1953 1194 1981 ut
1217 1960 1298 1982 cum
1321 1949 1475 1990 fiducia,
1503 1948 1633 1981 hilari-

183 2001 260 2030 tate
282 1999 322 2028 et
342 2004 408 2039 per
440 1994 557 2028 otium
587 1996 629 2028 in
654 1995 787 2029 Urbem
817 1994 952 2027 veniat.
998 1996 1132 2029 Missus
1170 1995 1296 2041 itaque
1321 2001 1446 2029 noster
1469 2006 1551 2028 cum
1575 1996 1632 2028 le-

182 2047 266 2088 gato
298 2041 443 2076 Persico
477 2041 646 2075 Nisibina
679 2052 841 2087 egressus
876 2042 948 2074 iter
983 2046 1021 2074 et
1052 2041 1310 2075 deductionem
1343 2043 1423 2076 eius
1456 2043 1630 2076 instituit.

183 2089 319 2133 Legato
343 2087 401 2120 illi
436 2098 622 2122 occurrere
646 2089 687 2122 in
713 2088 879 2122 confiniis
912 2087 1050 2122 debent
1074 2089 1250 2134 praefecti
1274 2091 1392 2123 Darae
1425 2101 1506 2123 cum
1529 2090 1634 2123 mili-

185 2135 286 2168 tibus
309 2135 384 2168 suis
402 2135 674 2179 praesidiariis,
699 2137 894 2181 ipsumque
918 2134 1218 2183 famulitiumque
1242 2137 1322 2170 eius
1348 2137 1525 2182 excipere.
1574 2138 1632 2177 Et,

186 2181 219 2214 si
244 2181 336 2229 quid
357 2192 448 2226 opus
474 2187 530 2215 est
555 2183 595 2216 in
632 2183 800 2216 confiniis
824 2182 966 2215 moneri
992 2187 1104 2228 atque
1129 2183 1273 2216 condici
1297 2184 1343 2216 ab
1372 2195 1444 2217 una
1470 2185 1631 2218 alterave

185 2232 311 2272 parte,
334 2227 375 2260 id
397 2229 624 2274 transigitur,
659 2229 843 2274 praesecto
867 2229 1059 2264 Nisihinae
1084 2241 1166 2263 cnm
1188 2241 1340 2264 numero
1364 2232 1551 2265 Persarum
1576 2229 1626 2263 ad

187 2274 343 2308 confinia
382 2285 498 2320 usque
530 2276 688 2321 legatum
721 2277 927 2310 eomitante.
976 2276 1015 2310 si
1046 2287 1133 2310 vero
1165 2276 1263 2310 nihil
1291 2278 1365 2311 tale
1403 2278 1629 2313 monendum

186 2325 366 2365 suppetat,
389 2326 535 2366 oportet
555 2323 794 2356 nihilominus
809 2328 931 2357 tamen
941 2321 1164 2367 praefectum
1174 2324 1365 2358 Nisibinae
1374 2335 1455 2358 cum
1479 2324 1630 2358 cohorte

188 2376 335 2399 suorum
366 2377 450 2400 enm
482 2369 669 2410 comitari,
702 2371 945 2417 Romanisque
974 2369 1133 2414 legatum
1172 2375 1210 2404 et
1242 2372 1321 2405 eius
1357 2373 1505 2405 comites
1532 2372 1633 2404 exci-

188 2411 396 2458 pientibus,
431 2419 528 2447 retro
553 2416 592 2448 in
623 2417 713 2450 locis
750 2416 902 2450 ditionis
929 2417 1096 2452 Persicae
1121 2429 1202 2450 cum
1233 2418 1343 2462 globo
1368 2430 1434 2451 suo
1460 2429 1627 2458 manere,

188 2458 381 2504 solumque
413 2459 571 2504 legatum
594 2474 676 2496 cum
699 2464 874 2497 comitatu
899 2475 965 2497 suo
990 2462 1030 2495 in
1068 2464 1197 2497 urbem
1221 2465 1335 2499 Daras
1372 2464 1513 2509 ingredi
1545 2470 1581 2496 et
1602 2476 1623 2496 a

189 2506 324 2558 nostfis
351 2504 405 2537 ibi
430 2505 578 2551 dignum
602 2511 739 2543 cultum
773 2511 947 2556 accipere.
998 2509 1115 2543 Darae
1138 2511 1315 2556 praefecti
1340 2512 1436 2544 inter
1461 2511 1550 2544 haec
1574 2512 1633 2544 vi-

190 2551 255 2597 gih
279 2562 363 2584 cura
388 2553 678 2598 circumspiciant
703 2563 950 2604 caveantque,
981 2568 1028 2590 ne
1052 2557 1121 2591 sub
1154 2563 1347 2603 praetextu
1370 2558 1481 2601 legati
1507 2558 1635 2590 multi·

190 2598 281 2630 tudo
306 2599 491 2632 Persarum
522 2601 631 2634 simul
654 2603 693 2636 in
717 2603 846 2636 urbem
868 2605 1006 2645 intret,
1037 2609 1102 2637 aut
1123 2615 1190 2650 per
1214 2610 1335 2648 partes
1366 2604 1630 2650 subsequatur,

191 2648 230 2676 et
260 2645 311 2677 sic
342 2643 433 2678 urbe
462 2647 660 2691 potiantur.
707 2650 814 2683 Hunc
842 2651 967 2696 itaque
1002 2650 1123 2684 locum
1166 2650 1361 2695 diligenter
1399 2650 1633 2695 solliciteque

189 2691 424 2726 meminerint
444 2693 639 2738 praefecti,
663 2695 928 2743 observentque
950 2699 1074 2733 Persas
1098 2702 1238 2732 attento
1263 2698 1390 2739 oculo,
1423 2696 1488 2732 sed
1526 2696 1634 2732 dissi-
