1878 3112
294 151 377 191 mz-
403 140 662 192 ammon.
712 147 893 189 AULAE
931 146 1154 189 mmm
1194 150 1248 189 11.
1277 152 1345 195 53.
1442 129 1551 204 785

116 253 253 307 μένων
281 251 328 294 ἔκ
353 249 523 293 πάντων
558 251 640 293 τῶν
668 251 748 291 τοῦ
782 250 1015 306 λαυσιακοῦ
1053 244 1283 303 ἀρχόντων.
1337 253 1411 294 καί
1434 250 1556 307 ἡνίκα

114 315 270 376 ἑκάστῃ
298 313 565 373 ἁρμοζόντως
588 313 829 370 τάξειγτοὺς
855 313 1148 369 συμμετόχους
1174 316 1451 374 ἑξαριθμήσῃ,
1479 329 1587 362 ιτα-Β

114 381 169 425 τὰ
198 381 247 426 τὸ
273 379 403 425 ποσὸν
428 383 507 423 τοῦ
537 381 673 437 δώρου
702 382 776 436 τῆς
801 381 1040 436 ειῖεργεσίας
1068 384 1283 423 ποιεῖσθαι
1307 381 1383 424 τὸν
1408 386 1559 425 συλλο-

117 446 284 503 γισμὸν,
311 445 371 497 ὥς
409 445 673 502 λεχθήσεται.
726 446 846 502 ἡνίκα
875 444 955 502 γὰρ
994 444 1016 486 ὅ
1042 444 1273 503 μάγιστρος
1300 442 1455 501 ἄτομον
1481 465 1556 491 τυ-

87 513 192 567 ὂχόν
217 514 324 570 λάβῃ
350 511 511 567 μύραν,
541 511 668 553 οἷονεί
692 545 719 564 ‚‚
743 511 791 564 κ’,
821 508 980 567 ὄφειἏει
1008 510 1236 565 λαμβάνειν
1263 511 1284 555 ὅ
1313 511 1628 564 α’νθύπατοςΜε.
1641 517 1751 563 259.a

112 578 158 622 τὸ
186 575 318 635 ἥμισυ
345 576 517 631 τούτου,
546 577 786 630 νομίσματα
814 577 854 623 ι’.
900 577 923 618 ὁ
953 578 999 618 δὲ
1027 579 1240 633 πατρίκιος
1264 574 1424 635 ὀφείλει
1452 578 1561 621 ὕπο-

113 643 282 687 πίπτειν
316 645 374 702 τῷ
402 641 627 700 ἀνθυπάτῳ
654 676 683 696 ‚‚
712 640 765 696 α’,
799 642 874 684 καί
906 643 1134 696 λαμβάνειν
1169 646 1335 697 νομίσμ.
1364 643 1419 697 θ’,
1457 645 1480 686 ὁ
1511 647 1559 687 δὲ

120 708 394 768 ὅφφικιὰλιος
440 706 488 751 τὸ
533 709 724 764 δίμοιρον
773 711 852 750 τοῦ
890 708 1109 763 πατρικίου
1146 711 1313 763 νομίσμ.
1343 708 1393 764 ς’,
1433 709 1470 752 οἱ
1510 713 1576 754 δὲ·

113 775 487 833 πρωτοσπαθὰριοι
521 773 628 816 λιτοὶ
661 772 707 816 τὸ
747 772 879 830 ἥμισυ
924 775 1001 816 τοῦ
1038 777 1260 830 πατρικίου
1298 776 1467 829 νομίσμ.
1506 777 1556 823 δ’.

65 842 397 898 ιὀπροτιμῶνται
426 842 473 882 δὲ
504 837 542 881 οἶ
569 841 644 881 τοῦ
670 841 1010 895 χρυσπρικλίνου
1040 839 1115 881 καί
1139 839 1178 882 οἱ
1204 842 1282 882 τοῦ
1317 845 1555 895 μαγλαβίου

112 903 485 963 πρωτοσπαθάριοι
515 903 589 946 καὶ
624 902 663 945 οἱ
690 905 915 960 ιῖρτικλίνοι
951 905 1056 960 ὑπὲρ
1094 904 1192 956 τούς
1220 905 1358 954 λιτούς
1392 922 1558 963 πρωτο-

114 972 384 1027 σπαθαρίους
429 969 595 1023 νομίσμ.
622 969 670 1026 γ’,
728 969 767 1011 οἱ
810 971 856 1012 δὲ
902 972 1437 1028 σπαθαροκουβικουλάριοι
1482 971 1556 1014 καὶ

112 1033 548 1093 σπαθαροκανδιδάτοι
565 1034 610 1077 τὸ
643 1037 832 1091 δᾲιοιρον
857 1037 933 1078 τοῦ
967 1039 1351 1094 πρωτοσπαθαρίου
1380 1050 1406 1092 ·,,
1435 1035 1481 1092 γ’.
1513 1038 1589 1080 οὶΟ

113 1103 162 1144 δὲ
188 1102 524 1159 κουβικουλάριοι
550 1100 625 1143 καὶ
650 1101 884 1156 σπαθάριοι
922 1101 997 1144 καί
1033 1101 1255 1158 στράτορες
1288 1103 1553 1157 λαμβάνουσι

61 1165 160 1213 15τὸ
190 1164 323 1223 ἥμισυ
351 1169 428 1210 τοῦ
456 1169 838 1224 πρωτοσπαθαρίου
872 1199 901 1222 ,,
926 1167 1007 1222 ssd'·
1062 1168 1103 1210 οἱ
1129 1170 1176 1210 δὲ
1202 1167 1439 1211 κανδιδάτοι
1465 1187 1551 1224 μα-

109 1237 306 1289 γλαβῖται
333 1231 415 1275 α’νά
441 1266 469 1286 ,,
498 1232 545 1281 ς’.
604 1231 643 1275 οἶ
671 1234 717 1275 δὲ
745 1234 1000 1289 σεκραιτικοι*
1030 1232 1334 1290 χαρτουλάριοι
1374 1238 1448 1278 καί
1481 1252 1550 1278 νο-

108 1299 251 1355 τάριοι
286 1297 565 1341 ὖποπίπτουσι
603 1305 692 1348 τοῖς
726 1300 802 1341 τοῦ
842 1302 1075 1341 λαυσιακοῦ
1103 1294 1330 1355 ἄρχουσιν,
1375 1302 1550 1350 ἕκαστος

109 1362 216 1407 κατὰ
251 1362 304 1407 τὸ
339 1361 447 1406 ἴδιον
485 1360 671 1417 ἀξίωμα,
711 1366 864 1421 τρίτον.
928 1363 967 1406 οἱ
1003 1365 1051 1406 δὲ
1090 1360 1287 1419 ἄρχοντες
1322 1366 1398 1406 τοῦ
1422 1369 1549 1418 βασι-

107 1431 231 1472 λικοῦ
268 1432 507 1485 βεστιαρίου
542 1429 822 1471 ὑποπίπτουσι
859 1430 934 1471 καί
969 1428 1095 1471 αὐτοὶ
1130 1428 1233 1472 κατὰ
1281 1429 1355 1479 τὰς
1396 1432 1549 1480 οἰκείας

54 1491 231 1544 αοᾶξίας
258 1492 341 1535 dud
368 1497 452 1536 τῶν
478 1495 707 1548 βασιλικῶν
743 1497 821 1536 τοῦ
856 1496 1089 1536 λαυσιακοῧ
1124 1493 1233 1536 κατὰ
1268 1493 1314 1537 τὸ
1356 1497 1548 1551 δίμοιρον

105 1561 235 1615 μέρος
266 1561 346 1602 τοῦ
382 1558 681 1613 πρωτοτιῖπου,
725 1554 811 1601 οἷον
850 1559 889 1601 οἱ
924 1559 1294 1616 πρωτοσπαθάριοι
1332 1559 1416 1602 α’πὸ
1459 1563 1546 1603 τῶν

107 1625 325 1668 οἶκειακῶν
362 1626 486 1668 λιτῶν
527 1627 940 1682 πρωτοσπαθαρίων,
978 1623 1024 1668 τὸ
1062 1624 1249 1682 δίμοιρον
1274 1658 1303 1680 ,,
1329 1624 1377 1680 y',
1406 1628 1480 1669 καί
1505 1625 1547 1669 οἶ

102 1748 266 1784 aberenei
291 1753 412 1782 autem
435 1748 570 1782 notarii
595 1748 803 1781 eximuntur
826 1749 895 1781 soli
920 1748 964 1783 de
989 1748 1158 1784 omnibus
1176 1748 1327 1783 lausiaci
1354 1749 1542 1795 magistra-

102 1795 213 1829 tibus.
261 1796 384 1842 Quum
410 1795 535 1840 itaque
557 1795 755 1840 unicuique
781 1795 882 1828 classi
907 1798 1162 1830 convenienter
1186 1797 1439 1841 supputaverit
1457 1807 1541 1841 par-

101 1847 177 1875 tem
200 1842 359 1875 muneris
388 1842 537 1882 laturos,
562 1846 648 1874 tunc
674 1840 783 1875 debet
807 1852 851 1875 ex
878 1843 1083 1889 quantitate
1108 1843 1196 1876 doni
1222 1842 1401 1875 calculum
1426 1842 1541 1875 bene-

102 1889 176 1922 ficii
198 1889 332 1934 cuique
357 1887 548 1922 individuo
578 1888 814 1932 competentis
847 1887 944 1922 hunc
979 1889 1020 1922 in
1054 1889 1331 1922 modumvinire.
1380 1889 1537 1935 Quando

99 1935 270 1980 magister
293 1935 504 1979 portionem'
523 1934 721 1979 integram,
757 1945 864 1981 quam
888 1947 968 1968 cum
1002 1936 1075 1969 alio
1100 1936 1202 1969 nullo
1227 1935 1406 1979 partitur,
1440 1936 1538 1968 acci-

98 1982 168 2027 pit,
193 1992 226 2019 e.
240 1993 268 2015 c.
292 1980 422 2025 viginti
439 1991 615 2022 nummos,
639 1987 726 2015 tunc
752 1981 883 2026 accipit
898 1982 1092 2026 proconsul
1113 1981 1313 2023 dimidiam,
1337 1981 1376 2015 id
1398 1987 1452 2015 est
1470 1981 1536 2014 dee

99 2039 197 2070 cem;
223 2033 260 2061 et
274 2027 449 2073 patricius
474 2027 544 2061 hoc
567 2027 646 2072 ipso
667 2039 739 2061 uno
753 2038 899 2060 nummo
916 2030 1049 2069 minus,
1072 2029 1113 2062 id
1140 2034 1195 2062 est
1217 2039 1345 2062 novem
1358 2038 1534 2062 nummos.

98 2074 268 2110 Officialis
292 2073 431 2108 bessem
457 2074 600 2118 accipit,
629 2074 667 2107 id
688 2078 741 2106 est
762 2085 926 2108 nummos
950 2086 1022 2113 sex.
1046 2074 1330 2120 Protospatharii
1354 2075 1534 2120 simplices

97 2121 281 2167 accipiunt
305 2119 494 2154 dimidium
518 2120 609 2162 eius,
634 2119 733 2166 quod
751 2121 924 2165 patricius
948 2122 1090 2167 accipit,
1114 2122 1152 2154 id
1171 2127 1226 2155 est
1247 2132 1412 2155 nummos
1440 2133 1533 2167 qua-

96 2171 190 2201 tuor.
236 2167 396 2201 Ministri
420 2166 703 2209 chrysotriclini,
737 2168 1021 2213 protospatharii
1044 2168 1237 2213 maglabii,
1278 2174 1315 2202 et
1341 2168 1530 2202 articlinae

96 2213 282 2259 accipiunt
304 2221 426 2248 ternos
450 2224 614 2247 nummos
637 2214 733 2258 plus,
759 2225 867 2260 quam
891 2215 1072 2260 simplices
1095 2215 1388 2261 protospatharii,
1436 2215 1529 2258 Spa-

96 2259 419 2294 tharocubicularii
450 2266 488 2294 et
519 2260 876 2306 spatharocandidati
913 2262 1098 2306 accipiunt
1122 2267 1193 2295 tres
1227 2267 1371 2306 quartas
1407 2266 1530 2305 partes

96 2305 191 2347 eius,
215 2307 315 2351 quod
337 2307 643 2352 protospatharii3
669 2318 800 2351 nempe
823 2313 944 2341 ternos
969 2319 1147 2346 nummos.
1184 2307 1419 2346 cubicularii,
1443 2317 1529 2350 spa-

96 2350 220 2393 tharii,
244 2357 412 2387 stratores
445 2354 629 2398 accipiunt
653 2353 840 2387 dimidiam
867 2356 964 2395 eius,
1004 2357 1103 2401 quod
1130 2355 1312 2399 accipiunt
1334 2358 1528 2398 protospa-

95 2396 221 2440 tharii,
245 2409 375 2444 nempe
400 2399 506 2434 binos
531 2412 612 2433 cum
636 2399 753 2433 tribus
776 2400 999 2442 miliaresiis3
1031 2402 1215 2436 candidati
1239 2399 1437 2444 maglabiae
1463 2410 1526 2433 ac-

95 2444 239 2488 cipiunt
261 2455 377 2483 senos.
401 2446 572 2481 Secretici
597 2446 807 2479 chartularii
833 2452 870 2479 et
891 2447 1025 2481 notarii
1050 2448 1173 2481 ferunt
1196 2458 1266 2480 una
1290 2446 1398 2479 tertia
1422 2451 1525 2490 parte·

96 2490 239 2532 minus,
277 2503 385 2537 quam
410 2493 570 2527 eiusdem
591 2503 713 2527 secum
741 2493 878 2526 ordinis
902 2503 1066 2538 proceres
1091 2494 1218 2540 palatii
1240 2493 1403 2529 lausiacL
1454 2493 1526 2525 Ea-

97 2535 180 2568 dem
204 2537 296 2570 ratio
322 2544 520 2573 ceterorum
542 2540 705 2574 vestiarii
740 2550 927 2583 procerum
959 2547 1120 2586 respectu
1147 2540 1193 2573 ad
1215 2539 1417 2572 vestiaritas
1443 2537 1524 2571 lau-

95 2581 194 2618 siaci.
241 2584 280 2617 Ε.
307 2595 336 2616 c.
357 2586 507 2619 lausiaci
529 2583 812 2631 protospatharii
834 2585 955 2620 serunt
988 2594 1191 2632 quaternos.
1240 2581 1523 2628 protospatharii

95 2628 283 2663 domestici
304 2631 485 2677 simplices
507 2632 630 2666 ferunt
649 2638 779 2666 ternos.
827 2631 963 2665 Horum
982 2638 1165 2667 ternorum
1190 2642 1262 2664 una
1291 2633 1398 2665 tertia
1421 2636 1522 2676 parte

92 2674 213 2723 minus
240 2676 360 2710 ferunt
385 2677 750 2723 spatharocandidati,
773 2679 902 2723 nempe
925 2677 1042 2713 binos.
1090 2679 1224 2712 Horum
1256 2677 1424 2711 binorum
1448 2686 1519 2710 una

93 2722 234 2765 gemina
253 2728 355 2767 parte
375 2724 495 2757 minus
518 2724 639 2759 serunt
656 2723 831 2769 spatharii
849 2729 886 2758 et
901 2730 1083 2766 stratores,
1102 2725 1141 2757 id
1160 2730 1214 2757 est
1233 2723 1392 2768 singulos
1417 2735 1522 2757 num⁶

142 2790 401 2827 Constantinus
417 2791 590 2838 Porphyr.
612 2793 686 2827 Vol.
710 2793 737 2826 Ι.
1213 2792 1257 2824 50
