1884 3112
312 115 332 151 1
349 116 415 171 72
596 115 954 158 CONSTANTINI
978 115 1473 161 -PORPHYROGENITI

268 226 296 261 c
311 230 401 268 νον,
431 213 471 257 οῖ
498 217 547 258 δὲ
572 219 650 258 τοῦ
676 217 971 270 κουβουκλείου
998 212 1180 269 ἅπαντες
1207 218 1396 262 ἵστανται
1423 219 1547 265 ἔνθεν
1573 221 1751 278 κάκεῖσε,

304 279 363 330 ὥς
393 280 577 324 εἴθισται
605 281 763 331 αὐτοῖς.
828 279 902 323 καὶ
926 281 1070 337 λαβών
1099 286 1233 338 νεῦμα
1260 281 1471 340 ὄστιάριος
1497 282 1582 329 ἇπὸ
1609 287 1751 331 κελεύ-

304 363 410 398 σεως
439 347 553 402 παρὰ
587 348 663 388 τοῦ
689 346 982 403 πραιποσίτου,
1011 349 1238 406 ἐξέρχεται,
1264 352 1425 407 κρατῶν
1445 354 1612 408 βεργίον
1639 369 1748 409 χρυ-

305 415 406 456 σοῦν
435 411 624 455 διάλιθον
641 446 653 466 ,
682 414 755 454 καί
781 411 938 468 εἰσάγει
963 416 1090 470 βῆλον
1118 415 1170 470 ά,
1213 414 1286 458 τὸν
1313 416 1654 475 ὄρφανοτρόφον,
1679 435 1749 461 κο-

303 481 478 534 μίζοντα
513 480 570 536 τῷ
607 481 780 533 βασιλεῖ’
800 477 847 522 τὸ
876 481 950 536 τῆς
976 482 1150 531 πίστεως
1178 481 1412 537 σύμβολον,
1449 483 1522 526 καὶ
1545 482 1774 534 εἶσελθώνὸ

303 544 533 602 προσκυνεῖ
560 543 634 587 τὸν
670 546 870 601 βασιλέα,
907 544 966 603 μὴ
1004 550 1150 598 τελέως
1186 547 1347 591 πίπτων
1383 546 1519 604 κάτω,
1561 549 1659 592 ‹iv-9²
1687 543 1747 592 ὧν

302 610 504 665 βαστάζει
531 609 583 653 τὰ
613 609 817 666 σύμβολα.
882 613 958 656 τοῦ
987 614 1034 655 δὲ
1060 615 1218 670 συρτοῦ
1243 613 1375 670 βάλον
1413 615 1646 672 συρομένου
1675 612 1749 657 καὶ

302 679 381 719 τοῦ
423 672 745 734 ὄρφανοτρόφου
781 680 1116 736 ἐμφανιζομὲνου
1157 681 1215 738 τῷ
1255 683 1433 734 βασιλεῖ’,
1473 679 1692 724 α’νίσταται
1721 679 1747 722 ὅ

301 741 502 798 βασιλεὺς
530 742 611 785 άπὸ
649 746 725 786 τοῦ
749 744 931 801 θρόνου,
970 744 1241 800 ἐκδεχόμενος
1274 746 1477 798 δέξασθαι
1503 745 1551 788 τὸ
1573 748 1649 803 τῆς
1676 745 1747 789 πί-

302 826 434 860 στεως
459 807 684 864 σύμβολον,
715 813 788 853 καί
815 813 938 853 τοῦτο
969 810 1192 865 δεξάμενος
1217 810 1290 854 καί
1317 811 1622 866 ἀσπασάμενος,
1650 813 1797 858 ἐπι-ιο

267 877 454 918 Βδίδωσι
479 878 535 934 τῷ
562 877 842 935 πραιποσίτῳ,
871 880 944 920 καί
969 879 1136 928 τελέσας
1163 877 1239 928 τὰς
1261 879 1305 930 ἐξ
1330 876 1456 928 ἔθους
1483 885 1594 934 τρεῖς
1619 894 1748 935 προσ-

301 942 518 998 κυνήσεις,
571 942 790 985 ἐπιδίδωσι
831 946 888 1001 τῷ
915 947 1087 998 βασιλεῖ’
1120 942 1170 987 τά
1200 943 1414 998 σύμβολα,
1452 941 1746 997 ἀσπαζόμενος

300 1006 376 1063 τήν
400 1014 526 1064 χεῖρα
556 1009 712 1062 αὐτοῦ,
743 1008 814 1051 καὶ
839 1006 1035 1053 ἀπελθών
1065 1006 1393 1067 ὄπισθοφαναΐς,
1421 1009 1584 1053 ἵσταται
1612 1012 1656 1054 ἐν
1682 1013 1744 1070 τῷ

297 1076 427 1132 μέσῳ,
457 1074 530 1116 καί
553 1075 843 1132 προσκυνήσας
870 1075 943 1118 τὸν
969 1078 1162 1129 βασιλέα,
1192 1075 1331 1118 πίπτει
1359 1075 1484 1130 κάτω,
1512 1075 1587 1119 καὶ
1612 1076 1746 1134 ὕπερ-

298 1142 519 1194 ευξάμενος
565 1139 693 1183 αὐτὸν
708 1175 721 1196 ,
771 1144 1000 1198 ἐξέρχεται.
1087 1143 1177 1200 (Β.)
1222 1138 1323 1185 Εἶθ’
1370 1139 1500 1192 οὕτως
1539 1141 1798 1197 λαμβάνειιὸ

298 1208 434 1261 νεῦμα
462 1206 483 1250 ὁ
511 1204 718 1265 ὅστιάριος
756 1207 831 1250 καί
855 1206 1011 1264 εἰσάγει
1035 1210 1165 1264 βῆλον
1193 1209 1245 1262 β’,
1272 1205 1344 1250 τὸν
1372 1206 1643 1264 σακελλάριον
1669 1211 1744 1266 τῆς

297 1272 419 1328 ἁγίας
446 1275 627 1331 Σοφίας,
667 1276 962 1331 προσφέροντα
988 1276 1048 1333 τῷ
1082 1278 1255 1330 βασιλεῖ’
1276 1272 1504 1331 σταυρούς,
1533 1275 1743 1329 ἐπικειμέ-

297 1355 396 1390 νους
422 1341 479 1398 τῷ
497 1340 703 1399 ἀριστερῷ
724 1339 860 1383 αὑτοῦ
877 1336 992 1400 ὤμῳ,
1019 1343 1065 1384 ἐν
1092 1342 1139 1383 δὲ
1165 1342 1219 1398 τῇ
1246 1341 1361 1399 δεξιᾷ
1380 1339 1498 1398 χειρὶ
1512 1341 1743 1398 κρατοῦντα

102 1412 166 1447 Ed.
177 1411 215 1446 L.
233 1405 481 1462 nowravpdv
509 1408 600 1461 ἕνα,
642 1409 714 1450 καί
740 1406 941 1451 εἰσελθών
979 1412 1210 1464 προσκυνεῖ
1231 1405 1305 1449 καί
1330 1405 1460 1458 αὐτὸς
1487 1408 1656 1463 τρίτον,
1685 1405 1743 1456 ὥς

298 1473 325 1531 ἦ
363 1472 479 1524 τάξις
516 1472 632 1528 ἔχει,
669 1472 743 1516 καί
778 1475 1021 1518 ἐπιδίδωσιν
1061 1476 1106 1516 ἐν
1154 1471 1332 1531 πρώτοις
1369 1475 1427 1532 τῷ
1465 1476 1640 1528 βασιλεῖ’
1671 1471 1797 1517 trimo

299 1538 510 1596 σταυρὸν,
549 1538 598 1583 ὃν
637 1544 805 1596 κατέχει
841 1543 886 1584 ἐν
925 1544 979 1599 τῇ
1017 1542 1131 1599 δεξιᾷ
1158 1542 1292 1598 χειρὶ,
1337 1536 1624 1593 ἀσπαζόμενος
1662 1537 1740 1595 τήν

297 1612 422 1663 χεῖρα
452 1602 595 1653 αὐτοῦ.
651 1606 673 1650 ὃ
703 1609 750 1651 δὲ
777 1605 975 1662 βασιλεύς
1012 1608 1232 1662 δεξάμενος
1259 1605 1330 1650 τὸν
1358 1604 1562 1662 σταυρὸν,
1603 1604 1742 1648 demd-

301 1669 413 1727 ζεται
440 1672 591 1728 αὐτὸν,
619 1675 693 1717 καί
718 1674 962 1717 ἐπιδίδωσιν
990 1672 1123 1718 αὖτὸν
1148 1676 1206 1732 τῷ
1235 1672 1525 1731 πραιποσίτῳ,
1553 1673 1626 1714 καί
1658 1668 1741 1714 εἶθ’

126 1747 190 1782 Ms.
207 1735 433 1789 82.1›02‘2'rw;
461 1739 681 1783 ἐπιδίδωσι
708 1743 766 1799 τῷ
793 1744 962 1795 βασιλεῖ’
984 1742 1056 1784 καί
1081 1740 1178 1790 τοὺς
1205 1736 1375 1788 λοιπούς
1402 1735 1633 1794 σταυροὺς,
1666 1738 1742 1779 καὶ

301 1805 522 1860 δεξάμενος
559 1804 717 1857 αὐτοὺς
755 1805 1016 1864 ἀσπάζεται,
1056 1806 1129 1850 καὶ
1154 1808 1374 1850 ἐπιδίδωσι
1396 1805 1470 1848 καὶ
1497 1802 1655 1854 αὖτοὺς
1680 1803 1793 1862 τῷαό

301 1959 342 1992 in
364 1958 496 1994 throno
514 1959 797 2004 chrysotriclinii
821 1959 936 2001 sedet,
953 1971 973 1992 a
990 1958 1237 1999 cubiculariis,
1251 1962 1292 1991 ut
1303 1969 1379 1992 mos
1403 1961 1469 1997 est,
1487 1953 1737 1989 circumdatus.

302 2006 407 2039 'runc
429 2006 595 2041 ostiarius
610 2019 630 2040 a
643 2007 823 2048 mandato,
844 2007 946 2051 signo
962 2018 982 2039 a
996 2007 1203 2052 praeposito
1220 2005 1316 2046 dato,
1333 2004 1528 2049 egreditur,
1542 2006 1579 2034 et
1603 2001 1739 2050 virgam

301 2062 446 2086 auream
462 2054 643 2098 lapidibus
662 2054 829 2099 pretiosis
844 2059 1003 2089 ornatam
1021 2059 1162 2093 tenens,
1181 2052 1299 2085 velum
1315 2052 1480 2096 primum,
1495 2048 1738 2092 orphanotro-

300 2098 427 2143 phum,
455 2100 655 2144 symbolum
668 2100 755 2134 fidei
769 2101 979 2147 Imperatori
993 2103 1214 2139 offerentem,
1229 2097 1395 2132 adducit:
1421 2097 1450 2129 is
1467 2097 1737 2138 Imperatorem,

302 2157 377 2179 non
389 2157 503 2191 prono
516 2148 685 2181 tamenin
696 2153 826 2182 terram
840 2157 1002 2191 corpore,
1012 2147 1097 2192 quia
1110 2145 1269 2189 symbola
1279 2149 1403 2189 gestat,
1416 2141 1552 2178 adorat.
1575 2139 1737 2174 Reducto

302 2197 434 2234 autem,
453 2194 551 2240 quod
572 2205 781 2239 suspensum
798 2200 863 2234 est,
877 2194 969 2234 velo,
980 2192 1065 2226 dum
1083 2190 1395 2238 orphanotrophus
1411 2192 1604 2234 comparet,
1620 2188 1739 2232 Impe-

302 2244 400 2274 rator
423 2252 443 2274 a
459 2240 590 2275 throno
609 2242 733 2287 surgit,
748 2243 980 2275 intemeratae
996 2244 1211 2285 sanctaeque
1234 2237 1319 2271 fidei
1339 2236 1542 2280 symbolum
1560 2240 1740 2289 exceptu-

304 2298 378 2327 ῐῦδ,
395 2287 493 2334 quod
516 2294 705 2334 postquam
720 2289 860 2333 accepit
885 2292 923 2322 et
949 2287 1129 2320 osculatus
1156 2290 1222 2326 est,
1235 2285 1274 2318 id
1299 2284 1506 2330 praeposito
1519 2280 1645 2315 tradit:
1673 2280 1738 2335 gne

302 2339 388 2378 post
417 2339 555 2368 ternam
588 2336 834 2369 adorationem
873 2334 1034 2378 symbola
1063 2333 1275 2378 Imperatori
1312 2330 1452 2370 reddit,
1485 2339 1629 2383 manum
1660 2338 1738 2380 eius

303 2381 504 2423 osculatur,
530 2388 586 2424 et,
611 2393 709 2416 versa
732 2393 871 2428 semper
894 2381 938 2415 ad
964 2392 1045 2415 eum
1070 2381 1180 2421 facie,
1205 2378 1414 2418 discedens,
1439 2377 1478 2410 in
1501 2374 1620 2409 medlo
1646 2372 1737 2407 sub*

304 2428 418 2469 sistit,
444 2429 696 2474 Imperatorem
721 2441 835 2474 prono
860 2429 901 2462 in
924 2433 1056 2462 terram
1079 2427 1181 2460 vultu
1206 2426 1348 2467 adorat,
1390 2425 1579 2468 faustaque
1595 2421 1737 2476 ‘omnia

301 2473 372 2519 ipsi
398 2482 628 2520 appr-ecatus,
654 2476 820 2511 discedit.
867 2474 943 2522 (II.)
990 2476 1120 2508 Rursus
1145 2475 1246 2519 signo
1281 2477 1449 2516 accepto,
1481 2470 1737 2522 ostiarius-ve-

301 2520 377 2555 lum
402 2524 618 2566 secundum,
649 2525 875 2558 sacellarium
907 2523 941 2556 S.
969 2520 1144 2566 Sophiae,
1182 2519 1394 2565 Imperatori
1425 2528 1563 2555 cruces,
1589 2519 1736 2548 suustro

300 2566 452 2603 humero
478 2571 675 2617 impositas,
701 2571 918 2610 oblaturum,
936 2568 1063 2603 dextra
1085 2573 1205 2600 autem
1230 2577 1372 2601 crucem
1396 2566 1502 2599 aliam
1526 2565 1737 2608 gestantem,

301 2615 463 2658 adducit,
484 2619 548 2664 qui
570 2619 748 2664 ingressus
774 2629 868 2659 eum,
888 2617 943 2650 uti
967 2613 1227 2650 consuetudine
1254 2619 1436 2658 receptum
1461 2617 1534 2651 est,
1566 2615 1622 2644 ter
1645 2607 1735 2662 ³.d⁰''

300 2667 366 2704 rat,
392 2669 430 2697 et
455 2676 574 2708 cruce,
600 2677 705 2712 quam
732 2664 857 2699 dextra
879 2675 988 2696 manu
1012 2667 1148 2707 portat,
1169 2662 1321 2706 primum
1349 2658 1558 2705 Imperatori
1582 2655 1736 2694 tradita,

301 2710 377 2744 eius
404 2722 548 2747 manum
586 2714 777 2748 osculatur.
827 2711 1028 2757 Imperator
1054 2719 1195 2746 crucem
1232 2707 1412 2743 osculatur
1448 2715 1597 2751 eamque
1628 2711 1737 2749 prae—
