1878 3112
394 161 467 202 DE
501 155 767 200 cmmon.
805 156 988 198 AULAE
1030 157 1253 199 BYzANT.
1294 161 1330 199 1.
1358 163 1427 208 91.
1523 141 1635 209 415

178 260 240 304 ὠν
266 259 338 304 aad
363 260 441 303 τοῦ
467 253 749 314 αὖγουσταίου
784 252 957 314 άντικρύ
987 259 1065 300 τοῦ
1092 255 1318 314 ὦρολογίου
1335 292 1348 314 ,
1402 262 1638 318 καίἐῖσέρ-

176 343 301 382 χεται
329 323 401 368 διά
428 327 505 368 τοῦ
526 325 714 379 μεγάλου
750 325 940 374 πυλῶνος
969 325 1043 366 ἐπὶ
1065 322 1113 366 τὸ
1151 326 1375 378 μέσαυλον.
1429 327 1476 368 ἐν
1505 329 1552 369 δὲ
1579 331 1640 385 τῷ

177 393 359 449 νάρθηκι
383 389 544 447 γίνεται
568 390 883 445 μουτατώριον,
928 389 1004 431 καί
1028 389 1279 433 ἄποτίθεται
1306 390 1377 434 τὸν
1402 394 1639 450 στέφανον,

181 460 258 501 καί
281 456 409 499 πάλιν
445 456 653 511 λαμβάνει
689 454 821 497 αὐτὸν
851 452 873 496 ὅ
902 455 1200 511 πραιπόσιτος,
1249 456 1324 498 καί
1375 459 1638 513 ἐπιδίδωσιν,

156 525 258 570 5καὶ
289 519 538 565 ἇποτίθεται
578 520 711 564 αὐτὸν
738 520 763 563 ὅ
782 513 983 573 βασιλεὺς
1009 523 1055 564 ἐν
1090 522 1142 579 τῇ
1167 520 1266 580 ἁγίᾳ
1306 525 1520 581 τραπέζῃ,
1566 526 1640 567 καί

182 589 414 645 προσφέρει
441 588 665 644 κειμήλια,
695 585 801 643 ἅπερ
830 589 1086 643 βουληθείη,
1117 588 1193 630 καὶ
1213 593 1395 645 χρυσίον
1421 591 1636 647 δωρεῖται,

180 653 437 713 (διαφόροις
477 654 560 710 γὰρ
602 654 641 696 οἱ
682 657 872 708 βασιλεῖς
906 655 1084 709 δωρεαῖς
1121 657 1343 711 φαίνονται
1378 654 1483 711 πρὸς
1517 659 1639 700 τοῦτο

175 720 442 779 χρησάμενοι
458 723 500 778 ,)
556 723 631 763 καί
658 722 873 775 ἐξέρχεται
899 721 976 762 καί
1000 720 1169 764 ἵσταται
1201 720 1343 776 ὄλίγον
1369 721 1530 778 ἐμπρός
1554 726 1668 770 τοῦΒ

181 791 423 844 καγκέλλου,
450 785 526 829 καὶ
548 784 654 840 μετὰ
682 788 817 828 ταῦτα
843 787 1081 842 εἰσέρχεται
1106 787 1170 836 εἰς
1197 785 1244 829 τὸ
1272 789 1539 844 παρατίκλιν,
1567 788 1788 835 aninmo&
1802 811 1822 832 a

130 850 326 899 ιοᾶκούει
365 854 443 895 τοῦ
483 852 752 907 εὐαγγελίου·
809 850 886 894 ἐὰν
913 853 963 894 δὲ
987 853 1129 906 θέλει,
1168 851 1243 895 καὶ
1270 850 1521 908 συνάγεται,
1562 857 1643 902 ’καί

177 917 415 976 ἀναχωρεῖ,
473 919 732 969 ἐπιτιθέντος
770 917 889 978 minii
929 916 1005 961 τὸν
1031 919 1241 975 στέφανον
1275 920 1352 961 τοῦ
1385 918 1640 977 ἐπισκόπου,

180 983 290 1027 κατὰ
316 983 364 1027 τὸ
390 983 490 1034 ἔθος
506 986 591 1027 τῶν
616 983 859 1040 προκέσσων
884 985 961 1040 τῆς
980 985 1201 1040 ἐκκλησίας
1226 983 1393 1041 ῥογεύει
1420 990 1508 1034 τοῖς
1534 991 1581 1028 κλ
1589 1005 1640 1043 η-

177 1055 333 1106 ρικοῖς,
376 1051 453 1092 καί
487 1049 659 1106 ἔρχεται
695 1049 768 1092 ἐπὶ
803 1048 851 1091 τὸ
881 1050 1111 1104 παλάτιον,
1139 1051 1213 1092 καί
1245 1046 1487 1095 ἇπαντῶσιν
1518 1049 1639 1112 αὐτῷ

175 1117 328 1166 πάντες
365 1116 407 1159 οἶ
441 1114 709 1172 συγκλητικοὶ
743 1114 826 1158 ἔσω
852 1117 927 1171 τῆς
961 1115 1134 1172 ῥηγίας·
1185 1111 1408 1160 α’πανταῖσι
1446 1119 1495 1161 δὲ
1519 1119 1639 1179 αὕτῷ

132 1180 258 1232 ιόκαὶ
282 1182 323 1224 οἱ
358 1181 536 1238 κόμητες
571 1184 656 1225 τῶν
681 1184 846 1237 σχολῶν
873 1181 912 1224 οἱ
949 1179 1211 1238 φυλάξαντες
1235 1181 1312 1239 τήν
1339 1182 1463 1226 πόλιν
1490 1185 1564 1228 καί
1588 1184 1636 1228 τό

185 1248 410 1302 παλάτιον,
451 1249 472 1305 <
487 1249 558 1290 δεῖ
574 1247 656 1304 γάρ
684 1263 804 1298 τινας
832 1243 972 1290 αὗταῖν
1007 1249 1234 1302 α’πομεΐναι
1263 1249 1338 1291 καί
1373 1248 1559 1306 φυλάξαι
1586 1247 1634 1293 τό

179 1313 386 1357 παλάτιον
413 1314 544 1369 μέχρι
571 1307 624 1356 οὗ
650 1312 893 1371 ὑποστρέψῃ
923 1312 950 1355 o‘
976 1311 1197 1369 γενόμενος
1219 1314 1454 1374 βασιλεὺς,)
1503 1332 1638 1374 προσ-

177 1380 374 1421 κυνοῦσιν
418 1375 569 1433 αὖτὸν,
613 1377 687 1421 ἐὰν
720 1378 781 1435 μὴ
825 1378 889 1434 εἴη
928 1377 1129 1436 κυριακῆ,
1178 1379 1251 1423 καί
1291 1384 1490 1438 φιλοῦσιν
1532 1383 1675 1433 τούςα

178 1443 334 1498 πόδας,
374 1447 450 1487 καί
474 1446 644 1499 δέχεται
673 1444 828 1495 αὐτοὺς
858 1442 943 1486 α’πὸ
986 1443 1222 1498 στόματος·
1278 1446 1352 1489 καί
1374 1446 1479 1500 μετὰ
1504 1450 1636 1491 ταῦτα

124 1512 488 1567 αοπροσφέρουσιν
529 1512 649 1568 αὐτῷ
671 1509 711 1553 οἱ
747 1512 1016 1566 συγκλητικοὶ
1042 1508 1134 1564 ἅμα
1161 1514 1222 1570 τῷ
1249 1512 1421 1571 ἐπάρχῳ
1448 1516 1524 1567 τῆς
1554 1515 1634 1556 πό-

179 1580 283 1626 λεως
311 1575 520 1618 πιττάκιον
554 1576 800 1631 τρισχιλίων
837 1578 988 1631 λιτρῶν
1014 1575 1199 1632 ἀργύρου
1215 1611 1228 1631 ,
1268 1578 1342 1620 καί
1376 1577 1485 1631 μεθὸ
1516 1581 1635 1635 δέξη-

178 1657 273 1694 ται,
307 1641 621 1695 ἅντιχαριζεται
649 1641 795 1690 αὐτοῖς
821 1641 866 1683 τό
912 1641 1150 1695 πιττάκιον,
1190 1642 1265 1685 καὶ
1290 1640 1425 1694 οὕτως
1448 1646 1634 1701 εἰσέρχε-

178 1722 250 1750 ται
276 1705 595 1763 δηριγευόμενος
620 1705 703 1748 ὑπὸ
734 1706 930 1761 πάντων,
959 1706 1032 1750 καί
1058 1708 1355 1752 συντάσσονται
1382 1709 1422 1752 οἱ
1451 1708 1634 1767 ἔπαρχοι

268 1829 305 1864 6.
327 1825 349 1871 ἢ
386 1830 453 1863 καὶ
474 1836 588 1875 χρυσ.
613 1830 707 1863 coni.
732 1831 772 1865 R.

178 1932 220 1965 in
243 1941 344 1966 sacra
369 1942 491 1966 mensa
523 1930 678 1978 deponit
689 1926 719 1974 ,¹
739 1937 778 1967 et
812 1933 979 1974 cimelia,
1020 1944 1114 1980 quae
1145 1935 1323 1976 voluerit,
1355 1934 1478 1978 offert,
1507 1940 1570 1972 ant
1593 1941 1631 1973 et

178 1979 358 2024 signatum
390 1989 538 2025 quoque
570 1990 697 2012 aurum
736 1980 850 2014 donat
890 1980 1119 2029 {ecclesiae}
1167 1982 1502 2028 Deprehenduntur
1535 1985 1634 2019 enim

177 2025 418 2071 Imperatores
445 2025 562 2060 nostri
596 2026 636 2060 in
660 2025 731 2060 hoc
763 2037 852 2062 auro
876 2027 1025 2062 donario
1050 2040 1125 2062 non
1154 2029 1309 2063 eundem
1340 2041 1463 2064 omnes
1484 2031 1632 2065 modum

179 2064 356 2106 tenuisse.
406 2072 505 2107 Dein
531 2072 610 2106 exit
638 2073 728 2117 1¹¹¹P·
767 2071 810 2118 [e
834 2072 1000 2122 bemate]
1036 2075 1314 2123 paullulumque
1345 2082 1418 2111 stat
1440 2083 1525 2112 ante
1549 2089 1632 2111 can-

181 2118 318 2162 ceu0⁸3
351 2122 430 2151 tum
454 2119 569 2153 intrat
591 2119 632 2152 in
659 2120 911 2165 paraticlium,
939 2127 977 2155 et
999 2121 1102 2155 audit
1123 2123 1322 2157 lectionem
1352 2125 1543 2170 evangelii.
1591 2126 1631 2160 Si

181 2165 329 2209 cupiat,
375 2165 485 2199 etiam
515 2167 808 2199 communionem
840 2177 977 2201 sacram
1010 2169 1144 2213 accipit
1175 2174 1213 2203 et
1236 2169 1335 2211 abit,
1365 2171 1535 2217 episcopo
1559 2172 1631 2217 ipsi

179 2221 348 2245 coronam
370 2212 591 2256 imponente,
615 2213 814 2248 secundum
836 2215 1139 2249 consuetudinem
1157 2217 1430 2260 processionum
1453 2219 1629 2254 ecelesiae

179 2267 298 2302 rogam
323 2269 387 2291 seu
411 2259 542 2303 stipem
568 2259 632 2292 dat
654 2259 817 2301 clericis,
842 2266 880 2295 et
902 2262 1015 2295 intrat
1038 2262 1079 2295 in
1100 2263 1298 2307 palatium,
1330 2264 1395 2298 ubi
1420 2277 1543 2299 omnes
1568 2277 1628 2298 se-

179 2308 322 2336 natores
347 2304 382 2337 ei
406 2304 502 2338 intra
534 2305 670 2351 regiam
698 2313 838 2350 portam
878 2314 1082 2346 occurrunt.
1129 2309 1202 2344 Sed
1238 2315 1276 2344 ct
1310 2312 1460 2347 comites
1484 2311 1628 2346 schola·

180 2360 262 2382 rum
284 2356 494 2391 occurrunt,
520 2353 585 2399 qui
608 2352 735 2386 urbem
761 2359 798 2387 et
821 2355 996 2399 palatium
1024 2355 1197 2390 hactenus
1221 2357 1500 2392 custodiverant.
1549 2359 1626 2392 De-

179 2393 272 2428 bent
312 2397 411 2429 enim
442 2398 578 2444 aliqui,
623 2400 755 2434 ceteris
778 2401 819 2434 in
842 2413 1007 2447 campum
1041 2402 1283 2444 exeuntibus,
1306 2404 1403 2437 intus
1440 2416 1625 2444 remanere

180 2445 220 2474 et
242 2441 414 2486 palatium
451 2446 652 2487 custodire,
686 2446 802 2480 donec
826 2459 950 2482 recens
974 2449 1109 2483 electus
1138 2450 1338 2496 Imperator
1368 2451 1527 2485 redierit.
1576 2451 1624 2484 Hi

180 2487 222 2521 in
246 2486 407 2532 genubus
431 2499 513 2523 eum
534 2491 708 2534 adorant,
732 2494 841 2528 modo
869 2506 944 2528 non
967 2496 1015 2528 sit
1038 2507 1081 2529 ea
1105 2495 1184 2530 dies
1210 2496 1414 2538 dominica,
1439 2496 1624 2543 pedesque

181 2535 296 2578 ipsius
320 2535 547 2580 osculantur3
572 2550 663 2584 quos
697 2540 854 2574 vicissim
877 2542 1073 2586 Imperator
1106 2541 1264 2589 benigno
1290 2544 1451 2588 alloquio
1477 2545 1624 2589 excipit.

182 2576 364 2625 Deinceps
389 2583 545 2616 offerunt
577 2586 647 2630 ipsi
681 2592 863 2620 senatores
890 2599 956 2632 per
973 2589 1195 2633 praefectum
1222 2589 1326 2624 Urbis
1350 2590 1537 2634 pittacium
1562 2591 1621 2624 vel

183 2625 412 2668 schedulam,
435 2628 473 2662 in
498 2641 570 2674 qua
592 2632 663 2675 ipsi
690 2634 847 2667 termille
873 2635 1010 2679 argenti
1035 2636 1142 2669 litrae
1166 2636 1262 2669 dono
1289 2637 1523 2681 assignantur.
1548 2638 1622 2670 Im·

181 2678 328 2718 perator
352 2674 484 2718 accipit
507 2675 675 2722 quidem,
701 2679 764 2712 sed
789 2682 955 2724 protinus
980 2681 1101 2715 reddit
1124 2682 1359 2715 offerentibus
1383 2694 1503 2729 neque
1527 2684 1621 2717 reti-

182 2724 257 2754 net.
306 2720 366 2756 sic
388 2721 510 2768 itaque
534 2722 734 2769 ingreditur
759 2728 911 2772 stipatus
936 2727 982 2762 ab
1006 2728 1176 2763 omnibus
1200 2728 1389 2763 ordinibus
1402 2729 1442 2764 in
1466 2730 1621 2766 interio-
