1878 3112
330 102 443 169 364
489 165 492 169 ,
597 121 956 164 CONSTANTlNl
1006 122 1491 170 PORPHYROGEMTI

323 220 408 276 χρὴ
440 222 615 273 εἰδέναι,
658 219 719 263 ὅτι
748 223 773 278 ἦ
802 221 966 278 αἴτησις
1006 226 1079 266 τοῦ
1109 226 1241 280 δήμου
1272 225 1376 282 πρὸς
1400 226 1447 269 τὸ
1477 229 1772 285 κρεμασθῆναι

325 286 370 328 τὸ
399 290 529 341 βήλον
555 283 637 327 άπὸ
666 289 742 328 τοῦ
769 289 912 343 τρίτου
944 291 1067 342 βαΐου
1096 294 1279 345 γίνεται.
1337 292 1422 349 χρὴ
1465 295 1512 336 δὲ
1552 292 1623 336 τὸν
1645 289 1774 352 πραι-

327 351 493 393 πόσιτον
531 350 613 407 πρὸ
654 355 783 408 τριῶν
822 353 896 395 καί
920 355 1133 411 τεσσάρων
1158 357 1327 414 ἡμερῶν
1354 359 1584 415 προστάξαι
1610 359 1679 403 τὸν
1705 379 1773 405 σι-

327 417 557 471 λεντιάριον
582 415 654 459 τὸν
680 418 883 471 μέλλοντα
911 422 1082 475 κυλίειν,
1112 417 1215 478 ἆραι
1243 422 1320 480 τὴν
1348 427 1576 481 κυλίστραν
1615 422 1695 468 ἇπὸ
1723 427 1772 470 τὸ

135 480 568 538 Εᾱ,1,,2,2βεστιάριον
595 485 669 525 καί
695 487 1000 542 προμελετῆσαι
1029 486 1176 543 αὐτὴν,
1221 485 1335 539 ὅπως
1359 489 1418 546 μὴ
1449 491 1494 534 ἐν
1523 491 1632 551 αὕτῇ
1658 495 1706 551 τῇ
1723 493 1800 550 ἧ-5

328 548 436 606 μέριιι
463 551 630 605 γένηται
660 552 716 592 δι’
744 551 939 608 άπειριάν
966 553 1145 610 σφάλμα
1171 571 1228 598 τι.

955 658 1093 699 ΚΕΦ.
1122 655 1192 711 oy'.

352 744 455 791 Περὶ
485 744 556 779 τοῦ
577 745 861 793 μακελλαρικοῦ
894 744 1158 794 ἱπποδρομίου
1182 746 1255 781 τοῦ
1283 747 1495 795 λεγομένου
1521 749 1750 796 λουπέρκαλ.

133 846 320 894 M„146,b
441 834 690 891 Εἰσέρχεται
719 834 797 891 πρὸ
836 837 940 889 μιᾶς
976 835 1138 897 ἡμέρας
1177 838 1253 879 τοῦ
1282 833 1417 881 adron?
1444 836 1722 895 ἱπποδρομίου
1753 836 1777 881 ὅ

328 898 604 956 πραιπόσιτος
633 899 736 957 πρὸς
762 900 835 944 τὸν
861 904 1065 956 βασιλέα,
1093 903 1423 959 ὑπομιμνήσκων
1451 900 1599 958 αὐτὸν,
1647 905 1687 947 εἰ
1712 920 1832 954 ace-10

328 964 440 1009 λεύει
468 962 658 1022 ἆχθῆναι
695 966 742 1009 τὸ
786 965 889 1009 αὐτὸ
916 967 1220 1024 ἱπποδρόμιον,
1267 968 1340 1012 καί
1374 968 1517 1024 λαβὼν
1554 969 1669 1027 παρὰ
1703 972 1780 1013 τοῦ

328 1034 535 1087 βασιλέως
563 1031 870 1087 συγκατάθεσιν
891 1032 996 1089 πρὸς
1027 1032 1074 1076 τὸ
1102 1029 1282 1089 ἄγεσθαι
1307 1031 1424 1088 αὐτὸ,
1452 1037 1682 1092 ἐξέρχεται,
1708 1038 1782 1078 καί

329 1098 716 1155 προσκαλεσάμενος
752 1098 827 1141 τὸν
886 1102 958 1155 τῆς
1008 1102 1318 1153 καταστάσεως,
1373 1096 1617 1144 ιῖποστέλλει
1653 1100 1782 1144 αὐτὸν

297 1163 442 1222 Βπρός
467 1163 565 1215 τούς
594 1164 838 1221 δημάρχους
866 1164 938 1207 καί
965 1163 1012 1207 τὸ
1041 1167 1288 1220 πολίτευμα,
1318 1167 1450 1208 εἰπεῖν
1478 1166 1582 1222 πρὸς
1609 1166 1781 1221 αὐτούς,

336 1232 393 1282 ὥς
420 1229 487 1274 ὅτι
515 1226 662 1286 ἄγεται
691 1229 999 1287 ἱπποδρόμιον.
1055 1233 1288 1287 εἰσέρχεται
1317 1233 1363 1274 δὲ
1390 1233 1463 1274 καί
1489 1231 1512 1274 ὁ
1540 1232 1837 1290 θεσσάριος,ι5

336 1298 412 1341 καὶ
437 1295 749 1355 προστάσσεται
777 1296 893 1354 παρὰ
920 1299 998 1339 τοῦ
1026 1298 1303 1353 πραιποσίτου
1333 1293 1416 1339 άπὸ
1443 1297 1690 1351 κελεύσεως,
1737 1294 1785 1339 ὅ-

335 1381 424 1415 πως
462 1363 676 1421 κρεμάσῃ.
730 1355 890 1421 καίλτῇ
935 1361 1030 1419 ἑξῆς
1067 1364 1279 1420 ἐξέρχεται
1308 1360 1328 1405 ὅ
1354 1363 1556 1417 βασιλεύς
1596 1362 1786 1406 ἀπὸτοῦ

334 1429 555 1483 παλατίου,
586 1430 903 1486 δηριγευόμενος
926 1427 1009 1472 ὑπὸ
1039 1431 1124 1472 τῶν
1151 1431 1196 1481 ἐξ
1217 1428 1357 1482 ἔθους,
1384 1431 1458 1472 καί
1479 1430 1692 1486 διέρχεται
1713 1430 1786 1472 διά

334 1512 379 1540 τε
407 1498 482 1539 τοῦ
511 1495 772 1551 αὖγουστέως
798 1498 871 1538 καί
895 1498 972 1538 τοῦ
997 1496 1203 1549 μυστικοῦ
1230 1496 1427 1549 κοχλιοῦ,
1465 1497 1538 1539 καί
1565 1496 1786 1552 ἀνέρχεται

336 1565 384 1606 ἐν
412 1565 471 1620 τῷ
499 1560 689 1620 παλατίῳ
718 1565 795 1604 τοῦ
821 1563 1108 1616 καθίσματος,
1149 1557 1276 1618 ἤγουν
1303 1563 1363 1612 εἰς
1391 1561 1444 1603 τὰ
1474 1560 1838 1619 παρακυπτικὰηο

337 1625 623 1684 ἐκδεχόμενος,
651 1630 802 1685 μέχρις
830 1624 883 1670 ἂν
909 1626 1223 1685 συμφθάσωσιν
1250 1625 1441 1678 ἅπαντες.
1482 1627 1507 1669 ὅ
1537 1629 1585 1670 δὲ
1612 1629 1687 1685 τῆς
1710 1644 1787 1672 κα-

338 1765 534 1811 peracturi.
581 1765 812 1805 Notandum,
847 1775 971 1810 preces
1007 1764 1136 1809 populi
1169 1764 1216 1797 ad
1248 1765 1327 1798 vela
1353 1762 1607 1809 suspendenda
1633 1773 1654 1795 a
1678 1763 1787 1797 tertia

338 1812 461 1857 palma
494 1812 650 1846 institui.
701 1812 871 1846 Ceterum
902 1813 1132 1856 praepositus
1158 1810 1276 1845 tribus
1303 1817 1504 1890 ‹Luatuorve
1540 1809 1670 1843 diebus
1702 1815 1788 1843 ante

341 1860 587 1893 silentiarium
613 1871 739 1893 urnam
766 1859 1067 1892 circumacturum
1091 1869 1240 1891 monere
1270 1858 1314 1891 de
1345 1863 1400 1900 et,
1424 1863 1466 1891 ut
1491 1868 1510 1890 e
1534 1857 1706 1891 vestiario
1726 1869 1788 1890 ur-

340 1917 426 1939 nam
451 1906 660 1952 depromat,
685 1908 838 1954 eiusque
863 1916 986 1939 curam
1011 1904 1166 1948 habeat,
1191 1916 1238 1939 ne
1260 1916 1304 1939 cx
1324 1906 1508 1951 imperitia
1533 1914 1577 1938 eo
1602 1902 1663 1937 die
1688 1913 1791 1938 error

344 1953 497 1988 oriatur.

983 2031 1078 2066 CAP.
1105 2033 1162 2076 73.

561 2100 614 2136 De
637 2099 872 2148 hippodromo
898 2099 1136 2141 macellaria,
1159 2099 1343 2146 Lupercal
1367 2099 1567 2146 appellato.

437 2179 561 2214 Pridie
587 2180 664 2213 eius
691 2180 914 2214 decursionis
939 2180 1166 2224 praepositus
1192 2179 1239 2211 ad
1254 2180 1510 2223 Imperatorem
1533 2178 1654 2218 venit,
1678 2188 1794 2224 qnae-

348 2235 451 2266 ren8‚
476 2237 523 2259 an
549 2226 619 2259 hoc
643 2233 812 2273 equestre
839 2232 1020 2259 certamen
1049 2226 1194 2259 institui
1221 2225 1370 2268 iubeat3
1391 2231 1428 2259 et
1453 2229 1534 2269 post
1562 2221 1796 2258 uam’decre-

348 2276 427 2305 tum
453 2272 497 2305 de
529 2274 607 2306 eius
635 2273 881 2307 celebratione
907 2274 1066 2318 accepit,
1102 2272 1148 2305 ab
1178 2273 1399 2316 Imperatore
1430 2237 1606 2313 discedit,
1639 2271 1795 2304 advoca-

348 2323 502 2366 tumque
525 2321 816 2354 cerimoniarium
843 2320 890 2353 ad
915 2320 1124 2354 demarchos
1151 2324 1187 2352 et
1206 2319 1350 2354 civilem
1368 2319 1617 2363 magistratum
1635 2317 1795 2362 ablegat,

349 2370 394 2399 ut
417 2366 462 2399 dc
488 2368 684 2400 certamine
718 2367 944 2401 instituendo
978 2378 1038 2400 eos
1071 2366 1242 2399 certiores
1275 2366 1393 2399 faciat.
1443 2365 1650 2410 Ingreditur
1682 2365 1795 2398 etiam

348 2414 543 2455 tessarius,
569 2425 678 2462 quem
701 2415 932 2459 praepositus
958 2425 979 2446 a
1003 2413 1174 2447 mandato
1202 2413 1319 2448 velum
1341 2412 1562 2458 suspendere
1581 2411 1694 2445 iubet.
1729 2411 1796 2445 Se-

351 2461 482 2505 quenti
506 2461 565 2494 die
590 2463 791 2506 Imperator
823 2460 869 2494 ab
903 2461 1071 2495 omnibus
1102 2471 1167 2505 pro
1203 2470 1304 2492 more
1337 2461 1514 2504 stipatus,
1546 2457 1796 2504 progreditur,

346 2518 488 2554 perque
513 2514 727 2553 augusteum
752 2514 790 2542 et
813 2514 986 2542 secretam
1012 2508 1196 2541 cochleam
1221 2506 1268 2539 ad
1287 2507 1463 2551 palatium
1483 2505 1606 2539 throni
1625 2503 1795 2537 fenestris

348 2553 517 2588 instructi
528 2555 712 2600 procedit,
738 2561 775 2589 et
799 2555 886 2589 dum
911 2566 1034 2589 omncs
1056 2554 1260 2599 congregati
1279 2554 1364 2594 sint,
1389 2557 1583 2598 exspectat.
1633 2551 1798 2585 Cei-imo-

349 2601 489 2634 niarius
520 2602 730 2647 praeposito
763 2603 932 2643 nuntiat,
965 2602 1087 2635 omnia
1117 2606 1243 2646 parata
1277 2611 1375 2641 esse,
1411 2601 1441 2633 is
1466 2598 1512 2632 ad
1535 2600 1796 2643 Imperatorem

349 2649 508 2691 accedit,
534 2650 731 2696 statimque
755 2660 820 2694 per
844 2649 1026 2694 lapideam
1053 2648 1185 2682 scalam
1210 2646 1256 2679 ad
1279 2652 1415 2680 vestem
1441 2645 1652 2679 mutandam
1673 2645 1712 2676 in
1731 2654 1794 2675 eu-

348 2694 514 2731 hiculum
545 2697 643 2738 abit,
678 2695 839 2743 indeque
865 2707 1052 2741 egressus,
1090 2694 1135 2728 ad
1169 2695 1420 2740 praepositum
1453 2692 1562 2727 dicit:
1597 2691 1790 2727 Solennem
