1884 3112
300 97 412 153 236
569 111 928 157 coNsTANnm
979 112 1464 158 ponrnmoemm

297 215 352 271 ρὰ
382 217 460 258 τοῦ
487 217 762 273 πραιποσίτου
791 214 865 258 καί
895 217 1004 270 λέγει
1033 217 1332 271 ,,κελεύσατε,”
1359 217 1433 260 καὶ
1457 216 1681 272 ἐπεύχεται
1707 219 1737 274 ἦ

296 281 522 337 σύγκλητος
549 284 635 336 ,,εἰς
663 280 840 331 πολλοὺς
871 281 945 324 καί
969 281 1157 336 ἀγαθοὺς
1181 282 1412 338 χρόνους,”
1451 283 1524 326 καὶ
1549 286 1737 340 ἐξέρχον-

259 358 372 393 ctat
401 349 444 389 ἐν
471 349 528 405 τῷ
554 348 743 404 μάκρωνι
770 350 854 390 τῶν
881 347 1154 402 κανδιδάτων,
1184 348 1256 390 καί
1275 349 1456 392 δίδονται
1483 351 1630 404 μίνσαι
1657 367 1738 392 πα-

297 413 352 470 ρὰ
381 416 456 456 τοῦ
483 413 788 470 σιλεντιαρίου.
847 414 870 456 ὅ
901 416 948 457 δὲ
986 417 1239 471 προβληθείς
1276 416 1498 472 μάγιστρος
1526 417 1739 472 ἐξέρχεται

295 481 356 529 εἷς
391 477 489 529 τούς
517 478 694 533 Ἰνδοὺς,
740 479 814 522 καί
849 480 1048 523 ἀλλάσσει
1086 480 1229 536 σαγιόν
1258 480 1455 537 ἀληθινὸν
1489 481 1628 525 ἐπάνω
1661 479 1765 524 τοῦ5

295 545 519 601 στιχαρίου
550 546 705 601 αὐτοῦ’,
750 546 823 589 καί
849 543 1068 603 ἀναχωρεῖ
1089 549 1149 598 εἷς
1175 546 1248 590 τὸν
1277 543 1389 590 οἶκον
1418 544 1572 602 αὐτοῦ,
1604 545 1679 589 καὶ
1702 547 1743 592 εἶ

296 614 376 668 μέν
403 612 494 654 ἐστι
522 613 761 668 πλησιάζων
786 613 842 670 τῷ
869 614 1052 671 παλατίῳ
1084 612 1106 656 ὅ
1152 609 1260 663 οἶκος
1291 610 1425 656 αὖτοῦ
1436 649 1449 668 ,
1501 610 1741 668 ὄψικεύεται

298 675 382 718 ὑπὸ
416 677 706 731 ἀξιωματικῶν
735 678 809 720 καί
833 680 1083 732 δομεστίκων
1113 678 1280 721 πεδίτου
1311 678 1383 721 καί
1407 679 1642 736 σχολαρίων
1666 694 1741 720 πε-

101 745 415 791 Μ8·1ο4-8δι’του
450 743 523 786 καὶ
550 745 812 800 σκουταρίων
847 747 924 787 τοῦ
955 742 1142 801 ἀριθμοῦ
1181 744 1254 787 καί
1281 744 1527 800 διαιταρίων
1566 743 1638 787 καὶ
1672 746 1741 786 δε·-

298 811 451 856 κανῶν·
496 809 536 850 εἰ
562 810 609 851 δέ
638 812 726 854 ἐστι
752 807 949 866 μηκόθεν,
985 810 1025 853 οἱ
1050 811 1174 853 αὐτοὶ
1202 806 1299 853 ἄνευ
1331 812 1413 853 τῶν
1437 807 1798 864 ἇξιωματικῶν.10

299 874 381 936 χρὴ
407 876 455 916 δὲ
490 875 728 930 γινώσκειν,
769 873 830 919 ὅτι
858 876 932 921 καὶ
958 878 1004 923 ἐν
1042 874 1192 935 ἑορτῇ,
1225 875 1299 921 ἐὰν
1339 877 1573 935 προβληθῇ,
1611 871 1744 926 οὕτως

299 941 528 999 ἀναχωρεῖ.

895 1057 1032 1098 ΚΕΦ.
1070 1054 1155 1110 μζ.

264 1140 298 1174 D
337 1139 429 1177 Ὅσα
453 1142 514 1178 δεῖ
542 1145 855 1194 παραφυλάττειν
888 1146 953 1181 ἐπὶ
975 1147 1188 1193 προαγωγῇ
1211 1147 1419 1193 πατρικίου
1444 1146 1699 1192 συγκλητικοῦ

825 1211 890 1243 καὶ
914 1211 1221 1259 στρατηγοῦντος.
1754 1220 1800 1261 15

408 1293 512 1352 ,Πρό
549 1298 652 1351 μιᾶς
704 1296 866 1338 δίδοται
906 1295 1127 1353 ἀπόκρισις
1139 1331 1152 1351 ,
1195 1296 1270 1339 καὶ
1312 1293 1516 1353 μηνύεται
1558 1299 1674 1340 πᾶσα
1721 1294 1748 1354 ἦ

302 1361 554 1418 σύγκλητος,
598 1364 666 1405 ἵνα
694 1363 877 1421 προέλθῃ
910 1362 1015 1417 μετὰ
1047 1363 1313 1417 ἄλλαξιζιιων,
1353 1364 1426 1405 καί
1452 1364 1500 1405 τὸ
1532 1365 1649 1419 πρωῒ
1673 1360 1750 1406 ἆλ-

304 1429 449 1471 λάσσει
483 1430 528 1471 ἐν
568 1431 626 1488 τῷ
666 1428 936 1488 ἱπποδρόμῳ,
980 1430 1053 1472 καί
1094 1430 1332 1485 εἰσέρχεται
1361 1430 1387 1485 ἦ
1418 1431 1662 1486 προέλευσις
1691 1430 1751 1479 εἷς

304 1492 352 1536 τὸ
385 1497 588 1551 τρίκλινον
617 1497 695 1537 τοῦ
726 1496 1028 1539 Ἰουστινιανοῦ
1063 1494 1137 1537 καὶ
1163 1497 1245 1545 πᾶς
1270 1495 1294 1537 ὅ
1324 1493 1448 1549 λαὸς,
1496 1493 1638 1544 καθώς
1662 1494 1751 1549 ἔχει

304 1559 331 1615 ἦ
370 1559 570 1617 συνήθεια
607 1562 681 1617 τῆς
711 1564 932 1618 κυριακῆς.
988 1562 1062 1603 καί
1099 1559 1166 1604 ὅτε
1202 1560 1440 1604 κελεύουσιν
1481 1559 1519 1604 οἱ
1555 1559 1806 1614 δεσπόταιαο

305 1627 509 1678 δέξασθαι
535 1625 582 1668 τὸ
612 1629 820 1682 σε’κρετον,
846 1631 1014 1683 λέγουσι
1041 1630 1099 1687 τῷ
1127 1628 1411 1686 πραιποσίτῳ,
1439 1627 1512 1670 καὶ
1537 1629 1752 1683 ἐξέρχεται

114 1699 179 1738 Ea.
191 1700 230 1735 L.
249 1688 338 1747 1396
366 1693 636 1751 πραιπόσιτος
663 1695 736 1737 καί
762 1695 873 1750 λέγει
900 1696 959 1754 τῷ
986 1696 1060 1751 τῆς
1079 1695 1388 1750 καταστάσεως,
1415 1694 1487 1739 καί
1509 1696 1756 1751 προσκαλεῖ-

308 1870 390 1907 tur,
414 1870 452 1900 et
474 1866 526 1900 sic
551 1867 589 1901 in
612 1878 815 1905 macronem
830 1867 1100 1902 candidatorum
1125 1878 1163 1901 se
1187 1867 1397 1908 conserunt,
1424 1864 1644 1899 silentiarius
1669 1863 1756 1897 mis-

310 1924 383 1946 sam
401 1913 482 1947 ‘dat-
530 1914 713 1949 Promotus
740 1914 785 1951 ad
810 1916 972 1960 magistri
997 1916 1210 1960 dignitatem
1235 1913 1280 1947 ad
1303 1914 1410 1947 Indos
1434 1911 1590 1947 discedit
1613 1922 1753 1955 sagum-

311 1971 384 2005 que
409 1971 627 2004 purpureum
653 1974 758 2007 supra
778 1962 988 1996 sticharium
1012 1974 1117 1996 suum
1142 1961 1282 2002 induit,
1308 1966 1345 1994 et
1369 1961 1513 1993 domum
1537 1958 1632 1991 abit:
1660 1967 1756 2003 quae

311 2008 343 2039 si
370 2007 533 2051 proxima
560 2009 694 2052 palatio
723 2015 795 2050 est,
820 2020 998 2053 proceres,
1026 2008 1216 2042 domestici
1241 2012 1278 2040 et
1300 2005 1469 2040 scholarii
1493 2004 1647 2049 pedites,
1674 2015 1756 2036 scu-

309 2054 396 2086 tarii
418 2053 572 2094 numeri,
597 2054 765 2089 diaetarii
790 2061 827 2089 et
849 2055 975 2088 decani
1001 2066 1081 2088 eum
1103 2060 1315 2100 sequuntur,
1340 2054 1396 2087 sin
1421 2052 1606 2091 remotior,
1631 2048 1755 2090 iidem,

312 2100 474 2144 exceptis
498 2101 729 2144 proceribus,
762 2103 988 2135 comitantur.
1039 2100 1308 2135 Observandum
1332 2110 1416 2132 vero
1443 2103 1520 2139 est,
1557 2108 1638 2130 eum
1662 2096 1758 2137 festo

313 2157 461 2195 quoque
485 2145 569 2188 die,
594 2148 626 2183 si
649 2154 834 2193 promotus
857 2154 935 2192 est,
959 2147 1016 2182 his
1041 2147 1322 2188 comitantibus,
1348 2145 1496 2180 domum
1520 2144 1662 2180 reverti.

945 2266 1040 2302 CAP.
1066 2265 1121 2311 47.

339 2344 580 2383 observanda
614 2345 656 2381 in
675 2348 902 2394 promotione
921 2347 1082 2382 patricii
1103 2346 1287 2382 senatoris
1308 2354 1344 2381 et
1367 2346 1522 2381 militum
1543 2343 1734 2392 praefecti.

408 2437 528 2473 Pridie
548 2439 656 2472 unius
677 2438 754 2472 diei
770 2450 978 2484 responsum
999 2438 1115 2480 datur,
1138 2439 1327 2483 omnisque
1354 2443 1497 2471 senatus
1520 2440 1698 2475 monetur,
1719 2439 1761 2468 ut

317 2485 357 2518 in
375 2486 581 2520 mutatoriis
599 2485 789 2532 procedat:
811 2487 840 2520 is
856 2498 960 2520 mane
981 2486 1189 2519 mutatorias
1211 2486 1249 2518 in
1270 2487 1363 2519 circo
1376 2484 1510 2525 induit,
1525 2489 1561 2516 et
1577 2481 1759 2527 processio

316 2533 508 2579 omnisque
521 2533 688 2579 populus,
706 2538 747 2566 ut
769 2533 844 2568 diei
861 2533 1060 2568 dominicae
1077 2533 1274 2568 solennitas
1294 2532 1466 2576 postulat,
1486 2530 1683 2565 triclinium
1699 2529 1760 2580 lu-

317 2580 467 2614 stiniani
478 2580 689 2626 ingreditur.
714 2581 760 2614 Et
775 2581 805 2614 si
817 2581 980 2616 Dominis
993 2586 1167 2614 secretum
1185 2581 1356 2625 excipere
1373 2579 1502 2623 placet,
1522 2577 1561 2611 id
1577 2584 1764 2622 praepon-

317 2630 357 2659 to
374 2625 514 2668 dicunt,
529 2628 591 2674 qui
606 2638 779 2673 egressu-⁸1,
797 2627 1084 2662 cerimoniarium
1097 2626 1277 2667 admonet,
1290 2631 1331 2660 ut
1341 2626 1511 2671 patricios
1527 2629 1762 2666 senatumque

318 2671 478 2707 advocet.
502 2674 566 2709 His
577 2675 792 2720 tripetonem
802 2675 984 2719 ingressis,
996 2675 1072 2720 ipse
1086 2672 1228 2706 velaibi
1242 2673 1398 2714 ordinat,
1411 2671 1561 2706 Domini
1571 2667 1763 2706 dibetesia,

320 2717 529 2767 chlamydea
554 2716 774 2770 coronasque
798 2733 878 2757 suas
903 2725 1044 2758 mutant
1055 2746 1066 2763 ,
1101 2722 1213 2769 inque
1243 2720 1376 2756 throno
1410 2717 1607 2754 consident.
1656 2714 1764 2751 'runc
