1832 3112
142 150 144 153 ·
176 141 249 183 DE
292 136 443 182 Vl'l'A'.
458 137 722 181 nummus
761 136 942 181 omns
979 134 1354 182 CONSTAN’RNJ.
1431 139 1535 183 va

58 239 66 243 ’
102 245 179 284 nisi
225 245 335 298 quod
367 243 580 297 -Euthymii
626 255 773 282 nomen
792 273 806 293 ,
842 256 868 282 a
904 241 1124 295 Polyeucto
1166 243 1391 296 patriarcha
1405 274 1418 294 ,
1448 251 1530 283 non

87 299 229 338 -mulm
267 307 384 353 post,
421 300 543 338 sacris
566 298 765 353 diptychis
792 297 1037 351 adscriptum
1069 310 1154 338 esse
1167 326 1181 350 ‚
1222 297 1386 352 plurimi
1425 299 1530 339 indi-

99 361 319 407 gmumtur
345 355 394 404 1).

205 410 261 449 V.
314 409 415 448 Post
442 422 568 448 annos
586 406 804 447 admodum
828 407 1070 461 quindecim,
1099 421 1222 461 quam
1246 409 1423 461 primum
1450 410 1528 448 im-

99 465 258 516 perium
294 463 426 503 adorti
452 471 588 513 erant,
618 461 777 516 Bulgari
812 477 951 502 rursus
983 474 1122 515 pacem
1157 476 1319 513 exuere,
1359 478 1429 503 seu
1455 465 1529 504 ad-

93 518 308 558 nundine
343 520 470 572 gentis
484 549 497 568 ,
531 531 634 571 quae
665 517 838 557 secunda
868 517 1058 556 adversus
1100 519 1371 558 circumiectas
1398 522 1531 559 natio-

97 586 169 612 nes
204 573 311 613 bella
341 573 531 612 hactenus
560 579 813 622 exercuerat,
854 586 925 611 seu
962 572 1071 625 quod
1117 572 1289 611 claustra
1324 575 1447 613 maris
1483 589 1532 614 ac

96 634 228 667 teme
260 627 341 667 levi
367 628 568 681 praesidio
594 627 785 666 adversus
815 626 1079 666 validissimos
1110 629 1303 666 exercitus
1330 636 1442 681 septa
1470 643 1530 669 en-

46 728 51 732 ,
96 690 196 723 sent.
251 682 335 722 An.
366 697 461 736 929.
516 683 624 720 Tum
657 683 932 735 praetorianae
961 681 1145 721 cohortes
1172 695 1284 720 arma
1311 683 1445 723 subito
1472 699 1532 725 ce-

95 745 266 830 Εεηωῒ,
292 737 465 776 infausto
499 743 668 786 eventu,
699 750 792 775 cum
828 738 975 787 acrius,
990 750 1113 789 quam
1132 739 1390 787 constantius,
1421 753 1531 792 prae-

111 793 194 831 'um
218 794 378 834 inirent.
431 791 566 830 Classe
596 792 716 830 etiam
750 791 955 830 vindicare
980 793 1108 829 maria
1137 792 1282 841 visum,
1311 807 1427 844 quae,
1460 794 1530 833 du-

83 860 188 885 ·eum
221 847 432 900 imperitia,
459 853 529 885 aut
554 845 732 898 dispersa
760 853 831 895 est,
862 852 934 884 aut
965 846 1008 884 in
1039 846 1175 898 sugam
1207 847 1401 886 coniecta.
1438 847 1527 887 Au-

91 908 236 940 xerunt
261 909 455 941 terrorem
485 907 672 953 agrestes,
702 914 795 940 cum
824 901 951 953 portis
982 901 1095 939 urbis
1122 900 1338 940 incidentes
1352 932 1366 951 ,
1395 901 1526 955 Pega-

94 969 187 994 rum
215 961 257 995 et
285 955 520 995 Theodorae
547 954 693 1008 palatia
707 984 719 1006 ‚
749 955 1016 1008 Stenumque‚
1060 954 1194 994 hostili
1221 956 1314 1009 igne
1342 970 1526 1007 accensa,

87 1009 233 1064 procul
262 1010 417 1050 fumare
442 1012 688 1049 nuntiarent.
714 1009 903 1050 Pericula
930 1009 1072 1048 ultima
1109 1009 1258 1049 audere
1286 1018 1327 1050 et
1353 1015 1524 1064 experiri

91 1064 256 1103 tandem
281 1066 411 1104 iussus
436 1072 498 1104 est
528 1064 744 1115 Sacticius,
781 1079 922 1118 quem,
964 1064 1145 1118 palantes
1183 1066 1319 1118 copias
1346 1079 1427 1105 non
1459 1069 1525 1106 in-

92 1125 254 1158 strenue
278 1133 527 1173 aggressum,
554 1134 637 1158 uno
677 1119 844 1159 vulnere
872 1119 1035 1158 barbari
1062 1121 1107 1158 in
1142 1127 1313 1159 mortem
1341 1121 1524 1162 affecere.

90 1173 229 1213 Cuius
245 1182 356 1228 gesta
391 1174 508 1214 multi
541 1189 635 1214 cum
668 1175 737 1213 atti
766 1177 870 1214 erint
886 1206 899 1226 ‚
931 1177 973 1213 in
1003 1188 1051 1214 eo
1080 1177 1348 1226 consentiunt,
1379 1191 1524 1230 magna

85 1228 146 1266 in'
163 1229 251 1281 ipso
288 1231 479 1279 virtutis,
508 1243 653 1282 magna
692 1229 744 1268 be
777 1232 785 1239 '
825 1230 971 1268 decora
999 1229 1133 1280 filisse,
1156 1230 1301 1283 quibus
1332 1245 1417 1270 rem
1445 1246 1523 1284 pu-

85 1281 234 1322 blicam
262 1285 306 1323 in
342 1284 480 1337 paucis
513 1285 774 1324 sustinuisset.
841 1286 951 1323 Inter
979 1284 1079 1325 haec
1117 1299 1185 1323 rex
1223 1285 1487 1338 Bulgarorum
1508 1317 1523 1338 ‚

84 1343 147 1376 et·
165 1338 277 1378 ducis
311 1346 352 1378 et
379 1340 548 1392 gregarii
579 1339 716 1378 militis
745 1336 875 1378 officia
902 1339 1041 1378 obiens
1057 1368 1070 1389 ‚
1103 1339 1396 1393 Adrianopolin
1428 1356 1523 1382 cum

89 1394 265 1432 exerestu
291 1395 443 1443 movit,
470 1407 618 1433 corona
651 1394 961 1443 circumdatam,
994 1401 1206 1447 postquam
1230 1409 1389 1435 annona
1421 1397 1523 1436 defe-

86 1448 210 1497 cei-at,
238 1449 356 1501 cepit,
387 1451 547 1501 captivo
577 1449 686 1498 duci,
717 1449 907 1502 quicquid
934 1456 1227 1487 tormentorum
1257 1453 1423 1503 reperiri
1455 1466 1523 1504 po-

83 1503 188 1553 tuit,
218 1503 399 1543 adhiberi
419 1505 547 1543 iussit.
606 1503 706 1543 Inde
723 1505 893 1543 victoria
912 1503 1022 1542 haud
1051 1506 1225 1557 segniter
1250 1519 1369 1556 usus,
1398 1506 1525 1546 Thra—

83 1557 148 1595 cia
188 1564 230 1596 et
253 1558 491 1597 Macedonia
525 1558 633 1597 ferro
670 1561 841 1613 igneque
882 1565 1034 1597 vastata
1056 1589 1070 1608 ,
1112 1559 1247 1598 sedem
1286 1561 1444 1613 imperii
1473 1562 1524 1601 ‘et

82 1618 227 1664 eaput,
249 1612 487 1666 Byzantium
525 1615 663 1666 petiitr,
694 1621 736 1652 at
774 1614 913 1652 castris
947 1614 1110 1665 positis,
1136 1628 1254 1653 versa
1291 1615 1342 1653 ad
1381 1629 1524 1667 pacem

162 1667 349 1719 huone,
386 1675 433 1706 ut
464 1667 539 1706 sibi
566 1682 659 1706 cum
688 1669 870 1706 Romano
900 1667 1073 1719 colloqui
1110 1667 1269 1718 liceret,
1310 1673 1442 1708 oravit
1470 1672 1521 1719 ²).

83 1678 312 1759 miratio
349 1722 472 1760 subiit
501 1724 710 1774 utriusque
742 1723 935 1759 exercit-us
968 1721 1158 1771 militem,
1203 1736 1295 1760 cum
1326 1723 1420 1762 hinc
1460 1724 1521 1762 fe-

86 1775 239 1813 rociam
265 1774 441 1828 Bulgari,
472 1775 567 1814 inde
585 1790 666 1814 non
698 1775 908 1813 infractam
935 1776 1191 1827 Imperatoris
1225 1783 1400 1815 mentem
1432 1792 1520 1816 cer-

86 1836 201 1868 neret
216 1859 230 1882 ,
258 1836 305 1868 ut
335 1831 404 1883 qui
434 1837 569 1869 tantae
609 1830 840 1883 dignitatem
872 1831 1109 1878 maiestatis,
1148 1844 1241 1869 raro
1280 1845 1327 1869 ea
1366 1839 1519 1885 tempe-

86 1890 201 1932 state,
229 1891 271 1923 et
298 1898 344 1923 ex
372 1892 507 1924 vetere
534 1886 728 1924 memoria
746 1883 939 1937 exemplo,
969 1898 1039 1923 ore
1066 1891 1231 1938 totoque
1258 1885 1399 1930 habitu
1430 1902 1519 1940 pro-

75 1937 222 1988 *deret3
250 1940 331 1977 iam
360 1946 447 1978 tum
476 1941 725 1993 praesagiens
754 1941 913 1989 animo,
945 1938 1053 1990 fore,
1080 1947 1127 1978 ut
1154 1955 1231 1992 pax
1258 1939 1519 1982 affinitatibus

78 1993 375 2032 connubiorum
409 1994 649 2033 firmaretur.
709 1993 878 2047 Aliquot
905 1996 1020 2032 annis
1046 2001 1158 2046 post,
1184 1995 1346 2033 Simeon
1378 1996 1517 2049 Bulga-

80 2058 152 2086 rus
171 2077 185 2098 ‚
224 2048 366 2088 morbo
398 2051 635 2099 exstinctus,
670 2048 791 2087 Petro
820 2048 902 2087 filio
929 2062 1097 2101 regnum
1127 2056 1365 2088 testamento
1392 2051 1515 2089 relin-

79 2103 170 2154 quit
193 2101 243 2155 ³),
278 2104 365 2156 qui,
399 2103 492 2143 licet
518 2105 600 2143 iam
641 2106 855 2143 exercitum
882 2105 925 2142 in
956 2104 1130 2143 Graecos
1176 2111 1386 2157 armasset,
1422 2120 1515 2145 cum

168 2220 289 2254 verbis
312 2222 422 2255 etiam
445 2221 515 2256 hoc
544 2222 746 2268 colligitur,
783 2222 910 2256 turbas
941 2223 1039 2257 inter
1060 2222 1316 2268 Euthymianos
1341 2229 1379 2260 et
1406 2224 1515 2258 Nico-

170 2266 278 2300 Iaitas
306 2268 465 2302 nondum
488 2268 557 2302 hac
579 2275 698 2303 aetate
721 2270 957 2313 compositas,
979 2275 1044 2302 aut
1064 2281 1174 2303 novas
1196 2273 1319 2316 potius
1343 2272 1388 2305 de
1404 2283 1513 2317 quar-

170 2313 219 2346 tis
241 2314 380 2359 nuptiis
403 2319 498 2348 ortas
532 2326 620 2350 esse.
668 2315 776 2361 Quod
799 2322 983 2359 praeterea
1007 2316 1192 2350 Gedrenus
1218 2324 1398 2358 testatur,
1435 2329 1512 2350 ma-

169 2369 348 2406 gnamque
382 2361 523 2394 Nicolai
559 2362 811 2406 Chrysopergii
842 2363 881 2395 in
918 2362 1138 2396 stabilienda
1169 2365 1358 2398 concordia
1393 2375 1514 2396 curam

170 2405 301 2446 fuisse,
327 2407 450 2452 prodit
473 2419 508 2452 p.
534 2419 611 2452 7⁰2-
636 2410 672 2441 B.
699 2408 866 2441 Ceterum
893 2409 932 2442 in
955 2410 1193 2443 matrimoniis
1216 2410 1385 2444 ineundis
1410 2410 1510 2442 nulla

170 2461 257 2494 gem
281 2452 413 2487 Graeca
445 2455 647 2499 religiosior
676 2455 772 2495 fuit,
809 2461 851 2488 ut
882 2465 927 2487 ex
957 2455 1133 2489 Matthaei
1158 2456 1326 2490 Monachi
1360 2457 1513 2500 Quaest.

169 2498 372 2532 matrinea.
392 2506 563 2544 apparet,
596 2505 635 2534 et
658 2501 790 2534 illustri
816 2501 980 2546 exemplo
1003 2502 1135 2545 probat
1157 2502 1342 2536 Cedrenus
1365 2514 1400 2547 p.
1428 2502 1511 2546 649.

120 2542 329 2622 0)FAbVit;
354 2545 389 2624 SI.
413 2546 599 2590 polyeucti
631 2557 652 2580 e
682 2547 838 2626 Gli-aeui?3
869 2547 1111 2626 script-oribus
1127 2549 1317 2630 8collgctati
1330 2549 1509 2628 ActihSS.

139 2599 550 2627 ·er.-..o.
642 2604 664 2627 2
735 2605 779 2627 eo
840 2604 968 2626 ramma
1047 2619 1055 2626 .
1150 2619 1159 2626 .
1242 2606 1356 2629 onn.
1441 2605 1507 2628 eo-

166 2633 279 2678 phau.
316 2602 445 2681 [κήξ.
470 2604 615 2672 {igneum
648 2593 799 2684 L)ogoth,
830 2650 864 2683 p.
903 2641 982 2683 483.
1021 2594 1146 2673 Ξεῑὲἓί.
1193 2641 1360 2674 Meminit
1398 2641 1507 2674 etiam

160 2679 347 2718 Thevoz.
372 2683 554 2720 Kioviens.
573 2685 619 2719 ad
636 2696 691 2719 an.
703 2697 785 2731 929·
811 2685 988 2731 sigebert,
1017 2686 1062 2720 ad
1078 2698 1132 2720 an.
1153 2690 1231 2732 926.
1327 2688 1364 2732 3)
1388 2687 1505 2732 Quem
