1884 3112
296 123 315 158 1
331 124 399 158 20
570 121 926 165 CONSTANTINI
975 121 1459 164 PORPHYROGENITI
1513 124 1516 126 ’

107 229 240 264 Ms.63.
258 219 554 280 ὺᾶπάρχονται
580 222 621 266 οῖ
646 221 806 277 ψάλται
833 220 879 263 τὸ
908 221 1155 280 τροπάριον·
1180 222 1225 266 ·ὅ
1256 225 1300 266 δὲ
1329 221 1595 279 πατριάρχης
1620 223 1734 278 ἐξερ-

291 290 471 344 χόμενος
499 285 579 330 άπὸ
607 290 681 331 τοῦ
707 287 1040 343 θυσιαστηρίου,
1085 288 1305 342 βαστάζων
1346 288 1393 330 τὸ
1418 285 1537 343 ἅγιον
1564 283 1735 342 εὖαγγέ-

291 359 395 407 λιον,
422 352 590 410 ἔρχεται
618 354 676 402 εἷς
703 350 778 401 τοὶς
804 352 1025 407 βασιλικάς
1052 351 1208 408 πύλας,
1239 353 1427 410 δηλονότι
1453 355 1529 396 τοῦ
1556 352 1734 395 ὑποδια-

290 418 415 462 κόνου
462 420 740 474 βαστάζοντος
779 416 851 460 τὸν
887 418 1097 462 λιτανικὸν
1136 419 1342 475 σταυρὸν,
1398 419 1512 461 οἶδὲ
1540 418 1734 461 δεσπόται

292 484 558 540 λαμβάνουσι
584 482 699 541 παρὰ
730 486 814 527 τῶν
842 486 1126 541 πραιποσίτων
1149 484 1313 541 κηροὺς,
1341 485 1415 527 καὶ
1433 483 1503 527 διὰ
1523 485 1596 539 τῆς
1617 483 1759 539 τρια-5

291 553 369 606 σῆς
394 550 502 604 μετὰ
531 552 615 592 τῶν
643 552 779 606 κηρῶν
807 549 1125 606 προσκυνήσεως
1153 546 1511 608 ἆπευχαριστοῦσι
1537 550 1595 606 τῷ
1627 549 1734 607 Θεῷ,

290 615 364 658 καί
388 614 649 668 ἀσπάζονται
675 615 783 670 τό,τε
811 616 1050 671 εὐαγγέλιον
1077 618 1150 659 καί
1180 615 1250 658 τὸν
1277 614 1471 672 σταυρὸν,
1511 613 1734 668 θυμιώμε-

247 690 274 724 C
292 696 356 723 νοι
383 678 463 723 ὖπό
492 683 570 724 τοῦ
598 680 808 724 διακόνου.
879 684 990 739 (B.)
1021 684 1114 724 Καὶ
1139 681 1533 739 παρακρατούμενος
1560 677 1582 722 ὅ
1609 683 1733 734 βασι-

288 745 385 797 λεὺς
411 744 491 789 ὑπὸ
517 748 591 790 τοῦ
619 747 885 805 πατριάρχου
913 750 1127 805 ἐξέρχεται
1156 745 1239 790 άπὸ
1274 750 1349 804 τῆς
1375 745 1617 803 ἐκκλησίας,
1662 743 1737 787 καὶ

289 812 479 863 ἐξιόντων
505 811 580 870 τὴν
606 812 742 869 πύλην
766 813 842 869 τὴν
869 812 1096 870 ἕξάγουσαν
1133 816 1192 864 εἷς
1223 811 1297 856 τὸν
1332 811 1529 870 ἡλιακὸν,
1570 809 1789 866 λαμβά-ιο

288 894 433 921 νουσιν
472 876 513 920 οἱ
549 877 744 922 δεσπόται
773 878 888 935 παρὰ
927 882 1012 923 ταῖν
1042 879 1327 936 πραιποσίτων
1354 877 1478 936 κηρία
1514 878 1736 930 λιτανίκια,

288 945 364 986 καί
389 945 632 1000 διέρχονται
661 944 942 995 λιτανεύοντες
975 944 1045 987 διά
1075 947 1208 999 μέσου
1238 947 1316 987 τοῦ
1349 945 1524 1002 ἡλιακοῦ
1550 941 1624 986 καί
1655 943 1736 985 τοῦ

288 1011 505 1053 στενωποῦ
533 1011 611 1051 τοῦ
632 1009 887 1066 μονοθύρου,
918 1010 991 1052 καί
1008 1012 1280 1067 κατέρχονται
1303 1009 1350 1053 τὸ
1377 1009 1636 1064 καταβάσιον
1658 1008 1737 1050 τοῦ

287 1076 590 1130 βουκολέοντος,
618 1075 691 1118 καί
714 1076 946 1127 ἑκνεύοντες
967 1077 1092 1134 δεξιᾷ,
1114 1079 1386 1133 κατέρχονται
1414 1074 1517 1132 πρὸς
1544 1074 1616 1117 τόν
1634 1072 1738 1129 νάρ-

288 1144 400 1196 θηκα
424 1142 500 1196 τῆς
520 1142 615 1191 νέας
639 1142 879 1197 ἐκκλησίας,
933 1143 1086 1197 (ἐκεῖσε
1115 1141 1195 1198 γάρ
1224 1144 1420 1184 ἵστανται
1457 1139 1495 1183 οἶ
1524 1141 1597 1196 τῆς
1630 1141 1787 1194 συγ-15

288 1203 474 1264 κλήτου,)
504 1206 577 1249 καί
598 1207 756 1262 γίνεται
784 1207 809 1262 ἦ
836 1203 1062 1249 ἀκολουθία
1095 1210 1168 1263 τῆς
1197 1206 1360 1250 εἰσόδου
1396 1207 1479 1249 τῶν
1507 1204 1734 1260 έγκαινιὶον.

288 1274 375 1314 τῶν
411 1274 458 1332 δὲ
490 1273 702 1316 δεσποτῶν
735 1272 842 1316 κατὰ
867 1273 914 1315 τὸ
945 1272 1095 1322 εἰωθὸς
1118 1272 1329 1316 εἰσιόντων
1345 1271 1453 1327 μετά
1475 1273 1554 1313 τοῦ
1582 1287 1736 1327 πατρι-

245 1343 278 1378 D
293 1335 429 1394 άρχου
458 1338 517 1387 εἰς
538 1337 586 1380 τὸ
615 1340 928 1395 θυσιαστήριον,
963 1337 985 1381 ὅ
1017 1339 1095 1391 μὲν
1117 1338 1382 1395 πατριάρχης
1402 1339 1734 1394 προεισέρχεται,

294 1403 333 1445 οἱ
362 1404 409 1446 δὲ
433 1405 654 1458 δεσπόται,
683 1402 894 1458 ἱστάμενοι
920 1402 1078 1456 ἔξωθεν
1104 1405 1187 1446 τῶν
1212 1403 1341 1459 ἁγίων
1367 1405 1539 1459 θυρῶν,
1571 1399 1737 1455 λαμβά-

291 1484 414 1511 νουσι
442 1467 540 1518 τοὺς
569 1467 720 1526 κηρούς
750 1468 868 1525 παρὰ
899 1470 984 1512 τῶν
1009 1471 1291 1525 πραιποσίτων
1318 1467 1391 1511 καὶ
1415 1466 1485 1511 διὰ
1515 1467 1587 1524 τῆς
1615 1480 1788 1522 τρισ-αο

292 1535 369 1589 σῆς
387 1532 495 1587 μετά
520 1537 604 1576 τῶν
635 1537 772 1591 κηρῶν
796 1533 1114 1591 προσκυνήσεως
1145 1531 1504 1592 ἆπευχαριστοῦσι
1538 1534 1595 1592 τῷ
1620 1532 1736 1590 Θεῷ·

290 1595 384 1642 εἶτα
411 1600 692 1656 εἰσερχόμενοι
717 1602 764 1643 ἐν
785 1602 844 1658 τῷ
863 1603 1172 1659 θυσιαστηρίῳ,
1213 1602 1259 1643 ἐν
1285 1598 1465 1656 πρώτοις
1498 1600 1576 1653 μὲν
1597 1595 1738 1640 dond-

294 1665 437 1715 ζονται
462 1665 514 1708 τά
543 1661 641 1721 ἅγια
662 1665 812 1723 θύρια,
847 1662 935 1708 εἶτα
967 1665 1043 1721 τήν
1070 1668 1146 1722 τῆς
1177 1666 1301 1721 ἁγίας
1325 1665 1529 1721 τραπέζης
1550 1660 1737 1718 ἐνδυτῆν,

295 1729 370 1772 καί
390 1733 575 1782 τιθέντες
599 1728 855 1787 ἅποκόμβιον
877 1733 948 1774 ἐπὶ
977 1734 1050 1789 τῆς
1085 1731 1206 1788 ἁγίας
1230 1732 1460 1789 τραπέζης,
1501 1731 1738 1787 διέρχονται

397 1853 449 1876 ιο.
479 1839 519 1875 τὸ
541 1840 595 1885 ἧλ.
625 1841 678 1877 ed.
756 1855 806 1878 ιι.
832 1834 1002 1879 λιτανικιὶ
1027 1843 1082 1878 ed.

294 1953 393 1991 trat,
438 1948 653 1995 solennique
685 1951 892 1995 precatione
923 1955 1089 1997 peracta,
1123 1948 1262 1996 psaltae
1296 1947 1495 1992 troparium
1540 1946 1734 1992 incipiunt.

296 1995 439 2029 Deinde
463 1997 663 2040 patriarcha
689 2008 733 2030 ex
757 1999 911 2031 oratorio
938 2007 1120 2043 egressus,
1147 2000 1309 2029 sanctum
1334 1994 1558 2038 evangelium
1581 1998 1734 2038 gestans,

296 2047 422 2086 portas
458 2043 705 2086 Imperator-ias
741 2043 966 2088 ingreditur,
1003 2043 1227 2077 subdiacono
1265 2051 1405 2074 crucem
1434 2040 1735 2086 processionalem

297 2087 465 2130 ferente,
499 2089 648 2123 Domini
673 2095 807 2132 autem,
833 2093 945 2124 cereis
970 2101 991 2123 a
1017 2088 1219 2134 patriarcha
1257 2086 1423 2131 acceptis,
1462 2090 1518 2119 ter
1540 2097 1621 2120 cum
1645 2086 1735 2131 ipsis

297 2133 418 2167 Deum
446 2134 619 2176 adorant,
659 2141 696 2169 et
719 2137 944 2181 evangelium
968 2145 1200 2181 crucemque,
1237 2144 1258 2166 a
1291 2132 1514 2166 subdiacono
1541 2132 1733 2174 incenati,

301 2181 519 2215 osculantur.
567 2182 660 2228 (11.)
685 2183 878 2227 Imperator
903 2194 922 2216 a
946 2182 1146 2227 patriarcha
1169 2184 1399 2220 sustentatus,
1429 2190 1449 2213 e
1473 2180 1609 2224 templo
1634 2189 1735 2224 egre-

302 2226 423 2268 ditur,
449 2233 486 2261 et
508 2233 697 2274 postquam
721 2240 785 2273 per
805 2234 945 2274 portam
971 2228 1016 2261 ad
1041 2229 1208 2262 solarium
1233 2227 1425 2260 ducentem
1449 2226 1632 2266 exierunt,
1657 2225 1735 2259 Do-

301 2274 393 2308 mini
419 2285 538 2308 cereos
561 2276 842 2321 processionales
867 2287 887 2308 a
910 2276 1124 2320 praepositis
1150 2273 1352 2318 accipiunt,
1377 2278 1415 2306 et
1440 2273 1479 2305 in
1505 2273 1734 2316 processione

303 2331 370 2365 per
392 2320 551 2354 medium
575 2322 744 2355 solarium
781 2323 1035 2367 angustiasque
1069 2320 1275 2363 monothyri
1308 2318 1460 2352 abeunt:
1507 2324 1635 2363 postea
1668 2328 1736 2363 per

304 2366 514 2401 descensum
546 2368 773 2402 bucoleontis
798 2369 975 2414 progressi
1011 2374 1048 2402 ct
1081 2368 1126 2402 ad
1151 2366 1312 2400 dextram
1346 2375 1383 2398 se
1408 2365 1650 2407 inclinantes,
1686 2363 1735 2398 ad

300 2412 510 2448 narthecem
533 2426 644 2448 novae
675 2415 846 2448 ecclcsiae
870 2426 907 2449 se
943 2415 1154 2455 conferunt,
1190 2413 1257 2447 ubi
1289 2418 1470 2446 senatores
1504 2411 1660 2453 adsunt,
1697 2415 1736 2445 et

303 2460 464 2493 officium
487 2462 656 2495 introitus
684 2462 935 2495 encaeniorum
960 2461 1171 2498 celebratur.
1217 2459 1382 2493 Dominis
1419 2463 1539 2493 autem
1565 2469 1646 2492 cum
1667 2467 1735 2503 pae-

303 2506 462 2541 triarcha
486 2510 676 2542 sacrarium
701 2519 766 2553 pro
791 2519 890 2542 more
915 2508 1103 2553 ingressis,
1138 2505 1337 2552 patriarcha
1361 2506 1560 2550 praecedit,
1586 2504 1735 2538 Domini

305 2559 427 2586 autem
456 2560 554 2589 extra
578 2566 691 2588 sacras
716 2556 842 2588 ianuas
868 2555 1073 2595 constituti,
1108 2565 1228 2588 cereos
1253 2564 1273 2585 a
1297 2553 1510 2598 praepositis
1539 2551 1738 2596 accipiunt,

303 2605 432 2645 terque
466 2612 557 2646 genu
591 2601 684 2635 flexo
708 2601 824 2635 Deum
857 2601 1029 2643 adorant,
1071 2612 1155 2634 mox
1179 2599 1367 2633 sacrarium
1399 2599 1572 2644 ingressi,
1618 2597 1736 2643 prim'o

306 2646 453 2692 quidem
479 2659 595 2683 sacras
618 2650 754 2689 ianuas,
779 2647 911 2681 deinde
935 2659 1072 2681 sacrum
1097 2647 1218 2680 altaris
1242 2647 1433 2680 instratum
1458 2646 1676 2684 osculantur,
1701 2648 1739 2676 et

306 2693 517 2738 apocombio
543 2694 637 2730 inibi
660 2696 843 2742 reposito,
868 2706 934 2741 per
957 2694 1122 2736 bemata,
1148 2693 1258 2728 cercis
1288 2694 1327 2727 in
1351 2703 1572 2740 unoquoque
1595 2690 1738 2725 bemate
