1878 3112
302 140 413 206 450
572 160 833 200 APPENDIX
876 158 948 199 AD
989 159 1190 198 mmmm
1230 160 1441 200 PRIMUM

300 260 428 317 στήσῃ
457 261 529 302 τὸν
554 266 663 302 σῖτον
693 258 766 301 καί
791 259 842 301 τά
875 259 996 301 λοιπά
1028 261 1112 302 τῶν
1140 261 1284 302 εἰδῶν·
1340 260 1567 317 κατασιγᾷν
1597 261 1644 302 δὲ
1663 258 1738 309 τὰς

300 325 478 380 ἀλόγους
517 323 661 381 φήμας
697 327 769 367 καί
803 325 877 375 τὰς
919 324 1132 382 ταραχὰς,
1173 327 1275 367 ποτὲ
1312 329 1391 378 μὲν
1427 327 1740 382 σωφρονίζοντα

262 389 393 439 Βτούς
419 389 496 438 τάς
525 388 667 446 φήμας
694 392 944 445 γεννῶντας,
992 392 1088 433 ποτὲ
1115 393 1162 432 δὲ
1200 392 1408 434 ἐπιλαλεῖν
1434 397 1520 440 τοῖς
1550 389 1741 440 πολίταις

298 456 373 511 τήν
410 457 486 497 τοῦ
522 459 728 510 βασιλέως
765 458 836 498 καί
871 459 950 498 τοῦ
989 458 1093 498 λαοῦ
1131 458 1358 512 σωτηρίαν·
1414 454 1525 498 ἐστΐν
1562 451 1628 497 ὅτε
1667 454 1741 496 καὶ

298 522 495 563 πλάττειν
522 523 687 575 α’γαθας
715 521 883 578 φήμας,
923 522 979 572 ὥς
1007 523 1230 571 κελεύσεως
1256 521 1458 577 ἐλθούσης
1485 519 1593 576 πλὴν
1620 515 1763 574 ἄορί-5

586 585 595 600 ,
629 581 650 597 ‚1

297 603 428 639 στως,
471 582 498 641 ἢ
523 603 592 628 και
622 590 758 635 αλλως
787 585 869 628 άπό
896 603 1006 638 τινος
1033 588 1106 629 τοῦ
1134 589 1239 628 λαοῦ
1266 586 1503 640 ἐλθόντων,
1548 587 1632 628 τῶν
1658 586 1736 639 μὲν

297 650 374 706 τήν
389 651 619 710 ῥαθυμίαν,
647 654 732 695 τῶν
753 654 799 694 δὲ
813 651 886 702 τὰς
898 651 1089 709 ταραχάς
1102 654 1303 694 παύοντα.
1332 649 1441 695 οὕτω
1470 654 1517 694 δὲ
1546 650 1618 694 καί
1629 641 1740 707 κπερὶ

294 717 455 759 τούτων
492 720 551 776 τῷ
586 720 631 759 ἐκ
676 718 902 774 προσώπου
945 716 1240 771 διαταξάμενος
1279 717 1302 758 ὅ
1324 713 1496 768 Ἰούλιος
1535 719 1734 770 Καῖσαρ,

297 782 462 837 ὀλίγους
490 786 562 839 τῆς
589 784 741 835 τάξεως
758 784 1051 840 ὖποκρατήσας
1078 784 1184 842 λόγῳ
1213 785 1287 838 τῆς
1315 784 1424 832 ἷὸιας
1453 783 1609 836 ἐξόδου,
1638 780 1736 830 τούς

259 847 467 898 Ολοιποὺς
496 846 738 891 ἆπὲοτελλεν
765 847 868 891 ἔνθα
897 848 948 892 τά
978 852 1167 904 τάγματα
1195 848 1267 890 τὸν
1295 847 1471 903 βασιλέα
1487 848 1790 900 ἐξεδέχοντο,ῐο

295 911 357 956 ἔτι
385 916 432 956 δὲ
461 912 565 970 πρὸς
592 913 752 964 τούτοις
786 913 859 956 καί
882 913 933 956 τά
978 919 1149 957 πλεῖστα
1190 915 1273 956 τῶν
1307 914 1534 968 βασιλικῶν
1576 910 1742 966 ἀλόγων

295 978 367 1020 καὶ
408 978 697 1036 φορτωμάτων
737 979 808 1021 καί
844 978 921 1029 τοὶς
958 979 1156 1034 μεγίστας
1194 978 1357 1035 σκηνάς.
1415 976 1540 1028 αὐτὸς
1569 979 1616 1019 δὲ
1639 975 1737 1025 τούς

294 1044 501 1098 γνωστούς
543 1046 626 1087 τῶν
663 1045 792 1099 ἇγίων
819 1044 1065 1100 συναγαγών
1092 1047 1189 1100 περὶ
1214 1046 1459 1101 καθάρσεως
1483 1044 1623 1100 ᾐτεῖτο
1649 1054 1737 1096 ψυ-

291 1111 436 1165 χικῆς,
485 1106 575 1151 εἶτα
619 1111 900 1165 ἐλεημοσύνας
942 1109 1070 1152 ἐποίει
1102 1111 1207 1165 κατά
1248 1127 1292 1152 τε
1327 1109 1404 1166 τὴν
1441 1108 1558 1151 πόλιν
1584 1111 1658 1151 καί
1681 1108 1732 1152 τά

141 1175 575 1231 Με.3,ειπλησιάζοντα
615 1174 732 1232 αὗτῇ.
789 1178 860 1217 καί
897 1180 1132 1218 τελευταῖον
1179 1176 1460 1231 ἀπερχόμενος
1495 1174 1599 1231 πρὸς
1639 1174 1788 1224 τοὺςι5

293 1240 420 1290 ναοὺς
460 1240 588 1297 χάριν
626 1241 780 1296 εὐχῆς,
827 1243 871 1283 ἐν
899 1238 960 1290 οἷς
993 1244 1170 1284 ἐποιεῖτο
1211 1240 1394 1294 μάλιστα
1433 1241 1506 1291 τὰς
1535 1238 1735 1296 προελεύ-

293 1323 403 1360 σεις,
446 1306 518 1348 καί
542 1307 820 1362 ὑποστρέφων
849 1306 919 1348 ἐπὶ
942 1306 987 1348 τὸ
1021 1308 1219 1349 παλάτιον
1235 1341 1247 1359 ,
1294 1308 1453 1348 ἐκεῖθεν
1479 1308 1552 1361 τῆς
1579 1303 1735 1355 πόλεως

293 1370 515 1427 ἐξήρχετο,
556 1373 628 1412 καί
663 1374 817 1413 πολλοῦ
856 1373 985 1424 λαοῦ,
1030 1373 1113 1414 τῶν
1150 1388 1194 1415 τε
1223 1370 1304 1413 ὑπὸ
1332 1369 1404 1413 τὸν
1445 1368 1634 1426 ὕπαρχον
1662 1373 1737 1412 καί

291 1438 368 1477 τοῦ
404 1438 478 1491 τῆς
504 1435 660 1484 πόλεως
695 1439 876 1491 στρατοῦ
915 1436 1133 1493 παρόντων
1162 1438 1252 1480 ἐκεῖ
1278 1436 1352 1479 καί
1387 1436 1625 1492 εὐχομένων
1664 1435 1733 1479 τὸν

291 1581 414 1622 tione,
440 1593 486 1615 ne
513 1580 601 1614 Urbi
626 1585 801 1614 terrorem
828 1581 981 1622 iniiciat,
1015 1580 1262 1627 frumentique
1287 1593 1366 1614 cum
1392 1581 1542 1627 reliquis
1570 1592 1732 1615 annona—

291 1629 354 1661 riis
383 1627 571 1672 speciebus
614 1627 799 1660 caritatem
835 1626 994 1660 inducat.
1045 1629 1214 1660 Rumores
1240 1639 1384 1674 quoque
1409 1626 1670 1673 improbabiles
1695 1633 1733 1661 et

292 1679 429 1707 aestum
457 1675 592 1707 cientes
619 1676 878 1719 supprimeret,
902 1675 1030 1718 partim
1059 1680 1219 1707 auctores
1253 1685 1375 1708 eorum
1401 1673 1620 1751 castiffimdo,
1646 1686 1730 1720 par-

291 1722 355 1753 tim
384 1720 619 1754 asseverando
657 1732 737 1765 erga
762 1721 855 1754 cives
883 1719 1080 1753 commodis
1104 1726 1140 1753 et
1163 1724 1318 1754 animum
1352 1721 1496 1754 addenti
1529 1733 1567 1754 us
1593 1733 1729 1755 sermo-

291 1767 400 1800 nibus
417 1793 425 1808 ,
460 1769 716 1812 Imperatorem
752 1773 789 1800 et
815 1773 929 1800 castra
955 1767 993 1799 in
1017 1767 1112 1799 salvo
1142 1778 1238 1810 essc3
1276 1769 1353 1812 ipse
1379 1779 1522 1814 quoque
1546 1768 1730 1802 interdum

293 1819 410 1858 gratos
445 1825 603 1847 rumores
637 1814 857 1859 confingeret
883 1819 990 1860 atque
1031 1814 1069 1846 in
1093 1813 1236 1858 vulgum
1264 1821 1466 1860 spargeret:
1503 1815 1644 1848 venisse
1669 1826 1727 1849 sa-

293 1871 367 1893 cras
392 1860 531 1893 litteras
548 1885 557 1899 ,
584 1861 622 1893 in
648 1872 777 1905 genere
801 1860 915 1900 laeta,
942 1859 1005 1892 sed
1025 1859 1184 1894 nondum
1211 1860 1378 1902 definita,
1404 1861 1630 1902 nuntiantes3
1663 1867 1728 1897 aut

293 1912 330 1940 et
355 1909 496 1940 venisse
521 1907 658 1940 litteras
684 1907 793 1940 laetas
818 1919 836 1940 a
862 1907 1000 1951 privato
1027 1906 1181 1952 quodam
1206 1908 1244 1941 in
1270 1910 1393 1941 castris
1418 1913 1555 1952 agente.
1603 1907 1648 1940 Et
1669 1907 1727 1940 his

292 1953 408 1986 modis
444 1954 630 1986 levitatem
663 1953 908 2000 quorundam,
943 1953 1096 1986 aliorum
1134 1960 1337 1988 aestuantes
1374 1961 1410 1988 et
1434 1953 1623 1987 seditiosos
1646 1954 1728 1987 ani-

293 2011 368 2032 mos
395 2004 638 2043 componeret.
688 2001 750 2033 His
785 1998 1083 2033 instructionibus
1113 2001 1245 2035 vicario
1270 2012 1334 2034 suo
1368 2000 1478 2039 (latis,
1509 1998 1726 2033 amandabat

293 2052 434 2078 sanctus
461 2048 657 2091 Imperator
685 2052 837 2080 ceteram
862 2045 1005 2080 turbam
1030 2057 1169 2078 omnem
1209 2048 1246 2079 in
1281 2059 1361 2080 cum
1387 2047 1516 2086 locum,
1541 2057 1613 2090 quo
1640 2057 1726 2080 con.

293 2098 456 2136 gregatae
489 2092 653 2125 cohortes
677 2103 759 2126 eum
789 2090 1066 2136 exspectabant,
1099 2103 1278 2125 reservans
1303 2093 1374 2126 sihi
1398 2103 1528 2136 paucos
1553 2091 1726 2137 quosdam

293 2137 339 2170 ad
363 2140 463 2170 taxin
487 2139 545 2171 vel
580 2138 766 2171 cohortem
800 2138 1060 2183 praetorianam
1091 2141 1336 2182 pertinentes,
1376 2144 1417 2172 ut
1448 2149 1528 2172 cum
1559 2139 1603 2171 iis
1630 2138 1725 2173 Urbe

293 2195 508 2217 excessurus.
558 2185 743 2218 Praeterea
788 2195 935 2229 quoque
974 2183 1230 2229 praemittebat
1265 2197 1439 2230 equorum
1482 2185 1725 2230 imperialium

293 2232 580 2275 sarcinarumque
606 2235 642 2263 et
675 2233 930 2275 sagmariorum
963 2231 1153 2274 plurimam
1187 2236 1323 2276 partem
1358 2232 1586 2276 tentoriaque
1611 2232 1727 2265 maxi-

292 2288 361 2311 ma.
409 2278 557 2310 Interim
596 2279 749 2318 coactis,
785 2288 874 2322 quos
908 2278 1004 2309 inter
1033 2282 1173 2310 sanctos
1203 2283 1240 2311 et
1270 2279 1454 2322 religiosos
1489 2279 1584 2311 viros
1607 2277 1725 2313 habe-

292 2323 378 2365 bat,
403 2322 665 2363 familiaribus,
690 2322 840 2368 petebat
863 2324 1018 2355 animam
1042 2335 1140 2356 suam
1166 2336 1228 2368 per
1251 2325 1347 2368 ipsos
1373 2325 1554 2370 purificari
1578 2323 1727 2359 absolu-

291 2371 392 2404 tione
419 2375 456 2403 et
484 2371 735 2403 communione
763 2381 789 2403 s.
814 2371 1046 2410 sacramenti,
1079 2369 1260 2416 dabatque
1293 2372 1556 2416 eleemosynas,
1590 2375 1662 2404 tam
1685 2372 1726 2407 iu

293 2417 412 2457 Urbe,
440 2427 546 2461 quam
572 2418 610 2449 in
635 2417 782 2457 vicinis,
818 2415 994 2449 circuibat
1021 2428 1135 2450 sacras
1174 2419 1277 2451 aedes
1304 2430 1447 2462 precum
1471 2417 1526 2451 ibi
1549 2428 1730 2463 peragen-

295 2462 421 2496 darum
453 2474 578 2503 causa,
615 2467 651 2496 et
674 2464 868 2508 praecipue
903 2462 1074 2496 visitabat
1099 2475 1178 2504 eas,
1213 2466 1252 2498 in
1278 2477 1363 2510 quas
1388 2465 1600 2510 plerumque
1624 2465 1726 2499 sole-

293 2509 356 2543 bat
389 2509 594 2554 procedere.
643 2508 696 2542 Ab
726 2509 798 2542 illis
823 2509 969 2553 pietatis
1001 2509 1128 2543 officiis
1155 2511 1400 2545 revertebatur
1423 2513 1462 2545 in
1486 2511 1680 2555 palatium,
1704 2523 1724 2546 e

295 2568 368 2601 quo
392 2555 516 2590 exibat
537 2568 579 2590 ex
599 2554 694 2589 Urbe
714 2567 835 2589 versus
860 2556 1000 2596 navim,
1028 2557 1163 2600 populo
1188 2558 1302 2590 multo
1328 2559 1554 2603 militiaque,
1578 2561 1652 2590 tam
1670 2568 1738 2600 ea,

297 2614 390 2648 quae
419 2602 483 2636 sub
504 2603 676 2648 praefecti
694 2602 799 2635 Urbis
821 2603 1059 2636 attentionem
1080 2603 1251 2643 cadebat,
1277 2617 1383 2650 quam
1407 2603 1565 2650 quae-ad
1587 2605 1727 2649 praesi-

295 2648 354 2681 dia
385 2650 557 2683 militaria
578 2649 713 2683 urbana
746 2648 969 2694 pertinebat,
994 2656 1182 2693 praesente
1203 2652 1401 2696 faustisque
1418 2651 1509 2684 votis
1526 2652 1732 2695 Impar-ato·-⁷

294 2706 367 2728 rem
393 2697 596 2730 cumulante
618 2701 655 2729 et
681 2700 933 2742 prosequente.
982 2696 1142 2739 Ingresso
1162 2698 1307 2732 tandem
1337 2700 1375 2732 in
1397 2708 1534 2739 navem,
1560 2696 1726 2742 procide-
