<?xml version="1.0" encoding="UTF-8"?>
<!DOCTYPE html PUBLIC "-//W3C//DTD XHTML 1.0 Transitional//EN"
    "http://www.w3.org/TR/xhtml1/DTD/xhtml1-transitional.dtd">
<html xmlns="http://www.w3.org/1999/xhtml" xml:lang="en" lang="en">
 <head>
  <title>
</title>
<meta http-equiv="Content-Type" content="text/html;charset=utf-8" />
  <meta name='ocr-system' content='tesseract 3.04.00' />
  <meta name='ocr-capabilities' content='ocr_page ocr_carea ocr_par ocr_line ocrx_word'/>
</head>
<body>
  <div class='ocr_page' id='page_1' title='image "./corpusscriptorum07niebuoft_0656.png"; bbox 0 0 1878 3112; ppageno 0'>
   <div class='ocr_carea' id='block_1_1' title="bbox 312 97 1467 173">
    <p class='ocr_par' dir='ltr' id='par_1_1' title="bbox 312 97 1467 173">
     <span class='ocr_line' id='line_1_1' title="bbox 312 97 1467 173; baseline 0.004 -21"><span class='ocrx_word' id='word_1_1' title='bbox 312 97 422 171; x_wconf 85' lang='lat'><strong>590</strong></span> <span class='ocrx_word' id='word_1_2' title='bbox 584 112 942 156; x_wconf 77' lang='lat' dir='ltr'><strong>CONSTANTlNl</strong></span> <span class='ocrx_word' id='word_1_3' title='bbox 985 111 1467 173; x_wconf 68' lang='lat' dir='ltr'><strong>PoRPHYROGENm</strong></span> 
     </span>
    </p>
   </div>
   <div class='ocr_carea' id='block_1_2' title="bbox 299 210 1776 663">
    <p class='ocr_par' dir='ltr' id='par_1_2' title="bbox 299 210 1776 663">
     <span class='ocr_line' id='line_1_2' title="bbox 304 210 1753 271; baseline 0.001 -13"><span class='ocrx_word' id='word_1_4' title='bbox 304 233 389 258; x_wconf 85' lang='grc' dir='ltr'><em>κια.</em></span> <span class='ocrx_word' id='word_1_5' title='bbox 446 214 483 256; x_wconf 83' lang='grc' dir='ltr'><strong>οἱ</strong></span> <span class='ocrx_word' id='word_1_6' title='bbox 513 215 559 256; x_wconf 75' lang='grc' dir='ltr'><strong>δὲ</strong></span> <span class='ocrx_word' id='word_1_7' title='bbox 588 215 621 255; x_wconf 78' lang='grc' dir='ltr'><strong>δ’</strong></span> <span class='ocrx_word' id='word_1_8' title='bbox 652 211 841 255; x_wconf 82' lang='grc' dir='ltr'><em>εἰκασταί</em></span> <span class='ocrx_word' id='word_1_9' title='bbox 867 213 940 252; x_wconf 81' lang='grc' dir='ltr'>καί</span> <span class='ocrx_word' id='word_1_10' title='bbox 979 210 1017 252; x_wconf 81' lang='grc' dir='ltr'><strong>οἱ</strong></span> <span class='ocrx_word' id='word_1_11' title='bbox 1057 211 1232 267; x_wconf 76' lang='grc' dir='ltr'><em>ἐργάται</em></span> <span class='ocrx_word' id='word_1_12' title='bbox 1269 212 1418 264; x_wconf 78' lang='grc' dir='ltr'><em>πάντες</em></span> <span class='ocrx_word' id='word_1_13' title='bbox 1455 214 1663 271; x_wconf 78' lang='grc' dir='ltr'><em>ἐφόρεσαν</em></span> <span class='ocrx_word' id='word_1_14' title='bbox 1699 218 1753 260; x_wconf 77' lang='grc' dir='ltr'><strong>τὰ</strong></span> 
     </span>
     <span class='ocr_line' id='line_1_3' title="bbox 301 275 1753 337; baseline 0.001 -15"><span class='ocrx_word' id='word_1_15' title='bbox 301 282 448 336; x_wconf 77' lang='grc' dir='ltr'><em>χρυσᾶ</em></span> <span class='ocrx_word' id='word_1_16' title='bbox 475 276 726 333; x_wconf 78' lang='grc' dir='ltr'><em>ὁλοσήμεντα</em></span> <span class='ocrx_word' id='word_1_17' title='bbox 766 275 1066 329; x_wconf 80' lang='grc' dir='ltr'><em>κοντομάνικα.</em></span> <span class='ocrx_word' id='word_1_18' title='bbox 1123 277 1148 332; x_wconf 81' lang='grc' dir='ltr'><em>ἦ</em></span> <span class='ocrx_word' id='word_1_19' title='bbox 1180 279 1225 319; x_wconf 78' lang='grc' dir='ltr'><strong>δὲ</strong></span> <span class='ocrx_word' id='word_1_20' title='bbox 1254 278 1442 336; x_wconf 77' lang='grc' dir='ltr'><em>πολιτική</em></span> <span class='ocrx_word' id='word_1_21' title='bbox 1473 279 1675 337; x_wconf 79' lang='grc' dir='ltr'><em>ἐφόρεσεν</em></span> <span class='ocrx_word' id='word_1_22' title='bbox 1700 281 1753 324; x_wconf 72' lang='grc' dir='ltr'><strong>τὰ</strong></span> 
     </span>
     <span class='ocr_line' id='line_1_4' title="bbox 305 339 1766 402; baseline 0.001 -14"><span class='ocrx_word' id='word_1_23' title='bbox 305 345 434 388; x_wconf 83' lang='grc' dir='ltr'><em>λευκοὶ</em></span> <span class='ocrx_word' id='word_1_24' title='bbox 468 344 669 398; x_wconf 78' lang='grc' dir='ltr'><em>χλανίὸια</em></span> <span class='ocrx_word' id='word_1_25' title='bbox 709 344 790 384; x_wconf 76' lang='grc' dir='ltr'><strong>τῶν</strong></span> <span class='ocrx_word' id='word_1_26' title='bbox 820 342 855 384; x_wconf 77' lang='grc' dir='ltr'><strong>δ’</strong></span> <span class='ocrx_word' id='word_1_27' title='bbox 885 341 1125 397; x_wconf 81' lang='grc' dir='ltr'><em>ταγμάτων.</em></span> <span class='ocrx_word' id='word_1_28' title='bbox 1183 347 1259 385; x_wconf 85' lang='grc' dir='ltr'><strong>τοῦ</strong></span> <span class='ocrx_word' id='word_1_29' title='bbox 1299 347 1344 387; x_wconf 76' lang='grc' dir='ltr'><strong>δὲ</strong></span> <span class='ocrx_word' id='word_1_30' title='bbox 1374 349 1558 388; x_wconf 56' lang='lat' dir='ltr'><strong>Rea-&amp;rou</strong></span> <span class='ocrx_word' id='word_1_31' title='bbox 1595 339 1766 402; x_wconf 58' lang='grc' dir='ltr'><strong>μέρους&gt;</strong></span> 
     </span>
     <span class='ocr_line' id='line_1_5' title="bbox 303 407 1753 467; baseline 0.001 -14"><span class='ocrx_word' id='word_1_32' title='bbox 303 409 570 466; x_wconf 71' lang='grc' dir='ltr'><em>νικήσαντος,</em></span> <span class='ocrx_word' id='word_1_33' title='bbox 616 410 791 462; x_wconf 78' lang='grc' dir='ltr'><em>ἐγένετο·</em></span> <span class='ocrx_word' id='word_1_34' title='bbox 805 407 983 461; x_wconf 78' lang='grc' dir='ltr'><em>σάξιμον</em></span> <span class='ocrx_word' id='word_1_35' title='bbox 1021 407 1127 450; x_wconf 75' lang='grc' dir='ltr'><em>κατὰ</em></span> <span class='ocrx_word' id='word_1_36' title='bbox 1158 408 1230 452; x_wconf 84' lang='grc' dir='ltr'><strong>τὸν</strong></span> <span class='ocrx_word' id='word_1_37' title='bbox 1259 410 1389 453; x_wconf 80' lang='grc' dir='ltr'><strong><em>τύπον</em></strong></span> <span class='ocrx_word' id='word_1_38' title='bbox 1417 414 1494 453; x_wconf 77' lang='grc' dir='ltr'><strong>τοῦ</strong></span> <span class='ocrx_word' id='word_1_39' title='bbox 1521 415 1753 467; x_wconf 80' lang='grc' dir='ltr'><em>λαχανικοῦ</em></span> 
     </span>
     <span class='ocr_line' id='line_1_6' title="bbox 301 472 1776 533; baseline 0 -15"><span class='ocrx_word' id='word_1_40' title='bbox 301 475 613 529; x_wconf 74' lang='grc' dir='ltr'><em>ἱπποδρομίου,</em></span> <span class='ocrx_word' id='word_1_41' title='bbox 662 473 855 529; x_wconf 75' lang='grc' dir='ltr'><em>δηλονότι</em></span> <span class='ocrx_word' id='word_1_42' title='bbox 901 472 1212 527; x_wconf 76' lang='grc' dir='ltr'><em>ὄψικευθέντων</em></span> <span class='ocrx_word' id='word_1_43' title='bbox 1248 479 1332 518; x_wconf 77' lang='grc' dir='ltr'><strong>τῶν</strong></span> <span class='ocrx_word' id='word_1_44' title='bbox 1369 476 1626 533; x_wconf 80' lang='grc' dir='ltr'><em>νικησάντων</em></span> <span class='ocrx_word' id='word_1_45' title='bbox 1665 475 1776 524; x_wconf 78' lang='grc' dir='ltr'><strong>ὖπὸ5</strong></span> 
     </span>
     <span class='ocr_line' id='line_1_7' title="bbox 299 535 1753 598; baseline -0.001 -14"><span class='ocrx_word' id='word_1_46' title='bbox 299 544 386 584; x_wconf 81' lang='grc' dir='ltr'><strong>τῶν</strong></span> <span class='ocrx_word' id='word_1_47' title='bbox 414 540 451 582; x_wconf 77' lang='grc' dir='ltr'><strong>δ’</strong></span> <span class='ocrx_word' id='word_1_48' title='bbox 475 541 678 582; x_wconf 81' lang='grc' dir='ltr'><em>εἷκαστῶν</em></span> <span class='ocrx_word' id='word_1_49' title='bbox 704 538 778 580; x_wconf 75' lang='grc' dir='ltr'><strong>καὶ</strong></span> <span class='ocrx_word' id='word_1_50' title='bbox 809 535 918 581; x_wconf 78' lang='grc' dir='ltr'><em>ὅλων</em></span> <span class='ocrx_word' id='word_1_51' title='bbox 955 542 1038 582; x_wconf 75' lang='grc' dir='ltr'><strong>τῶν</strong></span> <span class='ocrx_word' id='word_1_52' title='bbox 1066 541 1253 596; x_wconf 75' lang='grc' dir='ltr'><em>ἐργατῶν</em></span> <span class='ocrx_word' id='word_1_53' title='bbox 1277 542 1360 584; x_wconf 80' lang='grc' dir='ltr'><strong>τῶν</strong></span> <span class='ocrx_word' id='word_1_54' title='bbox 1390 541 1467 585; x_wconf 76' lang='grc' dir='ltr'><strong>δύο</strong></span> <span class='ocrx_word' id='word_1_55' title='bbox 1502 543 1643 598; x_wconf 80' lang='grc' dir='ltr'><em>μερῶν</em></span> <span class='ocrx_word' id='word_1_56' title='bbox 1667 545 1753 584; x_wconf 77' lang='grc' dir='ltr'><strong>τῶν</strong></span> 
     </span>
     <span class='ocr_line' id='line_1_8' title="bbox 299 603 1753 663; baseline 0 -15"><span class='ocrx_word' id='word_1_57' title='bbox 299 606 570 662; x_wconf 79' lang='grc' dir='ltr'><em>φορεσάντων</em></span> <span class='ocrx_word' id='word_1_58' title='bbox 596 604 646 647; x_wconf 79' lang='grc' dir='ltr'><strong>τὰ</strong></span> <span class='ocrx_word' id='word_1_59' title='bbox 680 603 938 661; x_wconf 82' lang='grc' dir='ltr'><em>ὄλοσήμεντα</em></span> <span class='ocrx_word' id='word_1_60' title='bbox 975 606 1278 660; x_wconf 79' lang='grc' dir='ltr'><em>κοντομάνικα,</em></span> <span class='ocrx_word' id='word_1_61' title='bbox 1326 607 1402 650; x_wconf 78' lang='grc' dir='ltr'><em>καί</em></span> <span class='ocrx_word' id='word_1_62' title='bbox 1436 609 1522 650; x_wconf 78' lang='grc' dir='ltr'><strong>τῶν</strong></span> <span class='ocrx_word' id='word_1_63' title='bbox 1551 609 1753 663; x_wconf 76' lang='grc' dir='ltr'><em>δημωτῶν</em></span> 
     </span>
    </p>
   </div>
   <div class='ocr_carea' id='block_1_3' title="bbox 1737 670 1751 685">
    <p class='ocr_par' dir='ltr' id='par_1_3' title="bbox 1737 670 1751 685">
     <span class='ocr_line' id='line_1_9' title="bbox 1737 670 1751 685; baseline 0 0"><span class='ocrx_word' id='word_1_64' title='bbox 1737 670 1751 685; x_wconf 75' lang='lat' dir='ltr'><strong>t</strong></span> 
     </span>
    </p>
   </div>
   <div class='ocr_carea' id='block_1_4' title="bbox 103 669 1808 1589">
    <p class='ocr_par' dir='ltr' id='par_1_4' title="bbox 103 669 1808 1589">
     <span class='ocr_line' id='line_1_10' title="bbox 103 669 1750 731; baseline -0.001 -16"><span class='ocrx_word' id='word_1_65' title='bbox 103 675 380 720; x_wconf 72' lang='lat' dir='ltr'><strong>Ms.200.au5v</strong></span> <span class='ocrx_word' id='word_1_66' title='bbox 409 673 485 714; x_wconf 79' lang='grc' dir='ltr'><strong>δύο</strong></span> <span class='ocrx_word' id='word_1_67' title='bbox 511 674 653 727; x_wconf 80' lang='grc' dir='ltr'><em>μερῶν</em></span> <span class='ocrx_word' id='word_1_68' title='bbox 679 669 970 725; x_wconf 80' lang='grc' dir='ltr'><em>βασταζόντων</em></span> <span class='ocrx_word' id='word_1_69' title='bbox 1002 671 1074 713; x_wconf 81' lang='grc' dir='ltr'><em>καί</em></span> <span class='ocrx_word' id='word_1_70' title='bbox 1099 671 1151 714; x_wconf 76' lang='grc' dir='ltr'><strong>τά</strong></span> <span class='ocrx_word' id='word_1_71' title='bbox 1180 674 1256 714; x_wconf 78' lang='grc' dir='ltr'><strong>τοῦ</strong></span> <span class='ocrx_word' id='word_1_72' title='bbox 1283 675 1460 727; x_wconf 79' lang='grc' dir='ltr'><em>σαξᾴιου</em></span> <span class='ocrx_word' id='word_1_73' title='bbox 1491 675 1671 731; x_wconf 75' lang='grc' dir='ltr'><em>φεγγία.</em></span> <span class='ocrx_word' id='word_1_74' title='bbox 1728 689 1750 713; x_wconf 92' lang='lat' dir='ltr'><strong>o</strong></span> 
     </span>
     <span class='ocr_line' id='line_1_11' title="bbox 300 736 1753 794; baseline 0.003 -13"><span class='ocrx_word' id='word_1_75' title='bbox 300 741 347 781; x_wconf 80' lang='grc' dir='ltr'><strong>δὲ</strong></span> <span class='ocrx_word' id='word_1_76' title='bbox 375 737 592 794; x_wconf 74' lang='grc' dir='ltr'><em>δήμαρχος</em></span> <span class='ocrx_word' id='word_1_77' title='bbox 617 739 701 780; x_wconf 77' lang='grc' dir='ltr'><strong>τῶν</strong></span> <span class='ocrx_word' id='word_1_78' title='bbox 729 739 926 779; x_wconf 85' lang='grc' dir='ltr'><em>Βενέτων</em></span> <span class='ocrx_word' id='word_1_79' title='bbox 945 771 958 790; x_wconf 83' lang='grc'><em>,</em></span> <span class='ocrx_word' id='word_1_80' title='bbox 988 737 1048 787; x_wconf 72' lang='grc' dir='ltr'><strong>ὥς</strong></span> <span class='ocrx_word' id='word_1_81' title='bbox 1077 736 1259 793; x_wconf 82' lang='grc' dir='ltr'><em>νικήσας,</em></span> <span class='ocrx_word' id='word_1_82' title='bbox 1287 739 1391 782; x_wconf 76' lang='grc' dir='ltr'><em>κατὰ</em></span> <span class='ocrx_word' id='word_1_83' title='bbox 1425 740 1499 783; x_wconf 86' lang='grc' dir='ltr'><strong>τὸν</strong></span> <span class='ocrx_word' id='word_1_84' title='bbox 1524 741 1655 784; x_wconf 79' lang='grc' dir='ltr'><em>τύπον</em></span> <span class='ocrx_word' id='word_1_85' title='bbox 1677 743 1753 784; x_wconf 84' lang='grc' dir='ltr'><strong><em>τοῦ</em></strong></span> 
     </span>
     <span class='ocr_line' id='line_1_12' title="bbox 261 801 1808 862; baseline 0.005 -17"><span class='ocrx_word' id='word_1_86' title='bbox 261 807 530 860; x_wconf 84' lang='grc' dir='ltr'><em>Βλαχανικοῦ</em></span> <span class='ocrx_word' id='word_1_87' title='bbox 562 802 841 859; x_wconf 77' lang='grc' dir='ltr'><em>ἱπποδρομιόυ</em></span> <span class='ocrx_word' id='word_1_88' title='bbox 883 801 1087 859; x_wconf 82' lang='grc' dir='ltr'><em>ἐφόρεσεν</em></span> <span class='ocrx_word' id='word_1_89' title='bbox 1136 803 1181 846; x_wconf 90' lang='grc' dir='ltr'>τό</span> <span class='ocrx_word' id='word_1_90' title='bbox 1228 802 1429 861; x_wconf 72' lang='grc' dir='ltr'><em>ἀληθινὸν</em></span> <span class='ocrx_word' id='word_1_91' title='bbox 1458 808 1630 862; x_wconf 78' lang='grc' dir='ltr'><em>σαγίον,</em></span> <span class='ocrx_word' id='word_1_92' title='bbox 1679 810 1808 853; x_wconf 84' lang='grc' dir='ltr'><strong>καίιο</strong></span> 
     </span>
     <span class='ocr_line' id='line_1_13' title="bbox 297 866 1752 930; baseline 0.001 -16"><span class='ocrx_word' id='word_1_93' title='bbox 297 870 518 926; x_wconf 77' lang='grc' dir='ltr'><em>ὄψίκευσεν</em></span> <span class='ocrx_word' id='word_1_94' title='bbox 545 869 619 911; x_wconf 84' lang='grc' dir='ltr'><em>καί</em></span> <span class='ocrx_word' id='word_1_95' title='bbox 645 866 795 919; x_wconf 66' lang='grc' dir='ltr'><em>αὐτός.</em></span> <span class='ocrx_word' id='word_1_96' title='bbox 853 868 924 911; x_wconf 76' lang='grc' dir='ltr'><strong>διὰ</strong></span> <span class='ocrx_word' id='word_1_97' title='bbox 955 867 1036 924; x_wconf 73' lang='grc' dir='ltr'><em>γάρ</em></span> <span class='ocrx_word' id='word_1_98' title='bbox 1067 869 1245 921; x_wconf 77' lang='grc' dir='ltr'><em>ἔνδειξιν</em></span> <span class='ocrx_word' id='word_1_99' title='bbox 1286 873 1367 914; x_wconf 76' lang='grc' dir='ltr'><strong>τῶν</strong></span> <span class='ocrx_word' id='word_1_100' title='bbox 1394 871 1530 928; x_wconf 76' lang='grc' dir='ltr'><em>φίλων</em></span> <span class='ocrx_word' id='word_1_101' title='bbox 1556 876 1752 930; x_wconf 76' lang='grc' dir='ltr'><em>Σαρακη-</em></span> 
     </span>
     <span class='ocr_line' id='line_1_14' title="bbox 295 932 1752 995; baseline 0 -14"><span class='ocrx_word' id='word_1_102' title='bbox 295 940 379 981; x_wconf 79' lang='grc' dir='ltr'><strong>νῶν</strong></span> <span class='ocrx_word' id='word_1_103' title='bbox 407 935 584 992; x_wconf 73' lang='grc' dir='ltr'><em>ὡρίσθη,</em></span> <span class='ocrx_word' id='word_1_104' title='bbox 612 932 837 990; x_wconf 80' lang='grc' dir='ltr'><em>ὄψικεῦσαι</em></span> <span class='ocrx_word' id='word_1_105' title='bbox 866 934 940 977; x_wconf 80' lang='grc' dir='ltr'><em>καί</em></span> <span class='ocrx_word' id='word_1_106' title='bbox 969 937 1046 977; x_wconf 80' lang='grc' dir='ltr'><strong>τοῦ</strong></span> <span class='ocrx_word' id='word_1_107' title='bbox 1073 932 1219 992; x_wconf 73' lang='grc' dir='ltr'><em>ἑτέρου</em></span> <span class='ocrx_word' id='word_1_108' title='bbox 1248 937 1406 992; x_wconf 79' lang='grc' dir='ltr'><em>μέρους</em></span> <span class='ocrx_word' id='word_1_109' title='bbox 1432 937 1531 988; x_wconf 79' lang='grc' dir='ltr'><strong>τούς</strong></span> <span class='ocrx_word' id='word_1_110' title='bbox 1556 938 1752 995; x_wconf 79' lang='grc' dir='ltr'><em>δημώτας</em></span> 
     </span>
     <span class='ocr_line' id='line_1_15' title="bbox 296 999 1752 1060; baseline -0.001 -13"><span class='ocrx_word' id='word_1_111' title='bbox 296 1002 372 1047; x_wconf 81' lang='grc' dir='ltr'><em>καί</em></span> <span class='ocrx_word' id='word_1_112' title='bbox 395 1001 492 1051; x_wconf 76' lang='grc' dir='ltr'><em>τοὺς</em></span> <span class='ocrx_word' id='word_1_113' title='bbox 517 999 714 1051; x_wconf 75' lang='grc' dir='ltr'><em>εἰκαστάς</em></span> <span class='ocrx_word' id='word_1_114' title='bbox 757 1003 830 1043; x_wconf 84' lang='grc' dir='ltr'><em>καί</em></span> <span class='ocrx_word' id='word_1_115' title='bbox 860 1000 958 1051; x_wconf 84' lang='grc' dir='ltr'><strong>τούς</strong></span> <span class='ocrx_word' id='word_1_116' title='bbox 997 1001 1190 1057; x_wconf 76' lang='grc' dir='ltr'><em>ἐργάτας.</em></span> <span class='ocrx_word' id='word_1_117' title='bbox 1251 1000 1272 1044; x_wconf 83' lang='grc' dir='ltr'><em>ὃ</em></span> <span class='ocrx_word' id='word_1_118' title='bbox 1303 1003 1386 1060; x_wconf 79' lang='grc' dir='ltr'><em>γὰρ</em></span> <span class='ocrx_word' id='word_1_119' title='bbox 1419 1002 1598 1054; x_wconf 81' lang='grc' dir='ltr'><em>παλαιὸς</em></span> <span class='ocrx_word' id='word_1_120' title='bbox 1624 1004 1752 1055; x_wconf 76' lang='grc' dir='ltr'><em>τύπος</em></span> 
     </span>
     <span class='ocr_line' id='line_1_16' title="bbox 295 1065 1754 1123; baseline 0 -10"><span class='ocrx_word' id='word_1_121' title='bbox 295 1072 417 1114; x_wconf 80' lang='grc' dir='ltr'><em>τοῦτο</em></span> <span class='ocrx_word' id='word_1_122' title='bbox 446 1068 522 1109; x_wconf 77' lang='grc' dir='ltr'><strong>οῦκ</strong></span> <span class='ocrx_word' id='word_1_123' title='bbox 550 1066 651 1122; x_wconf 80' lang='grc' dir='ltr'><em>ἔχει,</em></span> <span class='ocrx_word' id='word_1_124' title='bbox 699 1069 738 1109; x_wconf 86' lang='grc' dir='ltr'><strong>εἰ</strong></span> <span class='ocrx_word' id='word_1_125' title='bbox 762 1066 823 1122; x_wconf 79' lang='grc' dir='ltr'><strong>μή</strong></span> <span class='ocrx_word' id='word_1_126' title='bbox 855 1065 983 1121; x_wconf 90' lang='grc' dir='ltr'><em>μόνον</em></span> <span class='ocrx_word' id='word_1_127' title='bbox 1011 1066 1108 1117; x_wconf 72' lang='grc' dir='ltr'><strong>τούς</strong></span> <span class='ocrx_word' id='word_1_128' title='bbox 1133 1067 1328 1123; x_wconf 78' lang='grc' dir='ltr'><em>δημώτας</em></span> <span class='ocrx_word' id='word_1_129' title='bbox 1358 1069 1432 1112; x_wconf 79' lang='grc' dir='ltr'><strong>καὶ</strong></span> <span class='ocrx_word' id='word_1_130' title='bbox 1459 1068 1652 1120; x_wconf 80' lang='grc' dir='ltr'><em>εἰκαστὰς</em></span> <span class='ocrx_word' id='word_1_131' title='bbox 1679 1073 1754 1113; x_wconf 81' lang='grc' dir='ltr'><strong><em>καί</em></strong></span> 
     </span>
     <span class='ocr_line' id='line_1_17' title="bbox 295 1130 1806 1192; baseline 0.001 -15"><span class='ocrx_word' id='word_1_132' title='bbox 295 1133 473 1191; x_wconf 77' lang='grc' dir='ltr'><em>ἐργάτας</em></span> <span class='ocrx_word' id='word_1_133' title='bbox 498 1135 570 1175; x_wconf 81' lang='grc' dir='ltr'><strong>τοῦ</strong></span> <span class='ocrx_word' id='word_1_134' title='bbox 599 1130 845 1188; x_wconf 80' lang='grc' dir='ltr'><em>νικήσαντος</em></span> <span class='ocrx_word' id='word_1_135' title='bbox 882 1135 1038 1188; x_wconf 82' lang='grc' dir='ltr'><em>μέρους</em></span> <span class='ocrx_word' id='word_1_136' title='bbox 1068 1133 1296 1187; x_wconf 79' lang='grc' dir='ltr'><em>ὄψικεύειν.</em></span> <span class='ocrx_word' id='word_1_137' title='bbox 1352 1134 1389 1178; x_wconf 82' lang='grc' dir='ltr'><strong>οἱ</strong></span> <span class='ocrx_word' id='word_1_138' title='bbox 1419 1137 1467 1178; x_wconf 80' lang='grc' dir='ltr'><strong>δὲ</strong></span> <span class='ocrx_word' id='word_1_139' title='bbox 1493 1133 1653 1192; x_wconf 76' lang='grc' dir='ltr'><em>ἡνίοχοι</em></span> <span class='ocrx_word' id='word_1_140' title='bbox 1680 1134 1806 1188; x_wconf 65' lang='grc' dir='ltr'><strong>καῖιό</strong></span> 
     </span>
     <span class='ocr_line' id='line_1_18' title="bbox 296 1197 1752 1258; baseline 0.001 -15"><span class='ocrx_word' id='word_1_141' title='bbox 296 1201 320 1243; x_wconf 77' lang='grc' dir='ltr'><em>ὃ</em></span> <span class='ocrx_word' id='word_1_142' title='bbox 359 1202 576 1256; x_wconf 77' lang='grc' dir='ltr'><em>δήμαρχος</em></span> <span class='ocrx_word' id='word_1_143' title='bbox 615 1197 690 1240; x_wconf 79' lang='grc' dir='ltr'><em>καί</em></span> <span class='ocrx_word' id='word_1_144' title='bbox 727 1197 766 1240; x_wconf 84' lang='grc' dir='ltr'><strong>οἱ</strong></span> <span class='ocrx_word' id='word_1_145' title='bbox 804 1201 994 1254; x_wconf 73' lang='grc' dir='ltr'><em>δήμῶται</em></span> <span class='ocrx_word' id='word_1_146' title='bbox 1034 1199 1109 1240; x_wconf 81' lang='grc' dir='ltr'><em>καί</em></span> <span class='ocrx_word' id='word_1_147' title='bbox 1143 1202 1338 1244; x_wconf 81' lang='grc' dir='ltr'><em>εἰκασταί</em></span> <span class='ocrx_word' id='word_1_148' title='bbox 1376 1202 1450 1244; x_wconf 80' lang='grc' dir='ltr'>καί</span> <span class='ocrx_word' id='word_1_149' title='bbox 1475 1202 1647 1258; x_wconf 75' lang='grc' dir='ltr'><em>ἐργάται</em></span> <span class='ocrx_word' id='word_1_150' title='bbox 1673 1200 1752 1245; x_wconf 76' lang='grc' dir='ltr'><strong>σά-</strong></span> 
     </span>
     <span class='ocr_line' id='line_1_19' title="bbox 295 1263 1752 1323; baseline -0.001 -14"><span class='ocrx_word' id='word_1_151' title='bbox 295 1270 439 1319; x_wconf 81' lang='grc' dir='ltr'><em>ξαντες</em></span> <span class='ocrx_word' id='word_1_152' title='bbox 465 1263 570 1307; x_wconf 77' lang='grc' dir='ltr'><em>κατὰ</em></span> <span class='ocrx_word' id='word_1_153' title='bbox 598 1263 753 1317; x_wconf 80' lang='grc' dir='ltr'><em>τύπον,</em></span> <span class='ocrx_word' id='word_1_154' title='bbox 782 1267 842 1314; x_wconf 82' lang='grc' dir='ltr'><strong>εἰς</strong></span> <span class='ocrx_word' id='word_1_155' title='bbox 869 1263 916 1306; x_wconf 86' lang='grc' dir='ltr'><strong>τὸ</strong></span> <span class='ocrx_word' id='word_1_156' title='bbox 948 1269 995 1306; x_wconf 89' lang='grc' dir='ltr'><em>Π</em></span> <span class='ocrx_word' id='word_1_157' title='bbox 1027 1265 1192 1314; x_wconf 76' lang='grc' dir='ltr'><em>στάντες</em></span> <span class='ocrx_word' id='word_1_158' title='bbox 1219 1265 1292 1307; x_wconf 84' lang='grc' dir='ltr'>καί</span> <span class='ocrx_word' id='word_1_159' title='bbox 1317 1266 1658 1323; x_wconf 76' lang='grc' dir='ltr'><em>εὖφημήσαντες,</em></span> <span class='ocrx_word' id='word_1_160' title='bbox 1687 1269 1752 1309; x_wconf 67' lang='lat'><strong>‹52-</strong></span> 
     </span>
     <span class='ocr_line' id='line_1_20' title="bbox 292 1329 1751 1390; baseline 0.001 -15"><span class='ocrx_word' id='word_1_161' title='bbox 292 1336 423 1389; x_wconf 79' lang='grc' dir='ltr'><em>ἧλθον</em></span> <span class='ocrx_word' id='word_1_162' title='bbox 447 1331 709 1388; x_wconf 79' lang='grc' dir='ltr'><em>τὴνμέσην,</em></span> <span class='ocrx_word' id='word_1_163' title='bbox 754 1329 828 1372; x_wconf 78' lang='grc' dir='ltr'><strong>καὶ</strong></span> <span class='ocrx_word' id='word_1_164' title='bbox 854 1332 1046 1387; x_wconf 66' lang='grc' dir='ltr'><em>(ἐπῆλθον</em></span> <span class='ocrx_word' id='word_1_165' title='bbox 1075 1333 1137 1382; x_wconf 85' lang='grc' dir='ltr'><strong>εἰς</strong></span> <span class='ocrx_word' id='word_1_166' title='bbox 1181 1330 1258 1387; x_wconf 81' lang='grc' dir='ltr'><strong>τήν</strong></span> <span class='ocrx_word' id='word_1_167' title='bbox 1297 1333 1410 1375; x_wconf 74' lang='grc' dir='ltr'><em>ἰδίαν</em></span> <span class='ocrx_word' id='word_1_168' title='bbox 1439 1330 1576 1376; x_wconf 73' lang='grc' dir='ltr'><em>αὐτῶν</em></span> <span class='ocrx_word' id='word_1_169' title='bbox 1606 1335 1751 1390; x_wconf 80' lang='grc' dir='ltr'><em>ἐκκλη-</em></span> 
     </span>
     <span class='ocr_line' id='line_1_21' title="bbox 291 1396 1750 1454; baseline 0 -12"><span class='ocrx_word' id='word_1_170' title='bbox 291 1399 388 1442; x_wconf 69' lang='grc' dir='ltr'><em>σίαν</em></span> <span class='ocrx_word' id='word_1_171' title='bbox 415 1400 475 1450; x_wconf 81' lang='grc' dir='ltr'><strong>εἰς</strong></span> <span class='ocrx_word' id='word_1_172' title='bbox 501 1397 574 1454; x_wconf 79' lang='grc' dir='ltr'><strong>τὴν</strong></span> <span class='ocrx_word' id='word_1_173' title='bbox 600 1397 829 1453; x_wconf 73' lang='grc' dir='ltr'><em>ὖπεραγίαν</em></span> <span class='ocrx_word' id='word_1_174' title='bbox 853 1396 1057 1440; x_wconf 83' lang='grc' dir='ltr'><em>Θεοτόκον</em></span> <span class='ocrx_word' id='word_1_175' title='bbox 1085 1398 1146 1447; x_wconf 79' lang='grc' dir='ltr'><strong>εἷς</strong></span> <span class='ocrx_word' id='word_1_176' title='bbox 1172 1396 1224 1440; x_wconf 81' lang='grc' dir='ltr'><strong>τιὶ</strong></span> <span class='ocrx_word' id='word_1_177' title='bbox 1255 1400 1517 1454; x_wconf 80' lang='grc' dir='ltr'><em>διακονίσσης</em></span> <span class='ocrx_word' id='word_1_178' title='bbox 1546 1401 1652 1442; x_wconf 86' lang='grc' dir='ltr'><em>κατὰ</em></span> <span class='ocrx_word' id='word_1_179' title='bbox 1682 1399 1750 1443; x_wconf 86' lang='grc' dir='ltr'><strong>τὸν</strong></span> 
     </span>
     <span class='ocr_line' id='line_1_22' title="bbox 257 1462 1806 1522; baseline 0.001 -12"><span class='ocrx_word' id='word_1_180' title='bbox 257 1466 425 1510; x_wconf 55' lang='lat' dir='ltr'><strong>Gronov</strong></span> <span class='ocrx_word' id='word_1_181' title='bbox 450 1467 526 1508; x_wconf 84' lang='grc' dir='ltr'><strong>τοῦ</strong></span> <span class='ocrx_word' id='word_1_182' title='bbox 554 1465 783 1518; x_wconf 80' lang='grc' dir='ltr'><em>λαχανικοῦ</em></span> <span class='ocrx_word' id='word_1_183' title='bbox 811 1462 1120 1519; x_wconf 74' lang='grc' dir='ltr'><em>ἱπποδρομιόυ.</em></span> <span class='ocrx_word' id='word_1_184' title='bbox 1171 1466 1223 1522; x_wconf 79' lang='grc' dir='ltr'><strong>τῇ</strong></span> <span class='ocrx_word' id='word_1_185' title='bbox 1256 1466 1302 1508; x_wconf 75' lang='grc' dir='ltr'><strong>δὲ</strong></span> <span class='ocrx_word' id='word_1_186' title='bbox 1332 1464 1364 1515; x_wconf 88' lang='grc' dir='ltr'><strong>ς’</strong></span> <span class='ocrx_word' id='word_1_187' title='bbox 1391 1468 1465 1507; x_wconf 85' lang='grc' dir='ltr'><strong>τοῦ</strong></span> <span class='ocrx_word' id='word_1_188' title='bbox 1491 1464 1806 1520; x_wconf 71' lang='grc' dir='ltr'><em>Αὖγούστουαο</em></span> 
     </span>
     <span class='ocr_line' id='line_1_23' title="bbox 293 1525 1750 1589; baseline 0.001 -16"><span class='ocrx_word' id='word_1_189' title='bbox 293 1529 446 1587; x_wconf 75' lang='grc' dir='ltr'><em>μηνὸς,</em></span> <span class='ocrx_word' id='word_1_190' title='bbox 500 1526 630 1587; x_wconf 72' lang='grc' dir='ltr'><em>ἤγουν</em></span> <span class='ocrx_word' id='word_1_191' title='bbox 667 1531 720 1587; x_wconf 84' lang='grc' dir='ltr'><strong>τῇ</strong></span> <span class='ocrx_word' id='word_1_192' title='bbox 765 1525 891 1586; x_wconf 76' lang='grc' dir='ltr'><em>ἑορτῇ</em></span> <span class='ocrx_word' id='word_1_193' title='bbox 933 1532 1008 1585; x_wconf 78' lang='grc' dir='ltr'><strong>τῆς</strong></span> <span class='ocrx_word' id='word_1_194' title='bbox 1045 1533 1244 1587; x_wconf 82' lang='grc' dir='ltr'><em>λαμπρᾶς</em></span> <span class='ocrx_word' id='word_1_195' title='bbox 1280 1527 1645 1589; x_wconf 76' lang='grc' dir='ltr'><em>μεταμορφώσεως</em></span> <span class='ocrx_word' id='word_1_196' title='bbox 1672 1535 1750 1574; x_wconf 82' lang='grc' dir='ltr'><strong>τοῦ</strong></span> 
     </span>
    </p>
   </div>
   <div class='ocr_carea' id='block_1_5' title="bbox 293 1677 1751 2752">
    <p class='ocr_par' dir='ltr' id='par_1_5' title="bbox 293 1677 1751 2752">
     <span class='ocr_line' id='line_1_24' title="bbox 295 1677 1751 1725; baseline -0.001 -13"><span class='ocrx_word' id='word_1_197' title='bbox 295 1678 527 1725; x_wconf 82' lang='lat' dir='ltr'><strong>gymnastica.</strong></span> <span class='ocrx_word' id='word_1_198' title='bbox 601 1677 770 1724; x_wconf 85' lang='lat' dir='ltr'><strong>Quatuor</strong></span> <span class='ocrx_word' id='word_1_199' title='bbox 812 1677 968 1721; x_wconf 88' lang='lat' dir='ltr'><strong>pictores</strong></span> <span class='ocrx_word' id='word_1_200' title='bbox 1007 1681 1045 1710; x_wconf 83' lang='lat' dir='ltr'><strong>et</strong></span> <span class='ocrx_word' id='word_1_201' title='bbox 1089 1687 1221 1723; x_wconf 89' lang='lat' dir='ltr'>operae</span> <span class='ocrx_word' id='word_1_202' title='bbox 1267 1677 1418 1712; x_wconf 84' lang='lat' dir='ltr'><strong>fabriles</strong></span> <span class='ocrx_word' id='word_1_203' title='bbox 1464 1688 1588 1719; x_wconf 77' lang='lat' dir='ltr'><strong>omnes</strong></span> <span class='ocrx_word' id='word_1_204' title='bbox 1633 1682 1751 1724; x_wconf 77' lang='lat' dir='ltr'><strong>gesta-</strong></span> 
     </span>
     <span class='ocr_line' id='line_1_25' title="bbox 295 1723 1749 1772; baseline -0.001 -13"><span class='ocrx_word' id='word_1_205' title='bbox 295 1727 385 1759; x_wconf 83' lang='lat' dir='ltr'><strong>bant</strong></span> <span class='ocrx_word' id='word_1_206' title='bbox 403 1737 513 1759; x_wconf 82' lang='lat' dir='ltr'><strong>aurea</strong></span> <span class='ocrx_word' id='word_1_207' title='bbox 539 1723 789 1758; x_wconf 85' lang='lat' dir='ltr'><strong>holosementa</strong></span> <span class='ocrx_word' id='word_1_208' title='bbox 813 1723 884 1772; x_wconf 82' lang='lat' dir='ltr'><strong>[vel</strong></span> <span class='ocrx_word' id='word_1_209' title='bbox 901 1730 975 1758; x_wconf 86' lang='lat' dir='ltr'><strong>tota</strong></span> <span class='ocrx_word' id='word_1_210' title='bbox 990 1734 1032 1757; x_wconf 85' lang='lat' dir='ltr'><strong>ex</strong></span> <span class='ocrx_word' id='word_1_211' title='bbox 1052 1724 1246 1769; x_wconf 83' lang='lat' dir='ltr'><strong>segmentis</strong></span> <span class='ocrx_word' id='word_1_212' title='bbox 1261 1724 1369 1772; x_wconf 82' lang='lat' dir='ltr'><strong>facta]</strong></span> <span class='ocrx_word' id='word_1_213' title='bbox 1395 1723 1566 1758; x_wconf 82' lang='lat' dir='ltr'><strong>brevibus</strong></span> <span class='ocrx_word' id='word_1_214' title='bbox 1588 1725 1749 1759; x_wconf 83' lang='lat' dir='ltr'><strong>manicis.</strong></span> 
     </span>
     <span class='ocr_line' id='line_1_26' title="bbox 293 1770 1750 1819; baseline 0.001 -14"><span class='ocrx_word' id='word_1_215' title='bbox 293 1774 527 1819; x_wconf 81' lang='lat' dir='ltr'>Magistratus</span> <span class='ocrx_word' id='word_1_216' title='bbox 565 1771 726 1805; x_wconf 89' lang='lat' dir='ltr'><strong>urbanus</strong></span> <span class='ocrx_word' id='word_1_217' title='bbox 759 1770 924 1816; x_wconf 83' lang='lat' dir='ltr'><strong>gestabat</strong></span> <span class='ocrx_word' id='word_1_218' title='bbox 958 1770 1127 1805; x_wconf 86' lang='lat' dir='ltr'><strong>candidas</strong></span> <span class='ocrx_word' id='word_1_219' title='bbox 1162 1771 1304 1804; x_wconf 87' lang='lat' dir='ltr'><strong>tunicas</strong></span> <span class='ocrx_word' id='word_1_220' title='bbox 1352 1777 1510 1817; x_wconf 87' lang='lat' dir='ltr'><strong>quatuor</strong></span> <span class='ocrx_word' id='word_1_221' title='bbox 1539 1776 1750 1817; x_wconf 85' lang='lat' dir='ltr'><strong>tagmatum.</strong></span> 
     </span>
     <span class='ocr_line' id='line_1_27' title="bbox 293 1817 1748 1867; baseline -0.002 -13"><span class='ocrx_word' id='word_1_222' title='bbox 293 1820 436 1854; x_wconf 78' lang='lat' dir='ltr'><strong>&#39;Veneta</strong></span> <span class='ocrx_word' id='word_1_223' title='bbox 461 1821 587 1864; x_wconf 85' lang='lat' dir='ltr'><strong>itaque</strong></span> <span class='ocrx_word' id='word_1_224' title='bbox 613 1819 772 1852; x_wconf 84' lang='lat' dir='ltr'><strong>factione</strong></span> <span class='ocrx_word' id='word_1_225' title='bbox 798 1823 886 1851; x_wconf 88' lang='lat' dir='ltr'><strong>tunc</strong></span> <span class='ocrx_word' id='word_1_226' title='bbox 909 1818 1097 1859; x_wconf 86' lang='lat' dir='ltr'><strong>vincente,</strong></span> <span class='ocrx_word' id='word_1_227' title='bbox 1133 1818 1244 1852; x_wconf 82' lang='lat' dir='ltr'><strong>fiebat</strong></span> <span class='ocrx_word' id='word_1_228' title='bbox 1267 1818 1442 1851; x_wconf 81' lang='lat' dir='ltr'><strong>saximum</strong></span> <span class='ocrx_word' id='word_1_229' title='bbox 1476 1817 1554 1865; x_wconf 88' lang='lat' dir='ltr'><strong>[vel</strong></span> <span class='ocrx_word' id='word_1_230' title='bbox 1578 1818 1748 1867; x_wconf 83' lang='lat' dir='ltr'><strong>saltatio]</strong></span> 
     </span>
     <span class='ocr_line' id='line_1_28' title="bbox 297 1864 1751 1912; baseline -0.001 -12"><span class='ocrx_word' id='word_1_231' title='bbox 297 1879 341 1901; x_wconf 83' lang='lat' dir='ltr'><strong>eo</strong></span> <span class='ocrx_word' id='word_1_232' title='bbox 364 1868 458 1908; x_wconf 88' lang='lat' dir='ltr'><strong>ritu,</strong></span> <span class='ocrx_word' id='word_1_233' title='bbox 495 1866 559 1912; x_wconf 88' lang='lat' dir='ltr'><strong>qui</strong></span> <span class='ocrx_word' id='word_1_234' title='bbox 587 1867 626 1899; x_wconf 91' lang='lat' dir='ltr'><strong>in</strong></span> <span class='ocrx_word' id='word_1_235' title='bbox 655 1865 915 1910; x_wconf 84' lang='lat' dir='ltr'>hippodromio</span> <span class='ocrx_word' id='word_1_236' title='bbox 945 1865 1132 1898; x_wconf 87' lang='lat' dir='ltr'><strong>lachanico</strong></span> <span class='ocrx_word' id='word_1_237' title='bbox 1168 1864 1254 1912; x_wconf 87' lang='lat' dir='ltr'><strong>[seu</strong></span> <span class='ocrx_word' id='word_1_238' title='bbox 1279 1876 1322 1898; x_wconf 90' lang='lat' dir='ltr'><strong>eo</strong></span> <span class='ocrx_word' id='word_1_239' title='bbox 1354 1865 1440 1898; x_wconf 86' lang='lat' dir='ltr'><strong>ludo</strong></span> <span class='ocrx_word' id='word_1_240' title='bbox 1471 1865 1653 1911; x_wconf 73' lang='lat' dir='ltr'>equestri,</span> <span class='ocrx_word' id='word_1_241' title='bbox 1683 1876 1751 1911; x_wconf 85' lang='lat' dir='ltr'><strong>per</strong></span> 
     </span>
     <span class='ocr_line' id='line_1_29' title="bbox 296 1911 1751 1960; baseline -0.001 -12"><span class='ocrx_word' id='word_1_242' title='bbox 296 1926 405 1960; x_wconf 88' lang='lat' dir='ltr'><strong>quem</strong></span> <span class='ocrx_word' id='word_1_243' title='bbox 439 1913 538 1946; x_wconf 87' lang='lat' dir='ltr'><strong>olera</strong></span> <span class='ocrx_word' id='word_1_244' title='bbox 574 1918 612 1945; x_wconf 88' lang='lat' dir='ltr'><strong>et</strong></span> <span class='ocrx_word' id='word_1_245' title='bbox 644 1912 716 1945; x_wconf 89' lang='lat' dir='ltr'><strong>alia</strong></span> <span class='ocrx_word' id='word_1_246' title='bbox 754 1913 940 1945; x_wconf 85' lang='lat' dir='ltr'><strong>esculenta</strong></span> <span class='ocrx_word' id='word_1_247' title='bbox 973 1912 1091 1957; x_wconf 83' lang='lat' dir='ltr'>spargi</span> <span class='ocrx_word' id='word_1_248' title='bbox 1127 1911 1289 1959; x_wconf 80' lang='lat' dir='ltr'><strong>solent,]</strong></span> <span class='ocrx_word' id='word_1_249' title='bbox 1326 1911 1547 1946; x_wconf 81' lang='lat' dir='ltr'><strong>observatur.</strong></span> <span class='ocrx_word' id='word_1_250' title='bbox 1603 1912 1751 1946; x_wconf 77' lang='lat' dir='ltr'><strong>Scilicet</strong></span> 
     </span>
     <span class='ocr_line' id='line_1_30' title="bbox 294 1958 1750 2005; baseline -0.001 -11"><span class='ocrx_word' id='word_1_251' title='bbox 294 1962 450 1994; x_wconf 84' lang='lat' dir='ltr'><strong>victores</strong></span> <span class='ocrx_word' id='word_1_252' title='bbox 477 1959 748 1993; x_wconf 84' lang='lat' dir='ltr'>comitabantur</span> <span class='ocrx_word' id='word_1_253' title='bbox 776 1964 935 2005; x_wconf 87' lang='lat' dir='ltr'><strong>quatuor</strong></span> <span class='ocrx_word' id='word_1_254' title='bbox 961 1959 1118 2004; x_wconf 89' lang='lat' dir='ltr'><strong>pictores</strong></span> <span class='ocrx_word' id='word_1_255' title='bbox 1145 1965 1182 1991; x_wconf 87' lang='lat' dir='ltr'><strong>et</strong></span> <span class='ocrx_word' id='word_1_256' title='bbox 1206 1969 1329 1991; x_wconf 79' lang='lat' dir='ltr'><strong>omnes</strong></span> <span class='ocrx_word' id='word_1_257' title='bbox 1356 1969 1485 2003; x_wconf 81' lang='lat' dir='ltr'>operae</span> <span class='ocrx_word' id='word_1_258' title='bbox 1503 1958 1653 1992; x_wconf 76' lang='lat' dir='ltr'><strong>fabriles</strong></span> <span class='ocrx_word' id='word_1_259' title='bbox 1672 1969 1750 1992; x_wconf 84' lang='lat' dir='ltr'><strong>am-</strong></span> 
     </span>
     <span class='ocr_line' id='line_1_31' title="bbox 296 2005 1750 2050; baseline -0.002 -10"><span class='ocrx_word' id='word_1_260' title='bbox 296 2007 426 2040; x_wconf 88' lang='lat' dir='ltr'><strong>barum</strong></span> <span class='ocrx_word' id='word_1_261' title='bbox 451 2007 670 2047; x_wconf 88' lang='lat' dir='ltr'><strong>factionum,</strong></span> <span class='ocrx_word' id='word_1_262' title='bbox 696 2011 877 2049; x_wconf 82' lang='lat' dir='ltr'><strong>gestantes</strong></span> <span class='ocrx_word' id='word_1_263' title='bbox 906 2005 1150 2039; x_wconf 87' lang='lat' dir='ltr'><strong>holosimenta</strong></span> <span class='ocrx_word' id='word_1_264' title='bbox 1176 2005 1348 2038; x_wconf 88' lang='lat' dir='ltr'><strong>brevibus</strong></span> <span class='ocrx_word' id='word_1_265' title='bbox 1378 2005 1549 2046; x_wconf 87' lang='lat' dir='ltr'><strong>manicis,</strong></span> <span class='ocrx_word' id='word_1_266' title='bbox 1574 2010 1612 2037; x_wconf 92' lang='lat' dir='ltr'><strong>et</strong></span> <span class='ocrx_word' id='word_1_267' title='bbox 1628 2015 1750 2050; x_wconf 88' lang='lat' dir='ltr'><strong>popu-</strong></span> 
     </span>
     <span class='ocr_line' id='line_1_32' title="bbox 295 2050 1750 2096; baseline -0.003 -9"><span class='ocrx_word' id='word_1_268' title='bbox 295 2055 388 2088; x_wconf 83' lang='lat' dir='ltr'><strong>lares</strong></span> <span class='ocrx_word' id='word_1_269' title='bbox 415 2053 602 2086; x_wconf 89' lang='lat' dir='ltr'><strong>ambarum</strong></span> <span class='ocrx_word' id='word_1_270' title='bbox 628 2053 848 2093; x_wconf 81' lang='lat' dir='ltr'><strong>factionum,</strong></span> <span class='ocrx_word' id='word_1_271' title='bbox 873 2057 1053 2095; x_wconf 84' lang='lat' dir='ltr'><strong>gestantes</strong></span> <span class='ocrx_word' id='word_1_272' title='bbox 1073 2051 1230 2096; x_wconf 87' lang='lat' dir='ltr'><strong>phengia</strong></span> <span class='ocrx_word' id='word_1_273' title='bbox 1252 2052 1391 2084; x_wconf 79' lang='lat' dir='ltr'><strong>saximi.</strong></span> <span class='ocrx_word' id='word_1_274' title='bbox 1439 2050 1661 2084; x_wconf 78' lang='lat' dir='ltr'><strong>Demarchus</strong></span> <span class='ocrx_word' id='word_1_275' title='bbox 1682 2062 1750 2084; x_wconf 89' lang='lat' dir='ltr'><strong>au-</strong></span> 
     </span>
     <span class='ocr_line' id='line_1_33' title="bbox 296 2097 1750 2144; baseline -0.003 -10"><span class='ocrx_word' id='word_1_276' title='bbox 296 2106 370 2134; x_wconf 86' lang='lat' dir='ltr'><strong>tem</strong></span> <span class='ocrx_word' id='word_1_277' title='bbox 387 2102 549 2135; x_wconf 81' lang='lat' dir='ltr'><strong>Venetae</strong></span> <span class='ocrx_word' id='word_1_278' title='bbox 565 2099 757 2139; x_wconf 81' lang='lat' dir='ltr'><strong>factionis,</strong></span> <span class='ocrx_word' id='word_1_279' title='bbox 782 2103 824 2130; x_wconf 87' lang='lat' dir='ltr'><strong>ut</strong></span> <span class='ocrx_word' id='word_1_280' title='bbox 843 2098 978 2138; x_wconf 87' lang='lat' dir='ltr'><strong>victor,</strong></span> <span class='ocrx_word' id='word_1_281' title='bbox 1005 2097 1169 2144; x_wconf 82' lang='lat' dir='ltr'><strong>gestabat</strong></span> <span class='ocrx_word' id='word_1_282' title='bbox 1196 2109 1322 2131; x_wconf 86' lang='lat' dir='ltr'><strong>verum</strong></span> <span class='ocrx_word' id='word_1_283' title='bbox 1355 2109 1418 2131; x_wconf 82' lang='lat' dir='ltr'><strong>seu</strong></span> <span class='ocrx_word' id='word_1_284' title='bbox 1442 2107 1665 2142; x_wconf 86' lang='lat' dir='ltr'><strong>purpureum</strong></span> <span class='ocrx_word' id='word_1_285' title='bbox 1691 2109 1750 2132; x_wconf 81' lang='lat' dir='ltr'><strong>sa-</strong></span> 
     </span>
     <span class='ocr_line' id='line_1_34' title="bbox 297 2143 1748 2195; baseline -0.003 -14"><span class='ocrx_word' id='word_1_286' title='bbox 297 2159 402 2195; x_wconf 86' lang='lat' dir='ltr'><strong>gum,</strong></span> <span class='ocrx_word' id='word_1_287' title='bbox 426 2152 466 2180; x_wconf 89' lang='lat' dir='ltr'><strong>ut</strong></span> <span class='ocrx_word' id='word_1_288' title='bbox 487 2157 564 2179; x_wconf 88' lang='lat' dir='ltr'><strong>mos</strong></span> <span class='ocrx_word' id='word_1_289' title='bbox 583 2145 694 2179; x_wconf 87' lang='lat' dir='ltr'><strong>estin</strong></span> <span class='ocrx_word' id='word_1_290' title='bbox 715 2144 803 2177; x_wconf 88' lang='lat' dir='ltr'><strong>ludo</strong></span> <span class='ocrx_word' id='word_1_291' title='bbox 831 2144 949 2177; x_wconf 86' lang='lat' dir='ltr'><strong>curuli</strong></span> <span class='ocrx_word' id='word_1_292' title='bbox 979 2145 1155 2185; x_wconf 84' lang='lat' dir='ltr'><strong>olerario,</strong></span> <span class='ocrx_word' id='word_1_293' title='bbox 1184 2149 1222 2176; x_wconf 89' lang='lat' dir='ltr'><strong>et</strong></span> <span class='ocrx_word' id='word_1_294' title='bbox 1242 2145 1484 2178; x_wconf 79' lang='lat' dir='ltr'><strong>comitabatur</strong></span> <span class='ocrx_word' id='word_1_295' title='bbox 1508 2143 1547 2177; x_wconf 86' lang='lat' dir='ltr'><strong>in</strong></span> <span class='ocrx_word' id='word_1_296' title='bbox 1569 2143 1748 2190; x_wconf 86' lang='lat' dir='ltr'><strong>obsequio</strong></span> 
     </span>
     <span class='ocr_line' id='line_1_35' title="bbox 297 2190 1749 2236; baseline -0.003 -9"><span class='ocrx_word' id='word_1_297' title='bbox 297 2206 399 2229; x_wconf 84' lang='lat' dir='ltr'><strong>suam</strong></span> <span class='ocrx_word' id='word_1_298' title='bbox 422 2193 628 2226; x_wconf 86' lang='lat' dir='ltr'><strong>factionem.</strong></span> <span class='ocrx_word' id='word_1_299' title='bbox 667 2191 773 2233; x_wconf 84' lang='lat' dir='ltr'><strong>Dixi,</strong></span> <span class='ocrx_word' id='word_1_300' title='bbox 801 2190 925 2223; x_wconf 69' lang='lat' dir='ltr'><strong>:nubas</strong></span> <span class='ocrx_word' id='word_1_301' title='bbox 950 2190 1126 2224; x_wconf 85' lang='lat' dir='ltr'><strong>factiones</strong></span> <span class='ocrx_word' id='word_1_302' title='bbox 1152 2191 1190 2223; x_wconf 91' lang='lat' dir='ltr'><strong>in</strong></span> <span class='ocrx_word' id='word_1_303' title='bbox 1215 2191 1392 2236; x_wconf 86' lang='lat' dir='ltr'><strong>obsequio</strong></span> <span class='ocrx_word' id='word_1_304' title='bbox 1419 2195 1494 2223; x_wconf 89' lang='lat' dir='ltr'><strong>tum</strong></span> <span class='ocrx_word' id='word_1_305' title='bbox 1518 2191 1749 2236; x_wconf 72' lang='lat' dir='ltr'><strong>processisse.</strong></span> 
     </span>
     <span class='ocr_line' id='line_1_36' title="bbox 295 2236 1750 2283; baseline -0.003 -8"><span class='ocrx_word' id='word_1_306' title='bbox 295 2243 439 2276; x_wconf 85' lang='lat' dir='ltr'><strong>Iussum</strong></span> <span class='ocrx_word' id='word_1_307' title='bbox 462 2250 593 2283; x_wconf 82' lang='lat' dir='ltr'><strong>nempe</strong></span> <span class='ocrx_word' id='word_1_308' title='bbox 614 2240 734 2272; x_wconf 87' lang='lat' dir='ltr'><strong>fuerat</strong></span> <span class='ocrx_word' id='word_1_309' title='bbox 758 2238 1012 2270; x_wconf 82' lang='lat' dir='ltr'><strong>ostentationis</strong></span> <span class='ocrx_word' id='word_1_310' title='bbox 1038 2248 1119 2282; x_wconf 83' lang='lat' dir='ltr'><strong>erga</strong></span> <span class='ocrx_word' id='word_1_311' title='bbox 1144 2236 1306 2281; x_wconf 89' lang='lat' dir='ltr'><strong>hospites</strong></span> <span class='ocrx_word' id='word_1_312' title='bbox 1332 2238 1526 2271; x_wconf 86' lang='lat' dir='ltr'><strong>Saracenos</strong></span> <span class='ocrx_word' id='word_1_313' title='bbox 1549 2238 1682 2282; x_wconf 87' lang='lat' dir='ltr'><strong>gratia,</strong></span> <span class='ocrx_word' id='word_1_314' title='bbox 1705 2243 1750 2272; x_wconf 83' lang='lat' dir='ltr'><strong>ut</strong></span> 
     </span>
     <span class='ocr_line' id='line_1_37' title="bbox 298 2283 1749 2333; baseline -0.003 -11"><span class='ocrx_word' id='word_1_315' title='bbox 298 2288 450 2322; x_wconf 84' lang='lat' dir='ltr'><strong>alterius</strong></span> <span class='ocrx_word' id='word_1_316' title='bbox 473 2297 621 2333; x_wconf 90' lang='lat' dir='ltr'><strong>quoque</strong></span> <span class='ocrx_word' id='word_1_317' title='bbox 643 2286 759 2319; x_wconf 89' lang='lat' dir='ltr'><strong>victae</strong></span> <span class='ocrx_word' id='word_1_318' title='bbox 785 2284 975 2324; x_wconf 80' lang='lat' dir='ltr'><strong>factionis,</strong></span> <span class='ocrx_word' id='word_1_319' title='bbox 1000 2283 1186 2323; x_wconf 78' lang='lat' dir='ltr'><strong>prasinae,</strong></span> <span class='ocrx_word' id='word_1_320' title='bbox 1213 2283 1422 2317; x_wconf 85' lang='lat' dir='ltr'><strong>factionarii</strong></span> <span class='ocrx_word' id='word_1_321' title='bbox 1454 2284 1593 2329; x_wconf 85' lang='lat' dir='ltr'><strong>plebeii</strong></span> <span class='ocrx_word' id='word_1_322' title='bbox 1631 2290 1668 2319; x_wconf 90' lang='lat' dir='ltr'><strong>et</strong></span> <span class='ocrx_word' id='word_1_323' title='bbox 1688 2286 1749 2330; x_wconf 83' lang='lat' dir='ltr'><strong>pi·-</strong></span> 
     </span>
     <span class='ocr_line' id='line_1_38' title="bbox 299 2330 1749 2377; baseline -0.004 -6"><span class='ocrx_word' id='word_1_324' title='bbox 299 2341 417 2372; x_wconf 86' lang='lat' dir='ltr'><strong>ctores</strong></span> <span class='ocrx_word' id='word_1_325' title='bbox 443 2338 480 2366; x_wconf 88' lang='lat' dir='ltr'><strong>et</strong></span> <span class='ocrx_word' id='word_1_326' title='bbox 505 2332 599 2366; x_wconf 86' lang='lat' dir='ltr'><strong>fabri</strong></span> <span class='ocrx_word' id='word_1_327' title='bbox 621 2331 843 2377; x_wconf 84' lang='lat' dir='ltr'><strong>processioni</strong></span> <span class='ocrx_word' id='word_1_328' title='bbox 869 2330 1098 2369; x_wconf 83' lang='lat' dir='ltr'><strong>interessent,</strong></span> <span class='ocrx_word' id='word_1_329' title='bbox 1144 2331 1242 2364; x_wconf 84' lang='lat' dir='ltr'><strong>Alias</strong></span> <span class='ocrx_word' id='word_1_330' title='bbox 1269 2330 1308 2363; x_wconf 93' lang='lat' dir='ltr'><strong>id</strong></span> <span class='ocrx_word' id='word_1_331' title='bbox 1333 2342 1407 2364; x_wconf 90' lang='lat' dir='ltr'><strong>non</strong></span> <span class='ocrx_word' id='word_1_332' title='bbox 1433 2330 1546 2365; x_wconf 85' lang='lat' dir='ltr'><strong>habet</strong></span> <span class='ocrx_word' id='word_1_333' title='bbox 1570 2331 1661 2364; x_wconf 78' lang='lat' dir='ltr'><strong>ritus</strong></span> <span class='ocrx_word' id='word_1_334' title='bbox 1681 2343 1749 2366; x_wconf 80' lang='lat' dir='ltr'><strong>an-</strong></span> 
     </span>
     <span class='ocr_line' id='line_1_39' title="bbox 299 2376 1748 2429; baseline -0.003 -13"><span class='ocrx_word' id='word_1_335' title='bbox 299 2383 449 2429; x_wconf 82' lang='lat' dir='ltr'><strong>tiquus,</strong></span> <span class='ocrx_word' id='word_1_336' title='bbox 471 2380 508 2415; x_wconf 87' lang='lat' dir='ltr'><strong>vi</strong></span> <span class='ocrx_word' id='word_1_337' title='bbox 532 2379 634 2412; x_wconf 87' lang='lat' dir='ltr'><strong>cuius</strong></span> <span class='ocrx_word' id='word_1_338' title='bbox 659 2378 866 2412; x_wconf 86' lang='lat' dir='ltr'><strong>factionarii</strong></span> <span class='ocrx_word' id='word_1_339' title='bbox 890 2382 926 2410; x_wconf 85' lang='lat' dir='ltr'><strong>et</strong></span> <span class='ocrx_word' id='word_1_340' title='bbox 951 2377 1106 2422; x_wconf 87' lang='lat' dir='ltr'><strong>pictores</strong></span> <span class='ocrx_word' id='word_1_341' title='bbox 1134 2382 1171 2411; x_wconf 86' lang='lat' dir='ltr'><strong>et</strong></span> <span class='ocrx_word' id='word_1_342' title='bbox 1193 2376 1288 2410; x_wconf 83' lang='lat' dir='ltr'><strong>fabri</strong></span> <span class='ocrx_word' id='word_1_343' title='bbox 1314 2378 1469 2411; x_wconf 82' lang='lat' dir='ltr'><strong>victricis</strong></span> <span class='ocrx_word' id='word_1_344' title='bbox 1494 2377 1748 2412; x_wconf 85' lang='lat' dir='ltr'><strong>tantummodo</strong></span> 
     </span>
     <span class='ocr_line' id='line_1_40' title="bbox 300 2422 1749 2472; baseline -0.003 -9"><span class='ocrx_word' id='word_1_345' title='bbox 300 2428 468 2464; x_wconf 80' lang='lat' dir='ltr'><strong>factionis</strong></span> <span class='ocrx_word' id='word_1_346' title='bbox 491 2426 755 2472; x_wconf 88' lang='lat' dir='ltr'><strong>processionem</strong></span> <span class='ocrx_word' id='word_1_347' title='bbox 781 2422 1024 2457; x_wconf 88' lang='lat' dir='ltr'><strong>celebrabant.</strong></span> <span class='ocrx_word' id='word_1_348' title='bbox 1074 2425 1121 2457; x_wconf 87' lang='lat' dir='ltr'><strong>Ut</strong></span> <span class='ocrx_word' id='word_1_349' title='bbox 1143 2429 1319 2456; x_wconf 82' lang='lat' dir='ltr'><strong>venerant</strong></span> <span class='ocrx_word' id='word_1_350' title='bbox 1343 2425 1382 2457; x_wconf 89' lang='lat' dir='ltr'><strong>in</strong></span> <span class='ocrx_word' id='word_1_351' title='bbox 1405 2427 1467 2465; x_wconf 92' lang='grc' dir='ltr'><strong>Π,</strong></span> <span class='ocrx_word' id='word_1_352' title='bbox 1500 2425 1749 2465; x_wconf 77' lang='lat' dir='ltr'><strong>consistebant</strong></span> 
     </span>
     <span class='ocr_line' id='line_1_41' title="bbox 299 2471 1749 2519; baseline -0.005 -8"><span class='ocrx_word' id='word_1_353' title='bbox 299 2477 356 2511; x_wconf 87' lang='lat' dir='ltr'><strong>ibi</strong></span> <span class='ocrx_word' id='word_1_354' title='bbox 380 2475 526 2519; x_wconf 81' lang='lat' dir='ltr'><strong>aurigae</strong></span> <span class='ocrx_word' id='word_1_355' title='bbox 552 2479 589 2507; x_wconf 83' lang='lat' dir='ltr'><strong>et</strong></span> <span class='ocrx_word' id='word_1_356' title='bbox 613 2472 825 2506; x_wconf 84' lang='lat' dir='ltr'><strong>demarchus</strong></span> <span class='ocrx_word' id='word_1_357' title='bbox 851 2477 889 2505; x_wconf 84' lang='lat' dir='ltr'><strong>et</strong></span> <span class='ocrx_word' id='word_1_358' title='bbox 900 2471 1092 2517; x_wconf 84' lang='lat' dir='ltr'><strong>populares</strong></span> <span class='ocrx_word' id='word_1_359' title='bbox 1119 2477 1156 2504; x_wconf 86' lang='lat' dir='ltr'><strong>et</strong></span> <span class='ocrx_word' id='word_1_360' title='bbox 1180 2472 1335 2515; x_wconf 82' lang='lat' dir='ltr'><strong>pictores</strong></span> <span class='ocrx_word' id='word_1_361' title='bbox 1361 2476 1398 2503; x_wconf 87' lang='lat' dir='ltr'><strong>ct</strong></span> <span class='ocrx_word' id='word_1_362' title='bbox 1425 2482 1556 2515; x_wconf 81' lang='lat' dir='ltr'><strong>operae</strong></span> <span class='ocrx_word' id='word_1_363' title='bbox 1583 2471 1749 2512; x_wconf 82' lang='lat' dir='ltr'><strong>fabriles,</strong></span> 
     </span>
     <span class='ocr_line' id='line_1_42' title="bbox 298 2517 1749 2566; baseline -0.004 -8"><span class='ocrx_word' id='word_1_364' title='bbox 298 2521 604 2566; x_wconf 82' lang='lat' dir='ltr'><strong>desultabantque</strong></span> <span class='ocrx_word' id='word_1_365' title='bbox 629 2530 711 2552; x_wconf 83' lang='lat' dir='ltr'><strong>suas</strong></span> <span class='ocrx_word' id='word_1_366' title='bbox 737 2518 903 2559; x_wconf 83' lang='lat' dir='ltr'><strong>choreas,</strong></span> <span class='ocrx_word' id='word_1_367' title='bbox 937 2517 1118 2563; x_wconf 85' lang='lat' dir='ltr'><strong>dictisque</strong></span> <span class='ocrx_word' id='word_1_368' title='bbox 1142 2518 1354 2562; x_wconf 85' lang='lat' dir='ltr'><strong>Imperatori</strong></span> <span class='ocrx_word' id='word_1_369' title='bbox 1379 2518 1570 2559; x_wconf 81' lang='lat' dir='ltr'><strong>laudibus,</strong></span> <span class='ocrx_word' id='word_1_370' title='bbox 1593 2517 1749 2552; x_wconf 86' lang='lat' dir='ltr'><strong>abibant</strong></span> 
     </span>
     <span class='ocr_line' id='line_1_43' title="bbox 296 2564 1747 2616; baseline -0.002 -12"><span class='ocrx_word' id='word_1_371' title='bbox 296 2582 364 2616; x_wconf 85' lang='lat' dir='ltr'><strong>per</strong></span> <span class='ocrx_word' id='word_1_372' title='bbox 388 2579 522 2603; x_wconf 78' lang='lat' dir='ltr'><strong>mosam</strong></span> <span class='ocrx_word' id='word_1_373' title='bbox 547 2568 586 2600; x_wconf 89' lang='lat' dir='ltr'><strong>in</strong></span> <span class='ocrx_word' id='word_1_374' title='bbox 613 2566 794 2611; x_wconf 88' lang='lat' dir='ltr'><strong>propriam</strong></span> <span class='ocrx_word' id='word_1_375' title='bbox 818 2576 918 2598; x_wconf 86' lang='lat' dir='ltr'><strong>suam</strong></span> <span class='ocrx_word' id='word_1_376' title='bbox 945 2565 1155 2604; x_wconf 88' lang='lat' dir='ltr'><strong>ecclesiam,</strong></span> <span class='ocrx_word' id='word_1_377' title='bbox 1184 2564 1222 2596; x_wconf 93' lang='lat' dir='ltr'><strong>in</strong></span> <span class='ocrx_word' id='word_1_378' title='bbox 1240 2565 1273 2597; x_wconf 91' lang='lat' dir='ltr'><strong>S.</strong></span> <span class='ocrx_word' id='word_1_379' title='bbox 1298 2565 1475 2609; x_wconf 87' lang='lat' dir='ltr'><strong>Deiparae</strong></span> <span class='ocrx_word' id='word_1_380' title='bbox 1501 2566 1628 2599; x_wconf 85' lang='lat' dir='ltr'><strong>aedem</strong></span> <span class='ocrx_word' id='word_1_381' title='bbox 1645 2572 1747 2610; x_wconf 72' lang='lat' dir='ltr'><strong>puta,</strong></span> 
     </span>
     <span class='ocr_line' id='line_1_44' title="bbox 299 2611 1747 2663; baseline -0.002 -14"><span class='ocrx_word' id='word_1_382' title='bbox 299 2628 391 2663; x_wconf 86' lang='lat' dir='ltr'><strong>quae</strong></span> <span class='ocrx_word' id='word_1_383' title='bbox 418 2618 457 2650; x_wconf 91' lang='lat' dir='ltr'><strong>in</strong></span> <span class='ocrx_word' id='word_1_384' title='bbox 482 2613 766 2648; x_wconf 84' lang='lat' dir='ltr'><strong>diaconissarum</strong></span> <span class='ocrx_word' id='word_1_385' title='bbox 790 2613 1009 2646; x_wconf 81' lang='lat' dir='ltr'><strong>monasterio</strong></span> <span class='ocrx_word' id='word_1_386' title='bbox 1029 2616 1094 2653; x_wconf 87' lang='lat' dir='ltr'><strong>est;</strong></span> <span class='ocrx_word' id='word_1_387' title='bbox 1115 2617 1225 2655; x_wconf 86' lang='lat' dir='ltr'><strong>prout</strong></span> <span class='ocrx_word' id='word_1_388' title='bbox 1251 2612 1328 2643; x_wconf 78' lang='lat' dir='ltr'><strong>fieri</strong></span> <span class='ocrx_word' id='word_1_389' title='bbox 1353 2612 1447 2645; x_wconf 85' lang='lat' dir='ltr'><strong>solet</strong></span> <span class='ocrx_word' id='word_1_390' title='bbox 1464 2611 1503 2645; x_wconf 93' lang='lat' dir='ltr'><strong>in</strong></span> <span class='ocrx_word' id='word_1_391' title='bbox 1522 2612 1610 2646; x_wconf 86' lang='lat' dir='ltr'><strong>ludo</strong></span> <span class='ocrx_word' id='word_1_392' title='bbox 1628 2615 1747 2650; x_wconf 78' lang='lat' dir='ltr'><strong>curuli</strong></span> 
     </span>
     <span class='ocr_line' id='line_1_45' title="bbox 299 2657 1747 2703; baseline -0.005 -7"><span class='ocrx_word' id='word_1_393' title='bbox 299 2664 466 2698; x_wconf 70' lang='lat' dir='ltr'><strong>olei-ario.</strong></span> <span class='ocrx_word' id='word_1_394' title='bbox 493 2662 601 2696; x_wconf 76' lang='lat' dir='ltr'><strong>Sexto</strong></span> <span class='ocrx_word' id='word_1_395' title='bbox 628 2659 688 2693; x_wconf 83' lang='lat' dir='ltr'><strong>die</strong></span> <span class='ocrx_word' id='word_1_396' title='bbox 714 2661 864 2703; x_wconf 84' lang='lat' dir='ltr'><strong>Augusti</strong></span> <span class='ocrx_word' id='word_1_397' title='bbox 891 2670 954 2692; x_wconf 88' lang='lat' dir='ltr'><strong>seu</strong></span> <span class='ocrx_word' id='word_1_398' title='bbox 980 2659 1071 2691; x_wconf 78' lang='lat' dir='ltr'><strong>festo</strong></span> <span class='ocrx_word' id='word_1_399' title='bbox 1094 2657 1308 2701; x_wconf 85' lang='lat' dir='ltr'><strong>splendidae</strong></span> <span class='ocrx_word' id='word_1_400' title='bbox 1331 2659 1747 2703; x_wconf 69' lang='lat' dir='ltr'><strong>transfigurationisno..</strong></span> 
     </span>
     <span class='ocr_line' id='line_1_46' title="bbox 300 2703 1748 2752; baseline -0.006 -5"><span class='ocrx_word' id='word_1_401' title='bbox 300 2711 391 2747; x_wconf 86' lang='lat' dir='ltr'><strong>mini</strong></span> <span class='ocrx_word' id='word_1_402' title='bbox 424 2709 540 2745; x_wconf 79' lang='lat' dir='ltr'><strong>nostri</strong></span> <span class='ocrx_word' id='word_1_403' title='bbox 564 2709 646 2742; x_wconf 87' lang='lat' dir='ltr'><strong>Iesu</strong></span> <span class='ocrx_word' id='word_1_404' title='bbox 671 2705 807 2741; x_wconf 84' lang='lat' dir='ltr'><strong>Christi</strong></span> <span class='ocrx_word' id='word_1_405' title='bbox 846 2703 1083 2751; x_wconf 83' lang='lat' dir='ltr'><strong>peragebatur</strong></span> <span class='ocrx_word' id='word_1_406' title='bbox 1105 2705 1239 2739; x_wconf 80' lang='lat' dir='ltr'><strong>festum</strong></span> <span class='ocrx_word' id='word_1_407' title='bbox 1265 2704 1461 2739; x_wconf 81' lang='lat' dir='ltr'><strong>secundum</strong></span> <span class='ocrx_word' id='word_1_408' title='bbox 1485 2705 1677 2752; x_wconf 79' lang='lat' dir='ltr'><strong>antiquum</strong></span> <span class='ocrx_word' id='word_1_409' title='bbox 1700 2718 1748 2744; x_wconf 66' lang='lat' dir='ltr'><strong>ex</strong></span> 
     </span>
    </p>
   </div>
  </div>
 </body>
</html>
