1878 3112
274 108 384 185 754
548 127 907 170 CONSTANTiNi
946 127 1431 171 PORPHYROGENJTI

268 231 423 284 γωγιάν
465 230 536 270 δεῖ
557 227 632 270 τὸν
659 229 894 269 καλέσαντα
939 228 1178 283 ἅρτικλίνην
1206 230 1532 284 προτρέψασθαι
1558 229 1720 279 πάντας

269 292 513 337 &noega-aaa
552 292 606 336 τά
646 289 812 335 ἑαυτῶν
855 289 1095 349 άλλαξὴμια
1135 296 1206 336 καί
1234 293 1549 336 ἐπενδύσασθαι
1578 293 1631 338 τά
1659 296 1723 338 οἷ-

72 369 363 416 Με.α49.1)κεῖα
405 359 543 402 αὑτῶν
581 358 877 415 σκαραμάγγια
916 361 977 409 εἰς
1013 358 1062 402 τὸ
1099 363 1193 413 μετ’
1220 359 1360 402 αὐτῶν
1397 351 1724 417 συνεστιαθῆναι

269 429 326 486 τῷ
352 429 524 480 βασιλεῖ’
544 424 649 468 κατά
677 426 833 468 τύπον.
887 425 914 482 ἦ
943 427 991 468 δὲ
1020 425 1119 482 ἁγία
1146 427 1231 468 τῶν
1263 424 1414 484 φώτων
1439 424 1576 482 ἡμέρα
1604 429 1723 482 ξένην

269 491 363 536 τινὰ
407 491 481 534 καὶ
518 494 791 548 περίβλεπτον
833 492 1160 549 λαμπροφορίαν
1198 493 1427 548 εἰσάγουσα
1464 491 1746 549 θαυμαστὴνό

232 565 264 598 D
280 561 354 602 καί
378 557 646 614 πανάγαστον
670 555 745 614 τὴν
784 558 976 610 δεξίωσιν
1003 561 1166 601 ἐκτελεῖ
1187 562 1261 614 τῆς
1287 561 1506 615 βασιλικῆς
1532 556 1721 601 ἑστιάσε-

277 641 346 675 ως.
401 625 476 680 τήν
504 624 583 681 γὰρ
613 624 764 668 ἕνωσιν
790 627 874 667 τῶν
902 624 1110 681 οὐρανίων
1150 624 1225 667 καί
1264 623 1457 680 ἐπιγείων
1495 623 1722 680 ταγμάτων

275 690 348 735 διά
377 692 452 747 τῆς
479 692 640 747 δωρεᾶς
666 693 744 733 τοῦ
770 691 890 746 ἁγίου
918 690 1202 745 βαπτίσματος
1224 693 1435 745 μυστικῶς
1461 690 1720 742 εἰκονίζουσα

224 772 228 775 ·
268 756 371 807 τούς
398 759 444 800 ἐν
469 759 583 808 τάξει
611 754 795 813 ἀγγέλων
822 756 948 813 ἱερεῖς
983 759 1057 813 τῆς
1091 758 1275 820 μεγάλης
1300 757 1374 799 τοῦ
1405 757 1519 800 Θεοῦ
1545 758 1719 798 καθολι-
1832 809 1834 814 .

271 828 389 880 λικῆς
427 824 646 880 ἐκκλησίας
688 826 1043 880 λευχημονοῧντας
1081 825 1140 874 εἷς
1165 825 1429 867 συνεστίασιν
1467 825 1529 881 τῷ
1555 824 1786 878 βασιλεῖῑφ

269 892 521 947 συνηγάγετο
537 922 548 933 .
603 892 676 932 καί
701 892 771 932 δεῖ
790 889 890 939 τούς
918 892 963 933 ἐν
989 889 1119 946 ταύτῃ
1146 892 1198 948 τῇ
1226 890 1360 949 ἡμέρᾳ
1387 887 1599 944 λαχόντας.
1623 889 1719 930 δια-

269 957 386 1015 κονίᾳ
423 957 608 1013 ἀκριβῶς
648 957 904 999 ἐπίστασθαι
931 955 1006 1012 την
1042 953 1233 1011 εὐπρεπῆ
1260 954 1519 998 κατάστασιν
1544 956 1620 1010 τῆς
1644 970 1719 996 πε-

265 1025 473 1080 ριφανοῦς
500 1019 644 1066 αὐτῶν
675 1025 748 1065 καί
773 1022 892 1079 ἱερᾶς
921 1024 1162 1074 δεξιώσεως.
1212 1025 1258 1066 ἐν
1285 1021 1366 1079 γάρ
1395 1025 1454 1081 τῷ
1481 1022 1717 1078 τελουμένῳ

269 1087 454 1145 κράματι
491 1091 566 1145 τῆς
604 1088 788 1145 μεγάλης
827 1090 903 1132 τοῦ
934 1091 1046 1132 Θεοῦ
1087 1090 1304 1144 ἐκκλησίας
1336 1091 1407 1131 δεῖ
1437 1089 1551 1142 ὑμᾶς
1577 1090 1718 1130 καλεῖν

219 1152 224 1167 ²
266 1155 345 1198 ἐπὶ·
363 1157 437 1211 τῆς
461 1155 603 1208 τιμίας
629 1157 846 1210 βασιλικῆς
870 1157 1077 1211 τραπέζης
1092 1188 1104 1208 ,
1132 1158 1411 1211 μαγίστρους,
1436 1150 1773 1204 ἆνθυπάτους,15

69 1221 262 1268 Ed·1⁴·437
277 1223 523 1278 πατρικίους
552 1220 820 1278 στρατηγούς,
851 1219 1178 1277 ὀφφικιαλίους,
1210 1219 1282 1264 τὸν
1311 1217 1498 1277 ἀριθμὸν
1525 1217 1580 1262 ιδ’
1580 1236 1596 1259 ·,
1634 1219 1720 1262 εἰσ·
1828 1215 1834 1219 ’

266 1288 380 1343 άγειν
419 1288 468 1330 δὲ
511 1286 670 1338 αῧτούς
698 1286 772 1330 καί
808 1287 965 1342 ἐξάγειν
1006 1286 1116 1341 μετὰ
1150 1289 1235 1329 τῶν
1275 1288 1437 1330 οἰκείων
1464 1287 1716 1339 ἅλλαξιζαων,

265 1349 367 1397 ἄνευ
396 1352 539 1408 μέντοι
567 1356 651 1396 ταῖν
678 1351 840 1396 ἑαυτῶν
863 1353 1110 1408 χλαμύδων.
1167 1355 1214 1397 ἐν
1250 1356 1297 1397 δὲ
1336 1355 1389 1412 τῇ
1435 1354 1629 1410 βασιλικῇ
1655 1368 1719 1395 τι-

263 1419 343 1480 μίᾳ
377 1422 562 1478 τραπέζῃ
599 1420 679 1477 πρό
708 1436 755 1476 γε
796 1418 959 1463 πάντων
1003 1421 1272 1463 συνεστιᾶται
1311 1420 1334 1462 ὅ
1361 1419 1624 1476 πατριάρχης
1660 1421 1719 1477 τῷ

264 1491 454 1542 βασιλεῖ,
512 1485 586 1529 καί
613 1489 684 1529 δεῖ·
715 1485 828 1543 ἡμᾶς
865 1490 1006 1529 καλεῖν
1046 1485 1144 1537 τούς
1167 1484 1347 1542 λογάδας
1379 1489 1454 1542 τῆς
1482 1480 1793 1542 ἕκκλησίαςρσ

266 1551 353 1598 οἷον
379 1555 686 1610 μητροπολίτας
712 1553 792 1596 σύν
816 1555 874 1613 τῷ
901 1555 1108 1612 συγκέλλῳ
1134 1552 1207 1596 τὸν
1235 1550 1420 1610 ἀριθμὸν
1447 1551 1515 1608 ιβ’,
1539 1568 1715 1610 προστι-

266 1619 402 1674 χίζειν
431 1621 479 1663 δὲ
518 1616 677 1669 αὖτοὺς
703 1622 749 1663 ἐν
774 1622 826 1679 τῇ
853 1620 995 1663 αὐτῶν
1023 1621 1230 1678 εἰσαγωγῇ
1258 1617 1474 1676 ἁρμοδίως
1502 1617 1611 1663 κατά
1639 1617 1715 1663 τὸν

270 1780 395 1811 sancto
421 1775 563 1820 officio,
587 1777 699 1813 debet
721 1778 907 1813 articlinus
933 1777 1103 1812 omnibus
1127 1778 1327 1823 imperare,
1351 1782 1394 1811 ut
1414 1777 1622 1811 mutatoriis
1646 1777 1718 1813 de·-

267 1824 399 1870 positis
425 1825 582 1859 induant
609 1837 672 1859 sua
698 1827 960 1870 scaramangia,
999 1837 1072 1871 quo
1098 1826 1137 1859 in
1165 1826 1241 1858 illis
1265 1837 1347 1859 cum
1377 1826 1598 1870 Imperatore
1621 1835 1718 1871 epu-

269 1871 407 1908 lentur.
455 1873 605 1907 Sanctus
631 1879 752 1907 autem
776 1874 956 1906 luminum
979 1872 1057 1907 dies
1082 1873 1156 1919 (vel
1173 1873 1398 1917 Epiphaniae
1421 1873 1570 1919 festum)
1593 1882 1716 1906 secum

270 1918 417 1952 trahens
442 1919 621 1954 insuetam
646 1926 684 1954 et
707 1920 871 1966 undique
899 1920 1079 1954 illustrem
1104 1918 1288 1965 splendidi
1304 1920 1455 1954 vestitus
1480 1919 1717 1964 magnificen-

270 1965 380 2006 tiam,
405 1965 518 2001 effieit
541 1968 767 2008 convivium,
794 1978 867 2013 quo
891 1969 1091 2012 Imperator
1115 1968 1248 2000 amicos
1273 1978 1357 2000 suos
1381 1966 1536 2011 excipit,
1559 1966 1718 2000 admira-

271 2011 359 2045 bile.
410 2013 533 2058 Quum
566 2014 663 2048 enim
697 2015 991 2049 coniunctionem
1024 2015 1193 2047 ordinum
1220 2014 1432 2048 coelestium
1463 2019 1574 2059 atque
1596 2018 1718 2047 terre-

272 2059 401 2096 strium
426 2062 575 2103 mystice
598 2061 804 2102 adumbret,
827 2073 892 2107 per
917 2061 1052 2094 donum
1070 2061 1185 2094 saneti
1203 2061 1434 2106 baptismatis
1455 2060 1606 2101 factam,
1629 2070 1717 2093 con-

272 2111 395 2149 gregat
430 2107 469 2141 in
496 2119 608 2141 unum
641 2120 721 2141 cum
756 2109 908 2154 imperio
941 2108 1183 2142 sacerdotium
1223 2119 1374 2152 magnae
1413 2107 1485 2140 Dei
1517 2106 1716 2141 catholicae

274 2152 446 2186 ecclesiae
470 2156 693 2197 sacerdotes,
725 2156 790 2201 qui
818 2155 1027 2199 angelorum
1053 2160 1090 2187 et
1111 2155 1322 2188 nuntiorum
1347 2155 1416 2188 Dei
1439 2154 1534 2188 vices
1565 2159 1716 2198 gerunt,

273 2197 437 2232 candidis
461 2202 500 2234 in
526 2201 713 2244 vestibus,
743 2202 790 2236 ad
817 2201 1019 2236 convivium
1043 2201 1231 2246 imperiale
1256 2200 1451 2234 adducens.
1501 2200 1648 2246 Quibus
1670 2211 1716 2235 eo

274 2245 335 2280 die
358 2247 492 2281 servire
516 2247 674 2293 obtingit
707 2247 905 2289 atriclinis,
935 2247 1029 2281 bene
1057 2253 1221 2281 accurate
1252 2258 1296 2280 ue
1333 2259 1394 2283 eos
1430 2258 1538 2282 nosse
1569 2253 1718 2294 oportet

275 2292 443 2327 decoram
465 2297 765 2330 constitutionem
790 2301 826 2328 et
850 2295 1084 2329 cerimoniale
1116 2260 1332 2340 splendidae
1368 2294 1522 2328 istorum
1545 2295 1716 2329 sacerdo-p

274 2344 353 2373 tum
385 2347 604 2387 sanctaeque
636 2342 683 2375 ad
715 2354 875 2376 mensam
910 2342 1139 2387 receptionis.
1187 2343 1271 2376 Post
1295 2341 1440 2375 finitum
1471 2342 1648 2384 mixtum,
1674 2343 1715 2379 in

275 2397 403 2432 magna
426 2388 495 2422 Dei
527 2389 677 2423 ecclesia
702 2395 847 2434 oportet
879 2401 945 2423 nos
969 2389 1016 2423 ad
1038 2399 1173 2422 sacram
1198 2399 1357 2428 mensam
1383 2389 1592 2435 magistros,
1625 2400 1715 2434 pro-e

277 2434 463 2476 eonsules,
495 2437 689 2481 patricios,
722 2442 795 2470 tam
828 2442 1001 2482 strategos
1033 2441 1070 2470 et
1098 2435 1288 2476 militaris,
1330 2447 1440 2482 quam
1476 2436 1651 2471 officiales
1677 2440 1716 2471 et

275 2481 433 2526 palatini
466 2482 628 2525 ordinis,
661 2485 701 2516 in
732 2485 939 2519 universum
970 2483 1160 2518 duodecim
1195 2483 1371 2524 invitare,
1406 2494 1542 2528 eosque
1574 2484 1615 2516 in
1636 2484 1715 2516 suis

274 2529 501 2568 mutatoriis,
532 2529 670 2577 absque
691 2535 813 2565 tamen
837 2531 1109 2575 chlamydibus,
1143 2531 1373 2565 introducere
1397 2536 1434 2564 et
1459 2529 1622 2564 educere.
1670 2530 1714 2565 In

275 2574 404 2608 eadem
436 2577 534 2620 regia
560 2576 770 2613 venerabile
801 2590 924 2613 mensa
944 2580 1094 2624 primus
1125 2583 1208 2612 ante
1241 2579 1331 2612 alios
1356 2588 1479 2612 omnes
1503 2578 1715 2612 convivatur

274 2623 489 2667 Imperatori
516 2624 732 2668 patriarcha.
751 2665 753 2667 v
783 2626 924 2661 Pariter
947 2635 1097 2672 quoque
1122 2629 1267 2670 oportet
1289 2636 1356 2658 nos
1380 2624 1427 2658 ad
1449 2635 1584 2658 sacram
1606 2634 1718 2658 meu-

276 2679 350 2702 sam
373 2670 547 2704 ecclesiae
570 2682 756 2715 procereS,
792 2678 833 2705 ut
856 2673 1106 2717 metropolitas
1131 2677 1168 2705 et
1190 2673 1408 2715 syncellum,
1442 2671 1481 2705 iu
1503 2672 1713 2707 universum

275 2726 427 2751 numero
452 2717 668 2760 duodecim,
697 2719 873 2765 invitare,
906 2731 1042 2766 eosque
1073 2724 1158 2754 ante
1183 2719 1373 2756 introitum
1397 2717 1545 2760 decore,
1581 2727 1713 2754 unum?
