1748 3126
170 108 260 147 XVI
645 108 717 148 10.
763 104 866 146 IAC.
917 104 1115 146 REISKII

150 260 153 261 ⁷
173 219 217 250 ut
236 211 445 249 hominum
476 209 685 249 doctorum
707 210 838 250 studia
867 211 907 247 in
939 223 980 249 se
999 223 1243 250 conversura
1262 226 1308 251 ea
1334 220 1374 252 et
1393 213 1615 256 exercitur-a

173 279 263 318 sint.
306 278 392 316 Uni
421 276 608 330 placebit,
645 279 686 315 ni
709 277 841 327 fallor,
862 277 1093 316 vestiariam
1127 291 1230 328 rem,
1264 278 1332 318 alii
1375 282 1620 331 numariam‚

172 343 239 382 alii
268 344 409 382 domus
439 351 629 397 augustae
648 342 777 382 officia
805 343 900 382 hinc
927 342 1139 385 illustrare.
1195 345 1391 396 Quamvis
1420 349 1527 386 enim
1553 361 1618 398 ea,

172 425 275 463 quae
310 411 455 449 Leonis
484 418 523 449 ct
563 410 813 448 Constantini
848 411 975 448 nostri
1007 417 1189 464 tempore
1227 413 1270 451 in
1307 427 1385 452 usu
1413 421 1553 465 erant,
1593 426 1619 453 a
1644 439 1647 441 -

170 477 444 530 superioribus
483 476 699 515 Theodosii
739 484 779 516 et
817 476 1027 515 Iustiniani
1064 478 1312 531 temporibus
1349 486 1508 518 tantum
1545 479 1620 518 ab·

171 543 314 583 ludant
328 573 339 594 ‚
369 551 564 597 quantum
597 550 732 583 secuta
759 542 1060 582 comnenorum
1101 550 1140 583 et
1178 543 1511 599 Palaeologorum
1536 559 1619 584 ex·-

171 617 377 663 tremaque
405 611 614 663 Byzantini
642 611 753 664 regni
782 615 891 648 aetas
921 609 973 648 ab
1001 615 1131 649 aetate
1157 618 1388 651 nostrorum
1426 610 1619 666 Porphy-

171 683 484 728 rogennetorum
513 676 684 727 abludit,
715 676 823 729 quod
852 683 1008 715 constat
1034 676 1235 716 Codinum
1270 691 1364 716 cum
1394 676 1470 716 hoc
1497 690 1621 731 opere

171 743 417 794 conferenti3
457 748 626 796 possunt
651 741 884 781 tamenilla
920 749 1078 781 vetusta
1114 742 1293 782 florentis
1327 744 1500 782 Romani
1539 745 1620 782 im·-

170 811 272 862 perii
313 816 495 863 tempora
535 816 575 848 et
610 809 829 863 Byzantina
869 808 1091 861 primordia
1126 823 1172 847 ex
1212 807 1290 848 hoc
1332 823 1454 863 opere
1492 809 1623 850 multo

170 876 298 929 magis
316 905 328 927 ‚
356 889 479 929 quam
507 875 584 914 hoe
613 889 714 928 opus
749 889 795 913 ex
828 874 1010 926 Codino,
1039 873 1248 914 illustrari.
1304 875 1439 914 Erunt
1465 889 1620 929 porro,

170 943 241 995 qui
273 956 318 981 ex
345 940 531 980 indiculis
559 955 749 995 rogarum
766 971 778 992 ‚
807 955 879 980 seu
907 955 1135 980 annuorum
1163 941 1453 995 stipendiorum
1480 941 1622 982 officiis

169 1008 358 1063 palatinis
385 1010 606 1062 ceterisque
634 1008 864 1047 debitorum
878 1037 890 1059 ,
928 1009 1025 1046 item
1054 1022 1100 1046 ex
1133 1007 1320 1047 indiculis
1345 1009 1623 1062 impensorum

170 1077 215 1114 in
243 1074 512 1128 expeditiones
540 1074 694 1128 aliquot
725 1075 948 1113 maritimas
976 1081 1117 1113 contra
1160 1074 1380 1114 Saracenos
1411 1075 1629 1115 Cretenses

171 1149 390 1195 susceptas,
419 1141 686 1180 aestimabunt
713 1156 806 1180 cum
835 1140 1028 1179 militares
1054 1142 1212 1193 imperii
1241 1141 1476 1194 Byzantiui,
1505 1140 1627 1194 quale

170 1215 269 1251 tunc
309 1215 418 1259 erat,
462 1215 670 1247 terrestres
707 1208 1009 1260 maritimasque
1049 1209 1183 1260 copias
1199 1237 1210 1258 ‚
1247 1214 1336 1246 tum
1372 1209 1625 1261 pecuniarias

173 1289 335 1329 quoque
349 1304 360 1326 ,
390 1276 653 1328 institutaque
683 1275 981 1328 comparatione
1014 1274 1262 1313 Graecorum
1299 1275 1623 1314 centenariorum

173 1350 214 1382 et
234 1343 429 1382 librarum
455 1343 544 1381 auri
575 1356 668 1381 cum
700 1348 876 1381 nostrate
895 1343 1082 1394 pecunia,
1110 1342 1329 1392 invenient,
1357 1355 1439 1394 qua
1465 1341 1624 1394 Byzan-

170 1411 351 1448 tinorum
385 1422 525 1462 regum
559 1415 599 1447 et
619 1409 860 1447 nostratium
887 1408 1092 1462 opulentia
1126 1406 1300 1447 differat.
1358 1408 1494 1447 Erunt
1523 1406 1591 1446 alii
1607 1434 1622 1458 ‚

171 1477 243 1529 qui
270 1475 488 1530 singularia
516 1475 714 1529 quaedam
740 1475 1057 1529 disputationum
1086 1475 1217 1527 capita
1243 1473 1339 1512 hinc
1378 1473 1622 1526 decerpent3

172 1557 211 1582 e.
241 1557 291 1594 c.‚
320 1541 449 1595 qualis
474 1541 597 1580 suerit
622 1541 811 1580 ludorum
840 1542 1090 1581 Circensium
1116 1539 1224 1593 apud
1253 1540 1496 1593 Byzantinos
1524 1553 1624 1578 con-

171 1610 327 1648 stitutio
343 1638 355 1660 ,
386 1622 450 1647 res
478 1607 697 1646 admodum
722 1608 909 1662 obscura3
940 1615 994 1660 et,
1025 1621 1128 1660 quae
1151 1620 1234 1645 non
1256 1607 1390 1645 minus
1419 1612 1494 1655 est,
1523 1618 1628 1659 qua-

169 1673 222 1714 lis
250 1675 369 1713 fuerit
394 1689 486 1728 pars
500 1703 512 1727 ,
541 1674 607 1713 vel
636 1675 849 1715 comitatus
862 1705 874 1726 ‚
918 1673 1195 1728 Augustarum
1222 1673 1432 1726 Byzantii3
1461 1672 1629 1710 unctine

172 1741 324 1780 fuerint
356 1740 415 1780 illi
456 1741 724 1795 Imperatores
767 1741 819 1780 ad
856 1742 1094 1780 Latinorum
1127 1739 1352 1792 exemplum
1365 1753 1383 1791 3-
1417 1751 1630 1792 quousque

174 1822 308 1846 sermo
338 1808 507 1847 Latinus
534 1809 578 1846 in
604 1807 697 1846 aula
719 1808 883 1846 CPtana
906 1807 1149 1856 obtinuerit,
1178 1813 1219 1846 et
1249 1805 1342 1845 illae
1356 1806 1571 1846 ,orationes
1599 1818 1625 1844 a

175 1888 317 1913 recens
353 1875 594 1926 nuncupatis
633 1874 948 1926 Imperatoribus
978 1887 1001 1911 e
1038 1872 1233 1912 tribunali
1272 1873 1432 1910 circove
1459 1870 1511 1908 ad
1543 1871 1634 1909 mi-'

176 1939 269 1979 lites
296 1939 455 1990 dictae5
478 1953 582 1992 quae
608 1946 770 1978 nostrae
797 1938 983 1977 editionis
1011 1952 1035 1976 a
1066 1952 1160 1991 pag.
1191 1937 1271 1991 239
1294 1935 1390 1975 inde
1418 1935 1627 1989 leguntur,

177 2006 381 2045 fuerintne
409 2006 572 2044 Graecis
610 2004 754 2044 iisdem
793 2004 928 2043 verbis
965 2005 1154 2043 recitatae
1170 2033 1182 2054 ,
1220 2017 1273 2042 an
1310 2003 1445 2056 potius
1481 2003 1627 2042 Latine
1689 2022 1695 2027 ·

128 2099 132 2104 »
177 2073 366 2126 primitus
394 2071 587 2122 dictatae,
617 2071 761 2110 deinde
788 2085 886 2111 vero
915 2085 940 2110 a
969 2071 1093 2110 Petro
1122 2070 1316 2123 Magistro
1350 2070 1394 2108 in
1425 2069 1627 2108 Graecum

182 2152 408 2178 sermonem
434 2139 677 2190 conversae3
707 2137 816 2190 quod
845 2137 944 2176 mihi
987 2136 1150 2190 quidem
1190 2134 1403 2189 probabile
1435 2135 1496 2174 fit.
1551 2135 1631 2175 Est

184 2219 231 2244 ea
251 2235 264 2256 ‚
306 2218 427 2257 quam
460 2203 539 2242 dixi
558 2234 570 2255 ‚
609 2218 703 2258 pars
738 2205 904 2257 insignis
920 2234 932 2256 ‚
973 2216 1141 2256 eamque
1169 2201 1324 2241 edendo
1357 2201 1501 2242 videor
1526 2201 1629 2240 mihi

182 2270 423 2326 particulam
450 2271 582 2324 operis
609 2269 966 2322 desideratissimi,
1004 2269 1074 2308 sed
1115 2267 1268 2307 dudmn
1308 2282 1383 2322 pro
1421 2266 1631 2320 deperdito

184 2338 329 2387 habiti,
359 2337 544 2376 edidisse.
601 2337 910 2376 Constantinum
928 2343 1112 2376 nostrum
1148 2333 1380 2388 colligendis
1402 2340 1442 2373 et
1471 2334 1516 2372 iu
1542 2347 1630 2372 cer-

185 2412 249 2444 tos
275 2403 413 2443 titulos
444 2403 669 2457 digerendis
697 2404 804 2443 scitis
839 2411 959 2456 atque
989 2400 1316 2442 memorabilibus
1346 2407 1531 2439 veterum
1566 2399 1632 2439 lo·-

187 2473 246 2510 cis
274 2470 504 2523 diligentem
533 2484 698 2523 operam
726 2470 992 2523 impendisse,
1020 2482 1139 2507 nemo
1168 2468 1309 2506 nescit.
1363 2465 1495 2505 Erant
1532 2464 1639 2504 olim·

188 2537 249 2578 illi
283 2536 390 2575 tituli
427 2550 596 2576 numero
642 2538 933 2591 quinquaginta
967 2543 1062 2575 tres.
1148 2533 1217 2573 Ad
1256 2546 1330 2572 nos
1370 2539 1504 2571 autem
1545 2544 1629 2570 non

188 2612 410 2657 vpervenere
425 2632 437 2654 ‚
476 2604 554 2643 nisi
591 2603 732 2644 titulus
776 2604 991 2656 vigesimus
1034 2601 1225 2654 septimus
1275 2598 1326 2637 de
1365 2596 1631 2652 legationibus

194 2674 344 2724 integer
365 2698 377 2722 ‚
403 2684 525 2723 opera
550 2671 699 2711 Fvan
726 2670 872 2710 Unsmx
892 2676 931 2708 et
957 2669 1129 2708 DAvuns
1159 2666 1422 2717 Honscnsst113
1451 2669 1491 2703 et
1523 2661 1629 2709 tituli
