1878 3112
276 120 383 192 726
545 134 902 179 CONSTANTINI
939 134 1420 178 PORPHYROGENm

79 273 182 309 mn.
204 273 267 318 421
889 260 1015 308 Τόμος
1038 260 1080 305 β’-

388 327 552 376 Ταύτας
582 320 657 370 οὖν
686 326 853 378 ἁπάσας
876 327 950 379 τὰς
977 328 1081 386 ἔργῳ
1111 325 1182 369 καὶ
1207 324 1311 384 λόγῳ
1341 327 1560 380 διδομένας
1587 326 1706 377 οἶξίας

270 401 406 451 σαφεῖ
428 395 502 435 καί
515 396 685 449 α’κριβεῑ·
705 391 812 452 λόγῳ
835 396 1097 451 παραστῆσαι
1126 393 1449 445 σπουδάσαντες,
1477 391 1525 434 οὗ
1547 393 1708 434 δίκαιον

270 460 514 515 ἐκρίναμεν,
545 455 583 500 ὦ
610 458 737 514 φίλοι,
764 460 894 516 μέχρι
919 460 1077 502 τούτων
1103 461 1365 501 καταπαῦσαι
1381 456 1450 500 τὸν
1475 458 1604 512 λόγον,
1633 456 1710 498 ἄλ-

270 524 324 567 λά
354 527 446 577 καί,
489 523 513 566 ὃ
539 522 722 579 μάλιστα
758 525 860 578 ὑμῖν
891 527 1109 581 ζητητέον,
1149 526 1223 579 τῆς
1249 525 1348 580 περὶ
1382 525 1463 566 τῶν
1490 523 1733 578 καθεδρῶνό

269 590 483 644 ἀκριβείας
527 589 810 644 καθάψασθαι
844 592 918 634 καί
952 592 1024 646 την
1063 589 1262 632 ὑπόθεσιν
1288 591 1347 639 εἷς
1373 591 1502 645 πέρας
1530 588 1707 644 άγάγαι,

79 655 382 710 manhatum}
433 655 702 714 ἐξῃτήσασθε.
759 656 832 699 καὶ
866 656 946 712 γὰρ
987 655 1116 700 πάλιν
1158 656 1215 706 ὥς
1256 656 1318 697 ἐπ’
1360 652 1567 711 ἀναλήψει
1616 659 1710 702 ταῖς

272 724 512 776 λεχθείσαις
574 721 757 772 άπάσαις
806 721 1067 779 χρησάμενοι
1119 721 1194 778 τὴν
1246 717 1418 776 ἑκάστης
1465 718 1582 771 τάξιν
1638 717 1712 761 καὶ

273 789 418 843 κλῆσιν
469 786 544 829 καὶ
582 789 736 831 οἰκείαν
777 790 987 845 καθέδραν
1033 789 1291 845 σαφέστερον
1337 786 1437 840 ὑμῖν
1486 785 1711 841 κανονῆσαι

236 854 536 908 Βέπήχθημεν.
590 855 659 895 δεῖ
688 852 768 910 γάρ
809 852 881 896 τὸν
927 856 1128 896 καλέοντα
1169 851 1406 909 ἆρτικλίνην
1437 850 1594 900 ταύτας
1632 853 1764 903 μὲνιο

277 917 444 968 ἁπάσας
487 920 671 975 α’κριβῶς
708 921 897 974 εἰδέναι,
936 919 994 969 ὥς
1031 919 1216 976 ἔφαμεν,
1255 917 1329 960 καὶ
1360 915 1435 973 τήν
1469 919 1552 960 τῶν
1591 916 1714 972 ἱερῶν

274 986 502 1038 βασιλικῶν
542 987 782 1040 κλητωρίων
817 983 1073 1029 κατάστασιν
1113 987 1256 1034 διττῶς
1300 986 1513 1027 ποιεῖσθαι
1554 983 1614 1032 εἷς
1649 979 1715 1025 κό-

276 1066 452 1104 σμησιν,
481 1049 554 1091 καί
586 1052 643 1108 τῷ
669 1053 748 1104 μὲν
775 1050 883 1110 λόγῳ
909 1050 984 1107 την
1021 1053 1164 1107 κλῆσιν
1191 1052 1263 1106 τῆς
1298 1047 1474 1092 ἑκάστου
1499 1047 1617 1099 α’ξίας
1655 1049 1716 1090 οἰ-

277 1117 391 1163 κειάς
429 1116 647 1172 ἐκφέρειν,
694 1117 747 1173 τῇ
776 1117 823 1158 δὲ
864 1119 978 1173 δεξιᾷ
1002 1115 1120 1173 χειρὶ
1145 1114 1215 1158 διὰ
1245 1117 1323 1158 τοῦ
1348 1114 1561 1171 σχήματος
1585 1128 1716 1170 προσ-

277 1178 479 1221 δεικνύειν
515 1178 586 1222 τὸν
620 1178 768 1238 ἑκάστῃ
799 1180 1035 1237 ἁρμόζοντα
1074 1181 1225 1235 τόπον,
1264 1181 1336 1224 καί
1359 1179 1431 1223 τὸν
1454 1181 1533 1235 μὲν
1559 1176 1768 1235 nomo-15

276 1249 423 1300 κλητον
453 1245 576 1302 φίλον
603 1245 709 1302 πρὸς
735 1246 783 1289 τὸ
829 1245 1041 1301 εὐώνυμον
1079 1250 1391 1303 προτρέπεσθαι
1415 1249 1564 1302 μέρος,
1605 1241 1715 1293 ὅπως

275 1307 304 1363 ἦ
331 1313 404 1365 τῆς
429 1314 650 1366 βασιλικῆς
677 1309 796 1363 ἆξίας
835 1314 1021 1362 ἐπίδοσις
1059 1312 1238 1369 εὐχερὴς
1263 1315 1319 1370 τῷ
1348 1310 1618 1368 πρωτοκλήτῳ
1647 1309 1716 1364 γέ-

279 1391 400 1430 νηται
428 1378 549 1434 φίλῳ,
577 1375 649 1420 τὸν
677 1380 724 1420 δὲ
753 1380 822 1420 ἀπ’
851 1380 983 1421 αὐτοῦ
1011 1378 1204 1434 δεύτερον
1231 1380 1275 1420 ἐν
1300 1382 1385 1426 τοῖς
1411 1378 1559 1427 δεξιοῖς
1586 1390 1717 1432 προσ-

280 1445 524 1495 καλεῖσθαι,
553 1442 626 1484 καί
651 1446 804 1498 λέγειν·
859 1441 911 1498 „5
939 1442 1200 1500 πατριάρχης
1228 1439 1718 1499 Κωνοταντινουπόλεως,

283 1506 306 1550 ὅ
334 1513 483 1563 καῖ’σαρ
500 1541 513 1560 ,
543 1505 564 1548 ὅ
596 1508 899 1565 νωβελήσιμος,
927 1510 949 1553 ὁ
977 1510 1314 1566 κουροπαλάτης,
1342 1507 1363 1552 ὅ
1390 1506 1770 1563 βασιλεοπάτωρ,20

245 1571 310 1628 cvj
339 1572 472 1628 ζωστὴ
502 1573 742 1629 πατρικία.”
795 1577 952 1619 εἰδέναι
979 1577 1025 1618 δὲ
1055 1577 1139 1629 δεῖ,
1183 1571 1247 1618 ὅτι
1286 1574 1331 1618 αἱ
1357 1576 1402 1628 ἓξ
1434 1567 1562 1617 αὗται
1588 1570 1718 1627 μόναι

844 1665 955 1691 cnm
978 1666 1172 1691 srctnmux.

378 1721 450 1754 Has
476 1721 585 1767 igitur
609 1733 731 1757 omnes
765 1723 957 1770 dignitates
988 1724 1173 1770 utriusque
1203 1724 1370 1769 generis,
1407 1727 1481 1756 tam
1516 1732 1555 1756 re
1586 1726 1624 1756 et
1653 1731 1718 1755 so-

285 1767 459 1802 lennibus
484 1780 564 1801 cum
588 1770 818 1812 cerimoniis,
851 1782 957 1816 quam
979 1771 1121 1812 verbis,
1154 1770 1347 1804 attributas
1376 1781 1487 1816 quum
1510 1767 1717 1804 studeamus

288 1814 460 1848 distincto
492 1815 754 1863 perspicuoque
780 1822 818 1851 et
842 1822 1006 1851 accurato
1031 1828 1192 1852 sermone
1225 1818 1420 1863 persequi,
1457 1827 1613 1862 aequum
1642 1827 1719 1850 non

286 1867 478 1907 putamus,
514 1873 535 1895 o
569 1862 700 1904 amici,
734 1875 814 1898 cum
846 1865 953 1899 dictis
988 1863 1200 1898 tractationi
1257 1865 1367 1897 finem
1407 1864 1457 1896 im
1485 1873 1622 1903 onere,
1653 1861 1720 1896 sed

288 1908 411 1952 potius
445 1918 591 1942 necesse
626 1908 790 1952 videtur,
823 1915 884 1953 ut,
920 1910 1036 1958 (quod
1074 1911 1229 1944 maxime
1267 1910 1373 1944 nobis
1405 1910 1446 1943 in
1473 1908 1649 1955 agandum
1682 1912 1720 1942 et

290 1953 544 1987 declarandum
568 1960 663 1996 erat,
687 1961 725 1990 et
759 1968 822 1990 vos
847 1969 869 1991 a
893 1968 951 1991 me
975 1957 1154 2003 rogastis,)
1186 1957 1330 2002 plenam
1361 1955 1527 1991 omnibus
1561 1955 1718 1989 numeris

289 1999 543 2045 perhibeamus
568 2002 832 2046 expositionem
859 2003 904 2038 de
927 2003 1232 2050 praesessionibus
1258 2009 1295 2037 et
1315 2001 1577 2048 praecedentiis
1593 2001 1722 2034 harum

292 2046 517 2090 dignitatum.
565 2047 756 2092 Propterea
779 2051 969 2096 repetituri
985 2055 1158 2097 tanquam
1181 2050 1222 2084 in
1243 2049 1546 2094 recapitulatione
1570 2047 1641 2080 iam
1664 2046 1721 2080 di-

292 2096 430 2125 ctarum
457 2093 669 2138 dignitatum
693 2097 860 2137 nomina,
896 2096 1063 2130 dabimus
1089 2108 1186 2130 nunc
1209 2107 1367 2141 operam,
1394 2099 1434 2127 ut
1457 2095 1634 2139 cuiusque
1657 2104 1719 2126 or-

295 2136 420 2171 dinem
447 2145 484 2172 et
506 2140 787 2184 appellationem
812 2147 850 2176 et
871 2143 1051 2188 propriam
1076 2141 1198 2176 sedem
1213 2142 1473 2187 perspicueque
1487 2140 1718 2185 breviterque

299 2189 470 2229 tanquam
497 2186 535 2218 in
560 2196 695 2220 canone
720 2188 877 2233 quodam
901 2193 964 2222 aut
983 2188 1157 2222 laterculo
1183 2187 1414 2224 declaremus,
1449 2186 1602 2232 Oportet
1623 2186 1722 2220 enim

295 2230 507 2264 artoclinam
531 2257 540 2272 ‚
571 2234 671 2266 cuius
698 2238 752 2266 est
776 2234 970 2280 dignitates
994 2234 1042 2268 ad
1069 2245 1201 2268 sacram
1224 2245 1383 2268 mensam
1406 2244 1600 2267 assessuras
1624 2233 1720 2266 intro

295 2287 441 2318 vocare,
474 2288 594 2311 omnes
619 2290 678 2312 eas
700 2280 814 2324 probe
839 2292 943 2315 nosse
958 2307 968 2323 ,
990 2291 1240 2327 sacrorumque
1268 2280 1510 2326 imperialium
1534 2279 1722 2314 convivio-

297 2334 377 2356 rum
404 2323 615 2357 cerimonias
640 2331 677 2359 et
700 2326 936 2362 directionem
968 2328 1108 2372 gemino
1145 2326 1252 2361 modo
1288 2328 1426 2369 facere,
1464 2327 1604 2360 scilicet
1633 2336 1722 2360 voce

296 2369 484 2414 dignitatis
508 2371 636 2417 cuique
661 2372 831 2416 singulari
854 2375 930 2408 viro
944 2375 1112 2420 propriae
1125 2374 1404 2419 appellationem
1418 2374 1664 2419 pronuntiare,
1684 2376 1723 2406 et

300 2416 410 2450 simul
433 2415 558 2450 dextra
581 2429 686 2451 manu
711 2425 883 2466 gestuque
908 2420 1036 2455 decoro
1055 2427 1093 2455 et
1117 2425 1289 2454 consueto
1310 2425 1571 2466 competentem
1590 2419 1722 2465 cuique

301 2473 408 2495 suum
436 2463 555 2498 locum
578 2463 776 2510 assignar03
810 2469 1032 2514 amicumque
1055 2466 1205 2502 Domini
1228 2478 1330 2509 eum,
1356 2468 1419 2514 qui
1443 2467 1581 2512 primus
1604 2467 1723 2500 intro-

296 2514 445 2542 vocatur
459 2535 468 2549 ‚
504 2510 550 2543 ad
573 2511 753 2545 sinistram
775 2514 923 2548 Domini
946 2526 1091 2549 manum
1113 2514 1298 2559 ablegare,
1321 2526 1392 2560 quo
1415 2524 1544 2560 nempe
1565 2523 1630 2546 sua
1648 2523 1724 2545 ma-

297 2556 407 2588 iestas
431 2557 487 2589 illi
512 2557 629 2602 primo
653 2565 778 2594 vocato
813 2572 855 2595 eo
891 2561 1034 2595 facilius
1067 2559 1360 2606 commodiusque
1400 2560 1509 2605 dapes
1540 2558 1723 2605 porrigere

297 2603 421 2646 possit.
473 2602 638 2638 Secundo
661 2610 780 2640 autem
805 2607 885 2642 loco
909 2614 1074 2643 vocatum
1100 2607 1147 2641 ad
1180 2606 1339 2641 dextram
1363 2607 1548 2652 ablegare3
1581 2609 1618 2640 0¹³
1640 2615 1724 2651 ΡΝ·

298 2647 451 2700 clamare
482 2648 551 2683 hoc
584 2655 741 2686 tenore:
775 2653 990 2690 Patriarche
1033 2654 1421 2699 Constantinopoleos;
1446 2654 1585 2688 Caesar
1600 2664 1615 2696 ,·
1645 2651 1724 2685 No·

296 2694 490 2740 bzliuime5
529 2697 756 2743 curopalata
769 2716 783 2747 ,-
807 2701 1084 2749 Basileopator5
1107 2701 1213 2737 Zone
1242 2702 1417 2746 patricia,
1486 2699 1563 2734 Hae
1594 2707 1724 2743 nempe
