1878 3112
321 104 393 143 ΒΕ
435 100 705 143 CER1MON.-
732 99 911 141 Auula
947 98 1167 140 BYzAN‘r.
1206 101 1258 139 ιι.
1295 101 1346 144 15
1428 79 1539 153 579

111 201 207 258 ἔστη
235 201 355 246 ἔνθεν
379 205 572 245 ‚canet-‘hv
599 202 624 256 ἧ
651 203 724 243 τοῦ
761 201 1034 255 δρουγγαρίου
1070 201 1152 243 τῶν
1189 200 1371 252 πλοΐμων
1415 196 1576 244 οὐσίαι)

112 271 187 312 καί
209 267 231 309 ὃ
258 271 392 323 μέγας
418 268 667 324 πάμφυλος,
711 265 984 318 βαστάζοντες
1013 263 1167 319 ὃόρκας
1206 264 1278 306 καί
1300 264 1352 307 τιὶ
1381 262 1544 306 ἑαυτῶν

114 336 341 391 φοροῖντες
368 331 553 375 anama.
609 332 655 372 ἐν
682 332 729 372 δὲ
754 331 803 387 τῇ
831 330 972 387 πρώτῃ
1011 332 1145 386 σχολῇ
1171 332 1242 372 καί
1269 331 1326 386 τῷ
1353 329 1543 386 τρικλίνῳ

112 402 194 442 τῶν
234 399 479 452 ἑξκουβίτων
516 400 594 446 ἕως
629 397 703 438 τοῦ
743 395 870 436 αὐτοῦ
908 396 1193 450 τριβουναλιόυ
1223 394 1400 450 ἔστησαν
1427 393 1546 436 ἔνθεν

86 461 303 506 5κᾶκεῑθεν
330 463 375 505 αἱ
403 463 542 504 οὐσίαι
567 464 649 504 τῶν
677 457 939 516 παμφύλων,
986 458 1259 513 βαστάζοντες
1286 460 1438 516 δόρκας
1477 462 1550 501 καὶ

112 529 162 572 τὰ
188 525 355 571 ἑαυτῶν
381 530 605 585 φοροῦντες
630 527 814 568 anama.
872 524 910 567 οἱ
942 526 989 567 δὲ
1031 521 1232 581 ἄρχοντες
1255 528 1336 568 τῶν
1366 527 1548 579 πλοΐμων

114 594 291 649 ἔστησαν
318 592 391 634 καί
418 593 541 634 αὐτοὶ
569 589 690 633 ἔνθεν
715 591 919 643 κάκεῖθεν,
947 591 1117 639 ἕκαστος
1140 593 1200 641 εἰς
1228 590 1305 646 τήν
1332 590 1446 632 ἰδίαν
1474 590 1550 632 ου’-

114 660 239 706 σίαν,
293 660 338 701 ἐν
369 660 415 700 δὲ
442 660 498 715 τῷ
523 658 795 714 τριβουναλίῳ
832 655 931 711 ἔστη
967 655 1090 698 ἔνθεν
1116 653 1309 699 κάκεῖθεν
1335 655 1360 712 ἧ
1390 662 1743 709 πολιτι-Εῲῃ,335

118 722 169 779 κὴ
195 723 303 776 μετὰ
331 725 414 766 ταῖν
442 723 720 778 συστημάτων
747 725 822 763 καί
844 723 927 763 τῶν
951 721 1070 763 ἰδίων
1099 719 1325 775 ἀρχόντων,
1371 721 1554 779 φορούν·

68 802 202 832 ιοτων
227 791 309 830 τῶν
333 791 412 842 μὲν
447 784 663 843 ἀρχόντων
699 785 751 828 τά
790 788 833 837 ἓξ
865 787 1065 839 χλανίδια
1100 789 1185 827 τῶν
1221 789 1463 842 σεκρετικῶν
1501 786 1553 835 τὰ

114 853 353 906 πλατώνια,
401 851 439 894 οἱ
468 854 515 894 δὲ
542 853 681 894 λοιποὶ
707 850 856 900 πάντες
893 849 944 892 τά
973 849 1100 892 λευκά
1125 853 1325 904 χλανίδια
1361 855 1444 895 τῶν
1480 869 1558 896 τα-

114 921 348 974 γματικῶν.
401 916 475 960 καί
514 911 688 959 ὄπισθεν
717 916 864 958 αιῖταῖν
891 915 1061 969 πλόῖμοι
1085 914 1363 969 βαστάζοντες
1390 915 1556 974 δόρκας,

118 987 339 1042 φοροῦντες
364 985 438 1026 καί
461 981 512 1026 τὰ
540 980 703 1024 ἑαυτῶν
730 980 891 1024 σπαθία
907 1009 921 1023 .
975 983 1036 1033 εἷς
1064 983 1112 1023 δὲ
1137 980 1209 1024 τὸν
1238 984 1444 1038 τρίκλινον
1471 986 1557 1026 τῶν

117 1051 281 1104 σχολῶν
306 1047 428 1091 ἔνθεν
456 1048 649 1089 κάκεῖθεν
678 1045 860 1102 ἔστησαν
886 1043 1056 1100 πλόϊμοι
1082 1045 1361 1100 βαστάζοντες
1389 1048 1555 1104 δόρκας,

70 1117 344 1172 ι5φοροῦντες
379 1113 453 1155 καί
487 1112 540 1155 τὰ
579 1110 742 1154 ἑαυτῶν
784 1110 973 1154 ana-91¹1».
1027 1109 1187 1154 ἔσωθεν
1228 1113 1276 1154 δὲ
1300 1115 1374 1167 τῆς
1396 1118 1559 1170 χαλκῆς

123 1178 255 1235 πύλης
281 1177 456 1234 ἔστησαν
481 1176 601 1220 ἔνθεν
626 1177 817 1219 κᾶκειᾪεν
844 1176 883 1218 οῖ
917 1174 1176 1229 Τουλμάτζοι
1209 1177 1316 1230 μετά
1362 1180 1558 1235 φλαμού-

121 1250 225 1297 λων,
263 1241 537 1298 βαστάζοντες
564 1241 739 1298 δόρκας,
780 1244 1005 1298 φοροῦντες
1030 1241 1083 1285 τά
1110 1240 1269 1285 ἑαυτῶν
1295 1246 1458 1287 ona-‘Ha
1484 1244 1559 1286 καί

120 1309 428 1366 τοξοφάρετρα.
482 1306 639 1359 ἔξωθεν
666 1309 714 1350 δὲ
741 1309 817 1348 τοῦ
840 1310 1066 1362 καγκέλλου
1093 1310 1168 1362 τῆς
1194 1311 1351 1363 χαλκῆς
1377 1307 1592 1364 ἔστησανΒ

122 1374 333 1429 πάχωμα,
372 1372 410 1415 οἱ
446 1375 525 1426 μὲν
551 1372 656 1428 πρὸς
682 1370 729 1414 τό
756 1373 883 1427 μέρος
910 1374 994 1414 τῶν
1022 1375 1264 1428 νουμέρων,
1312 1372 1350 1415 οἱ
1379 1375 1426 1415 δὲ
1452 1373 1558 1429 πρὸς

69 1438 197 1494 aot-3121
222 1437 416 1493 καμάραν
447 1440 524 1480 τοῦ
548 1439 706 1490 μιλίου.
771 1436 810 1478 οἱ
836 1438 975 1478 λοιποί
998 1436 1167 1489 πλόϊμοι
1192 1437 1270 1479 -καί
1297 1437 1335 1479 οἱ
1366 1440 1561 1493 περισσοὶ

125 1506 209 1546 τῶν
240 1502 510 1556 Ταλματζίων
541 1503 614 1543 καί
646 1499 686 1543 οἱ
724 1502 997 1554 βαπτισμένοι
1026 1500 1129 1550 Ῥῶς
1153 1501 1259 1554 μετὰ
1289 1499 1556 1557 φλαμοὺλων,

125 1567 402 1623 βαστάζοντες
435 1564 661 1622 σκουτάρια
678 1597 690 1620 ,
740 1568 966 1621 φοροῦντες
1002 1564 1077 1608 καὶ
1115 1564 1168 1608 τὰ
1194 1562 1356 1612 ἑαυτῶν
1382 1568 1556 1612 σπαθία,

130 1741 171 1771 et
192 1735 298 1769 illinc
329 1734 512 1780 drungarii
538 1734 753 1779 plo'imorum
782 1744 846 1768 seu
885 1733 1149 1768 classiariorum
1187 1736 1266 1769 usia
1293 1733 1365 1781 [vel
1387 1735 1554 1783 familia]‚

131 1788 169 1816 et
191 1793 338 1826 magnus
363 1781 574 1826 pamphylus
599 1792 663 1814 sen
689 1782 892 1826 praefectus
918 1780 1192 1826 pamphylorum
1228 1781 1280 1827 [id
1311 1787 1367 1815 est
1397 1784 1556 1817 militum

129 1820 345 1875 navaliumq,
379 1833 558 1872 gestantes
594 1827 717 1861 ‹lox-ms
750 1826 827 1873 [seu
860 1833 961 1860 scuta
993 1826 1165 1874 coriacea]
1200 1834 1238 1862 et
1278 1828 1420 1873 spathas
1460 1841 1554 1864 suas.

130 1877 174 1909 In
199 1876 312 1920 prima
338 1874 461 1908 schola
486 1880 524 1907 et
547 1875 587 1908 in
617 1874 776 1907 triclinio
800 1873 1052 1907 excubitorum
1076 1885 1189 1919 usque
1215 1873 1263 1907 ad
1291 1875 1452 1909 tribunal
1475 1882 1554 1910 sta-

130 1921 223 1955 bant
245 1919 332 1954 hinc
357 1926 396 1954 et
421 1919 525 1953 illinc
547 1920 706 1954 familiae
730 1919 1003 1965 pamphylorum
1018 1944 1029 1960 ,
1062 1925 1240 1964 gestantes
1265 1920 1389 1955 dorcas
1417 1927 1455 1955 et
1471 1933 1557 1967 spa-

131 1967 212 2002 thas
234 1977 326 2000 suas.
372 1967 597 2011 Magistratus
621 1967 835 2011 plo'imorum
858 1977 922 1999 seu
946 1966 1208 2000 classiariorum
1238 1967 1380 2001 stabant
1407 1967 1495 2002 hinc
1517 1973 1556 2002 et

131 2014 259 2053 illinc,
282 2013 437 2058 quisque
463 2024 574 2057 penes
596 2013 767 2046 familiam
791 2016 829 2046 et
857 2012 1040 2046 cohortem
1063 2023 1175 2046 suam.
1222 2013 1262 2046 ln
1282 2013 1457 2048 tribunali
1480 2019 1556 2048 sta-

133 2060 196 2094 bat
218 2059 304 2093 hinc
327 2065 364 2093 et
386 2059 488 2092 illinc
512 2060 661 2104 politice
684 2070 748 2093 sen
770 2070 899 2103 corpus
932 2060 1158 2104 magistratus
1183 2059 1314 2093 urbani
1337 2071 1418 2093 cum
1441 2067 1557 2104 syste-

133 2104 290 2141 natibus
321 2117 384 2139 seu
431 2105 639 2150 corporibus
675 2106 906 2150 collegiorum
949 2106 1166 2139 urbanorum
1200 2110 1240 2140 et
1273 2106 1556 2152 uniuscuiusque

132 2152 278 2197 collegii
301 2151 499 2196 praefectis3
526 2163 679 2197 quorum
700 2151 741 2185 hi
765 2150 912 2196 quidem
936 2161 999 2185 sex
1025 2153 1164 2185 tunicas
1187 2156 1452 2194 secl-eticorum,
1475 2155 1558 2198 pla-

133 2199 236 2232 tonia
261 2197 390 2238 dictas,
409 2199 519 2232 ceteri
542 2210 665 2232 omnes
689 2197 859 2232 candidas
882 2198 1151 2243 tagmaticorum
1176 2200 1316 2233 tunicas
1354 2200 1554 2245 gestabant.

136 2244 220 2278 Post
241 2255 302 2277 eos
325 2245 468 2278 stabant
487 2245 614 2289 plo'imi
636 2245 692 2278 vel
714 2249 859 2284 nautae,
883 2250 1060 2289 gestantes
1087 2244 1210 2278 dorcas
1234 2251 1272 2280 et
1294 2246 1440 2291 spathas
1464 2257 1556 2278 suas.

137 2290 183 2323 In
203 2290 362 2324 triclinio
397 2290 598 2324 scholarum
626 2290 770 2324 stabant
798 2290 843 2325 ab
877 2297 1028 2336 utraque
1064 2297 1166 2336 parte
1194 2291 1341 2336 plo'n'mi‚
1379 2297 1558 2337 gestantes

140 2335 263 2368 dorcas
291 2341 329 2369 et
361 2336 503 2381 spathas
532 2349 623 2371 suas.
674 2338 768 2370 Intra
801 2336 948 2370 chalcen
981 2349 1045 2371 seu
1068 2342 1207 2382 portam
1238 2349 1387 2372 aeneam
1415 2337 1562 2371 stabant

142 2379 230 2414 hinc
253 2386 290 2414 et
310 2382 414 2414 illinc
453 2383 657 2417 Tulmatzae
683 2382 754 2430 [vel
777 2382 984 2416 Dolbatschi
1008 2389 1071 2417 aut
1092 2384 1292 2430 Dalmatae]
1317 2396 1395 2420 cum
1418 2384 1562 2417 flamal-

145 2426 203 2466 lis,
227 2432 404 2471 gestantes
430 2427 553 2463 dorcas
576 2435 614 2463 et
634 2428 777 2473 spathas
793 2433 830 2461 et
850 2429 1031 2473 pharetras
1054 2440 1135 2463 cnm
1157 2430 1307 2473 sagittis,
1350 2432 1457 2465 Extra
1476 2440 1563 2463 can-

145 2473 276 2506 cellum
298 2471 436 2520 phalces
460 2476 519 2508 vel
549 2486 682 2509 aeneae
714 2480 839 2519 portae
870 2475 989 2508 stabat
1019 2475 1214 2519 pachoma,
1261 2475 1326 2520 [id
1369 2482 1423 2509 est
1457 2477 1563 2509 turba

144 2519 328 2559 miscella,
358 2525 399 2552 ut
426 2519 599 2567 videtum}
622 2532 702 2566 pars
735 2522 774 2553 in
807 2526 921 2553 tractu
957 2530 1077 2554 versus
1103 2531 1295 2561 numeros,
1330 2533 1408 2567 pars
1441 2533 1564 2557 versus

146 2575 316 2598 camaram
342 2570 405 2598 aut
426 2565 599 2600 fornicem
621 2568 728 2607 milii,
751 2567 885 2611 reliqui
912 2578 1042 2612 nempe
1060 2567 1187 2611 ploimi
1210 2572 1247 2600 et
1267 2568 1566 2611 superabundan-

145 2615 200 2644 tes
227 2610 449 2650 Talmatzae,
473 2623 564 2656 quos
591 2623 718 2656 capere
741 2623 804 2646 sua
829 2613 936 2646 statio
961 2623 1035 2646 non
1083 2617 1235 2651 emerat,
1259 2614 1346 2646 item
1375 2615 1475 2648 Bessi
1498 2615 1566 2650 ba-

145 2656 275 2703 ptizati
297 2667 376 2691 cnm
397 2656 580 2699 flamuuis,
598 2663 775 2704 gestantes
795 2663 896 2692 scuta
918 2663 956 2705 et
976 2624 1132 2704 spathas.
1158 2658 1373 2695 Triennium
1398 2661 1568 2697 Iustinia-
