1878 3112
370 159 444 200 m:
482 156 742 201 cERmoN.
783 156 962 197 AULAE
991 154 1222 197 ΑΒΥΖΑΝΤ.
1263 156 1297 194 1.
1323 155 1394 203 69.
1499 131 1612 207 339

173 263 264 303 διον
290 258 481 314 ἐκβάλλει
495 292 510 312 ,
550 261 625 301 καί
658 255 793 307 οὕτως
833 253 1104 307 ἇκασσίδοτος
1142 257 1387 311 καταβαίνει
1423 255 1502 304 ἕως
1529 254 1613 296 τῶν

171 326 334 382 θυρῶν.
362 322 528 380 ἡνίοχος
554 322 629 367 ἐὰν
654 322 761 380 λάβῃ
791 322 910 379 ῥάξιν
937 323 998 372 εἰς
1023 320 1094 364 τὸν
1112 320 1302 375 καμπτὸν
1321 321 1398 364 τοῦ
1414 318 1614 371 Βενέτου,

143 394 145 396 ’
174 393 249 434 καί
274 385 438 448 οἷπέλθῃ
459 392 538 440 ἓως
562 391 641 432 τοῦ
666 391 869 443 σχοινίου,
896 382 1024 444 ἤγουν
1048 389 1121 443 τῆς
1143 387 1340 444 δευτέρας
1359 388 1519 442 λευκῆς,
1542 382 1615 426 καὶ

173 455 340 515 πατήσῃ
368 455 391 498 ὅ
418 452 635 512 α’ριστερὸς
658 452 793 496 αὐτοῦ
820 452 895 509 τὴν
916 449 1047 509 αὗτην
1075 454 1275 510 δευτέραν
1293 450 1455 509 λευκὴν,
1482 450 1615 494 ἔπαυ-

147 531 239 575 5⁶8.
264 519 442 578 ἡνίοχος,
472 521 676 576 ἀγομένου
705 521 783 563 τοῦ
809 522 948 575 βαΐου,
983 517 1061 563 ἐὰν
1086 518 1249 577 ζυγώσῃ
1272 516 1379 573 μετὰ
1398 518 1475 560 τοῦ
1495 519 1615 559 ἐναν-

159 583 264 632 ’τίου
290 587 440 642 αὐτοῦ’,
468 586 542 629 καί
567 588 729 644 δυνηθῇ
747 586 949 629 ’ἄπλῶσαι
976 584 1052 642 την
1075 591 1201 642 χεῖρα
1244 582 1377 627 αὑτοῦ
1413 584 1486 626 καί
1512 582 1616 624 α’πο-

172 655 435 697 κασσιδαῗσαι
460 649 603 706 αὖτὸν,
628 648 707 695 κᾶν
729 647 998 708 ὄπισθότερός
1017 653 1143 705 ἔστιν,
1171 652 1343 706 ἒνὺτησε,
1371 648 1446 692 καί
1467 648 1490 690 ὅ
1511 648 1617 691 οἷπο-

172 718 450 768 κασσιδωθείς
465 720 653 775 ἐλείφθη.
679 718 856 775 ἡνίοχος,
877 713 1082 773 ἀγομένου
1103 719 1183 759 τοῦ
1198 718 1339 771 βαΐου,
1368 714 1442 758 ἐὰν
1462 715 1615 771 ἐκπέσῃ

173 783 223 827 τὸ
253 784 468 828 κασσίδιον
495 784 652 839 αὐτοῦ’,
703 783 780 827 ἐὰν
806 782 1044 839 ἔμπροσθέν
1069 783 1159 825 ἔστι
1172 816 1186 837 ,
1233 783 1308 824 καί
1327 783 1550 838 τρέχουσιν
1577 776 1618 820 οἵ

126 852 294 900 minum
322 848 455 894 αὖτοῦ
482 848 610 893 πλείω
638 852 723 892 τῶν
749 846 947 907 ἁρμάτων
968 845 1089 902 ὅλων,
1117 846 1281 905 ποιήσει
1313 844 1516 904 περισσῆν
1542 843 1656 887 dail)

174 915 342 963 παύσει,
864 933 867 935 >

494 994 596 1040 Περὶ
619 994 689 1028 τοῦ
711 992 902 1041 κρεμάσαι
928 993 994 1028 καὶ
1017 990 1298 1039 ἀποκρεμάσαι.

284 1061 456 1104 Εἷδέναι
484 1062 559 1115 δεῖ,
589 1056 679 1115 ὅτι,
706 1058 783 1102 ἐὰν
810 1058 1023 1118 κρεμάσῃ,
1050 1058 1124 1102 καί
1148 1057 1224 1114 τὴν
1248 1058 1414 1114 ,ἡμέραν
1441 1058 1521 1099 τοῦ
1546 1055 1618 1100 ἶπ-

174 1126 300 1169 mxu&
325 1129 470 1185 συμβῇ
491 1127 687 1182 γενέσθαι
716 1123 848 1182 ἆέρα,
886 1124 961 1168 καί
985 1125 1063 1167 οὐκ
1090 1124 1208 1182 ἀχθῇ
1236 1122 1281 1166 τὸ
1308 1120 1499 1176 ἱππικὸν,
1536 1119 1812 1169 κᾶνΜε.ι33.1)

125 1191 228 1240 ι5τά
250 1186 418 1250 ,ὄργανα
441 1193 698 1236 κατέλθωσιν
726 1188 810 1235 dud
846 1193 921 1247 τῆς
948 1191 1061 1242 ἰδίας
1085 1189 1226 1234 αὖτῶν
1256 1190 1454 1245 στάσεως,
1494 1189 1541 1231 τὸ
1575 1191 1623 1233 δὲ

172 1257 373 1316 βηλᾶριον
406 1261 634 1315 κρέμαται,
689 1258 718 1314 ἦ
752 1259 931 1314 κομβίνα
960 1259 1044 1300 ταῖν
1073 1256 1286 1313 ἱππαρίων
1336 1259 1410 1299 καί
1437 1254 1491 1305 τὰ
1522 1256 1623 1311 κάγ-

171 1328 297 1367 κελλα
338 1323 539 1382 αἴρωνται
583 1324 690 1367 κατὰ
726 1323 801 1380 τὴν
862 1323 1110 1381 κυλίστραν,
1161 1321 1422 1378 ὁσασδήποτε
1463 1321 1624 1378 ἡμέρας

171 1391 308 1444 μείνει
344 1388 391 1433 τὸ
421 1388 623 1447 βηλάριον
651 1390 937 1448 κρεμάμενον,
972 1391 1013 1432 εἷ
1039 1392 1086 1432 δὲ
1120 1391 1290 1447 ἐπαρθῇ
1319 1387 1366 1432 τὸ
1396 1388 1611 1444 βηλάριον,
1622 1402 1811 1448 Ed‚1,„98

172 1452 251 1498 κᾶν
280 1455 393 1512 τάχα
421 1454 476 1500 τὰ
506 1451 664 1514 ὄργανα
693 1459 886 1500 ἵστανται
891 1489 906 1510 ,
958 1455 985 1513 ἧ
1008 1455 1185 1510 κομβίνα
1221 1457 1294 1498 καὶ
1327 1456 1380 1497 τὰ
1417 1452 1618 1509 κάγκελλα

122 1517 446 1570 αοᾶναλύονται.

618 1599 743 1648 ’Περὶ
768 1602 891 1636 ἵππου
915 1599 1163 1639 α’πολιῖοντος.

278 1663 420 1716 Ἵππος
447 1663 522 1709 ἐὰν
549 1666 737 1724 ἀπολύσῃ
753 1701 766 1721 ,
805 1665 888 1723 χρὴ
918 1667 1114 1709 ἀπελθεῖν
1139 1667 1221 1708 ταῖν
1249 1664 1326 1706 δύο
1353 1664 1501 1720 μερῶν·
1518 1660 1619 1712 τούς

179 1732 426 1789 μαΐοτωρας
439 1765 454 1786 ,
482 1734 555 1775 καί
577 1731 653 1775 ἐὰν
677 1731 766 1788 ἔχει
793 1734 1025 1789 σωτηρίαν,
1062 1732 1308 1788 κατέρχεται
1334 1732 1406 1774 ἐπὶ
1431 1727 1480 1773 τὸ
1508 1730 1622 1773 διΐπ-

275 1822 327 1856 16.
353 1818 376 1866 ἢ
398 1824 559 1870 κομβίνα
584 1822 639 1856 ed.
740 1834 793 1869 ¹7-
818 1821 995 1870 εὕρονται
1019 1822 1112 1855 coni.
1139 1823 1178 1856 R.

174 1911 292 1948 usque
312 1901 360 1934 ad
374 1906 498 1947 portas
517 1901 595 1935 sine
621 1901 759 1935 casside
780 1900 869 1936 abit.
915 1901 1050 1946 Auriga
1070 1901 1100 1932 si
1122 1900 1162 1932 in
1186 1903 1375 1932 curvatura
1396 1897 1619 1934 Venetorum

174 1958 282 1982 curru
308 1959 374 1982 suo
402 1949 576 1990 alliserit,
610 1954 648 1982 et
672 1949 719 1981 ad
748 1947 875 1990 funem
903 1958 1020 1994 usque
1041 1957 1105 1980 seu
1128 1947 1263 1979 lineam
1279 1946 1398 1980 albam
1423 1947 1619 1980 secundam

172 1997 400 2042 pervenerit,
425 2001 462 2029 et
482 1995 529 2029 ad
548 1996 731 2033 sinistram
753 1995 970 2028 constitutus
990 1995 1115 2039 auriga
1134 1993 1285 2026 eandem
1306 1994 1518 2038 contigerit,
1542 2004 1619 2026 ces-

173 2043 240 2075 s‘at-
274 2043 427 2088 Auriga,
449 2043 591 2089 prolata
609 2042 749 2088 palma,
774 2042 807 2075 si
824 2054 905 2075 cum
926 2041 1094 2088 opposito
1111 2040 1183 2074 sibi
1200 2052 1271 2074 una
1288 2041 1489 2085 procurrit,
1512 2041 1619 2086 isque

173 2098 321 2123 manum
344 2101 446 2123 suam
475 2089 679 2135 expandere
706 2094 744 2123 et
770 2088 944 2123 cassidem
969 2087 1057 2122 huic
1077 2087 1220 2121 auferre
1246 2092 1388 2133 potest,
1417 2087 1559 2120 etiamsi
1582 2087 1618 2119 ei

174 2144 196 2166 a
219 2141 319 2182 tergo
348 2137 415 2178 sit,
448 2137 536 2170 vicit
564 2143 704 2180 tamen,
735 2141 773 2170 et
800 2137 852 2179 is,
885 2136 944 2170 cui
974 2136 1082 2170 cassis
1112 2134 1293 2176 detracta,
1325 2139 1517 2179 superatus
1547 2138 1613 2166 est.

174 2181 326 2228 Auriga,
350 2184 469 2228 palma
498 2183 692 2230 producta,
722 2183 754 2217 si
781 2185 888 2217 cassis
915 2183 993 2216 eius
1018 2181 1236 2228 prociderit,
1268 2182 1298 2214 si
1323 2191 1442 2214 coram
1470 2186 1526 2213 est
1576 2185 1615 2212 et

176 2230 264 2274 equi
284 2230 360 2264 eius
375 2236 612 2276 procurrunt,
631 2232 756 2276 magis,
780 2242 888 2278 quam
910 2241 1032 2264 currus
1056 2230 1146 2271 toti,
1168 2227 1374 2262 abundabit
1390 2232 1429 2261 et
1448 2225 1617 2260 cessabit.

505 2323 548 2345 128
581 2322 681 2346 vzms
718 2321 975 2346 suspzlmnums
1001 2320 1044 2344 AC
1078 2320 1285 2343 'rotmanus-

267 2377 319 2417 Si,
333 2378 423 2412 velis
437 2380 631 2424 suspensis,
650 2380 709 2413 die
727 2380 950 2417 decursionis
968 2390 1029 2412 aer
1050 2377 1218 2412 turbidus
1237 2377 1371 2419 oritur,
1397 2380 1435 2409 et
1446 2379 1614 2422 equestre

178 2426 359 2456 certamen
378 2430 569 2470 propterea
586 2438 659 2460 non
677 2427 895 2468 instituitur,
920 2426 1063 2460 etiamsi
1083 2436 1214 2470 organa
1231 2436 1251 2456 a
1266 2435 1330 2457 sua
1352 2423 1508 2456 statione
1528 2432 1616 2466 pro-

176 2470 271 2510 latas
295 2470 414 2503 velum
433 2483 666 2517 suspensum,
685 2475 851 2507 combina
868 2484 1045 2519 equorum
1070 2478 1107 2506 et
1131 2471 1282 2504 cancelli
1308 2470 1355 2503 ad
1377 2480 1504 2502 urnam
1526 2467 1615 2500 sub-

177 2516 245 2569 lati
262 2515 354 2558 sint,
385 2518 505 2551 velum
531 2530 596 2564 per
622 2521 700 2554 dies
723 2522 868 2568 aliquot
887 2530 1100 2565 suspensum
1118 2523 1261 2552 manet:
1287 2518 1318 2550 si
1340 2527 1427 2551 vero
1452 2514 1617 2556 tonitur‚

179 2566 290 2597 enam
312 2563 454 2608 organis
473 2567 697 2610 constitutis,
721 2567 889 2601 combina
908 2572 945 2600 et
963 2565 1116 2600 cancelli
1136 2568 1360 2602 amoventur.

656 2668 700 2692 DE
722 2669 816 2699 EQUO
839 2667 992 2692 numm!
1016 2666 1130 2690 usso-

270 2720 394 2770 Equus
411 2722 443 2758 si
458 2722 628 2760 damnum
644 2724 803 2772 patitur,
824 2724 987 2772 magistri
1003 2723 1158 2760 duarum
1177 2720 1378 2758 factionum
1393 2719 1552 2762 abeunt,
1573 2721 1615 2754 et
