1832 3112
101 174 109 177 Δ
145 125 219 168 DE
259 125 392 171 VITA
429 128 503 168 ET
533 126 704 168 REBUS
745 125 928 167 GEsTls
965 123 1339 167 CONSTANTINI.
1416 125 1524 168 LVII

88 232 244 270 aerario
270 231 439 285 pecunia
454 259 467 279 ‚
497 229 635 269 refecit
655 230 701 281 ¹).
759 229 983 282 Praecipua
1011 230 1095 268 eius
1112 241 1212 269 cura
1229 228 1304 268 suit
1317 258 1329 279 ‚
1349 241 1402 268 ne
1427 243 1523 282 pro—

88 286 245 324 vinciae
271 288 388 326 novis
413 286 603 324 oneribus
629 285 891 324 turbarentur
904 313 917 336 ‚
945 291 1058 324 tanta
1084 285 1237 323 iustitia
1250 313 1262 335 ,
1296 290 1343 323 ut
1370 284 1526 324 delato-

88 354 153 379 res
167 370 181 391 ,
209 341 371 394 publico
398 342 515 380 exitio
542 348 721 393 repertos
738 369 749 390 ‚
778 340 880 378 urbe
907 338 1074 392 pelleret
1087 367 1100 389 ,
1127 345 1239 378 tanta
1266 338 1408 379 lenitas
1426 369 1438 390 ‚
1478 346 1526 378 ut

88 397 304 435 novissima
331 395 510 448 exempla
537 397 689 434 meritis
716 402 896 447 parceret
915 396 963 443 ²).
1021 394 1184 433 Ceteros
1210 396 1525 447 praeeminentes

87 451 231 502 peritia
261 450 394 504 legum
421 450 749 504 splendidissimis
776 450 1009 488 muneribus
1035 449 1214 488 admovit
1234 478 1247 500 ,
1285 457 1390 488 artes
1416 449 1525 488 mili-

87 511 195 544 tares
209 533 221 556 ‚
249 519 335 544 rem
351 505 536 544 navalem
555 535 567 553 ‚
597 519 643 544 ac
662 503 887 544 triremium
916 504 1108 543 fabricam
1123 533 1134 551 ,
1163 517 1236 556 per
1263 507 1390 544 otium
1418 506 1525 558 igno-

85 566 170 598 tam
185 589 199 612 ‚
225 562 430 599 revocavit
443 589 455 609 ‚
483 561 709 613 scriptaque
749 562 834 599 eius
881 560 1079 613 egregiam
1117 558 1262 597 horum
1288 562 1525 599 memoriam

84 614 268 666 tradunt,
296 615 443 669 quibus
469 617 665 667 exposuit,
694 614 1088 668 quantum-militum
1116 615 1158 652 in
1188 616 1326 665 armis,
1353 623 1526 668 quantae

85 671 287 709 sociorum
304 673 427 719 vires,
462 670 608 722 quibus
628 671 780 709 artibus
799 670 972 709 claustra
991 669 1150 722 imperii
1168 669 1318 708 tuenda
1338 677 1468 709 essent
1476 670 1525 721 ³).

46 729 51 733 '
85 723 309 764 Doctorum
328 725 538 764 hominum
555 727 695 778 ingens
713 732 843 764 aetate
869 724 938 763 illa
963 731 1182 776 proventus
1210 723 1301 774 fuit,
1332 738 1355 763 e
1380 725 1528 778 quibus

88 778 251 819 Simeon
279 779 594 832 Metaphrastec,
628 781 737 818 iussu
765 780 1043 828 Constantini,
1072 786 1302 817 sanctorum
1324 782 1428 818 vitas
1456 780 1528 818 de-

87 837 247 887 scripsit
261 835 293 884 ⁴)
309 864 321 884 ,
351 836 541 874 Leontius
567 835 810 888 Byzantinus
827 836 884 885 ⁵),
913 842 953 873 et
980 835 1174 872 Genesius
1188 833 1220 885 ⁶)
1235 863 1248 883 ,
1270 841 1310 872 et
1336 834 1527 873 Theodo-

87 903 159 929 rus
177 889 462 943 Daphnopates
479 891 508 939 ⁷)
535 903 701 929 suorum
715 896 946 942 temporum
963 888 1190 939 historiam,
1218 890 1376 941 scriptis
1395 889 1526 939 libris,

87 946 159 997 qui
186 946 334 998 partim
353 951 522 984 aetatem
547 944 693 995 tulere,
721 947 868 998 partim
895 945 1031 983 amissi
1058 950 1168 994 sunt,
1197 952 1524 996 composuerunt.

89 1000 279 1040 Ceterum
306 1013 449 1052 graves
474 1000 639 1054 quidam
667 1007 708 1039 et
733 999 840 1040 docti
869 1001 1081 1052 scriptores
1101 999 1411 1038 Constantinum
1438 1014 1528 1038 sae-

87 1055 235 1104 vitiae,
279 1053 480 1094 ebrietatis
520 1062 561 1094 et
601 1056 708 1094 circa
734 1068 799 1094 res
826 1054 1008 1107 publicas
1034 1053 1241 1093 socordiae
1266 1061 1440 1107 arguunt
1458 1056 1490 1104 8)
1510 1070 1524 1094 :

87 1122 191 1162 quae
216 1109 250 1148 si
277 1110 382 1148 iusta
406 1110 664 1163 reprehensio
690 1117 766 1160 est,
799 1110 989 1149 videntur
1016 1123 1063 1148 ea
1087 1109 1187 1148 vitia
1214 1116 1285 1148 aut
1315 1124 1408 1149 raro
1427 1123 1526 1164 pro·

86 1165 263 1218 rupisse,
292 1171 363 1204 aut
387 1165 608 1205 maioribus
632 1165 850 1205 virtutibus
878 1179 963 1204 esse
990 1171 1256 1218 compensata.

180 1295 419 1332 Constantino
443 1297 591 1344 potius,
627 1298 780 1332 Romani
812 1297 967 1333 iunioris
1000 1297 1100 1339 filio,
1136 1296 1435 1344 porphyrogeniti
1459 1309 1527 1332 ne-

178 1350 286 1388 pote,
309 1346 350 1379 in
376 1345 471 1379 circo
496 1347 544 1378 sit
562 1346 754 1391 repositus.

138 1390 173 1438 ι)
189 1390 299 1436 Quod
308 1391 462 1435 cangius
477 1404 522 1426 ex
534 1393 771 1438 inscriptione
793 1392 905 1425 muris
916 1391 1088 1426 Nicaenis
1111 1390 1257 1426 refectis
1274 1390 1400 1426 addita
1422 1391 1528 1425 colli-

178 1437 243 1482 git,
254 1440 351 1472 notis
363 1439 409 1472 ad
423 1439 549 1475 Zonar.
559 1451 618 1485 97.
634 1440 855 1473 eversionem
869 1444 991 1473 tamen
1008 1437 1103 1471 hanc
1121 1450 1304 1471 murorum
1317 1438 1449 1471 Leonis
1460 1439 1529 1471 Ar-

177 1483 278 1517 meni
292 1490 408 1519 aetate
421 1487 493 1519 iam
512 1486 699 1525 accidisse,
712 1486 917 1519 arbitratur.
988 1486 1033 1530 a)
1052 1483 1288 1529 Theophanis
1314 1484 1524 1518 Continuat.

178 1533 297 1576 p-a78.
310 1531 349 1567 C.
427 1533 465 1576 3)
475 1532 679 1566 videantur
687 1533 849 1573 Tactica,
862 1532 959 1566 liber
977 1531 1022 1565 de
1048 1531 1200 1576 imperio
1220 1531 1528 1571 administrando,

181 1577 300 1610 edicta
310 1578 474 1620 varia,de
493 1578 628 1625 quibus
650 1579 724 1612 alio
747 1579 828 1612 loco
857 1589 1047 1624 exponam.
1118 1578 1205 1623 [DV.
1218 1577 1347 1612 Allatii
1359 1577 1528 1611 Dian-ibe

179 1622 228 1657 de
267 1625 499 1659 simeonibus
531 1637 566 1671 p.
589 1626 645 1660 25.
672 1636 752 1671 sqq.
798 1625 926 1670 Pagius
974 1625 1015 1658 in
1061 1623 1150 1656 Crit.
1186 1625 1315 1657 Bai-on.
1353 1634 1412 1660 an.
1441 1625 1529 1668 9¹3·

181 1669 321 1704 Caveus
349 1672 389 1706 in
419 1672 513 1704 Hist.
539 1673 710 1708 Litterar.
741 1677 810 1708 cet.
903 1671 943 1711 5)
969 1670 1080 1703 Cuius
1108 1669 1438 1714 Chronographiam
1466 1670 1529 1702 Li-

179 1715 256 1749 bris
279 1717 339 1750 Iv.
365 1717 603 1752 Combefisius
626 1719 723 1752 inter
746 1717 945 1761 Scriptores
968 1721 1052 1761 post
1075 1715 1334 1760 Theophanem
1348 1741 1358 1756 ,
1393 1717 1527 1748 omisso

180 1762 332 1796 nomine
356 1764 513 1805 autoris,
546 1763 676 1801 edidit.
769 1766 808 1808 6)
835 1764 1011 1802 Unicum,
1046 1767 1224 1807 quantum
1247 1766 1408 1804 constat,
1440 1762 1528 1794 scri-

179 1810 295 1854 ptoris
319 1808 429 1844 huius
453 1811 657 1854 exemplum
683 1809 908 1843 bibliotheca
932 1807 1138 1842 academiae
1170 1808 1391 1856 Lipsiensis,
1425 1813 1530 1841 vetu-

182 1856 249 1889 stis
274 1856 453 1902 bonisque
476 1857 581 1890 libris
604 1857 748 1895 referta,
773 1861 898 1890 servat.
944 1855 1028 1888 Non
1051 1855 1138 1887 satis
1161 1860 1323 1888 accurate
1348 1855 1434 1888 olim
1459 1854 1527 1887 de-

180 1902 356 1947 scriptum
379 1909 435 1937 est
469 1914 491 1935 a
514 1905 564 1937 Io.
589 1901 696 1937 Andr.
726 1903 855 1942 Bosio,
893 1901 1136 1946 negligentius
1161 1901 1259 1944 apud
1282 1901 1441 1935 Venetos
1463 1912 1528 1934 ex·

179 1958 318 1991 cusum,
342 1955 386 1983 nt
406 1951 446 1983 in
474 1948 786 1984 observationibus
809 1949 855 1983 ad
879 1948 1157 1983 Constantinum
1180 1947 1378 1994 aliquando
1402 1952 1527 1980 osten-

179 1995 273 2029 dam.
368 1997 405 2040 7)
428 1996 472 2034 V.
497 1995 591 2031 Cave
614 2009 649 2042 p.
676 1997 755 2034 551.
780 1997 923 2040 scripsit
951 1997 1095 2039 praete'r
1126 1998 1246 2028 cetera
1267 1996 1379 2028 vitam
1404 1993 1526 2027 Theo-

181 2041 263 2075 dori
287 2042 476 2084 studitae,
499 2055 606 2089 quam
630 2043 727 2076 inter
752 2043 937 2077 Anecdota
960 2041 1098 2075 Graeca
1124 2039 1231 2077 edere
1254 2041 1422 2088 promisit
1443 2040 1520 2083 Ma->

182 2099 272 2132 gnus
298 2089 464 2130 Crusius,
498 2090 539 2123 in
570 2089 758 2124 Dissertat.
793 2089 995 2136 Epistolica
1026 2098 1105 2134 pag·
1132 2089 1188 2124 28.
1283 2088 1322 2135 8)
1344 2088 1466 2123 zonar-
1488 2097 1524 2131 p-

187 2135 263 2180 ¹9³·
312 2134 496 2171 cedrenus
525 2147 563 2182 p.
585 2137 667 2175 635.
