1878 3112
299 162 370 202 DE
408 158 666 202 mammon.
705 158 883 200 AULAE
921 156 1144 200 ssYzAN‘r.
1183 161 1236 199 ιι.
1268 158 1336 203 ιιό.
1420 128 1534 213 675

106 261 388 314 ἀποκειμένων
417 262 477 309 εἷς
502 258 547 302 τό
577 257 756 301 εἰδικόν.
784 257 916 313 ἐδόθη
955 255 1061 313 ὑπὲρ
1092 256 1269 314 ἄλειφῆς
1293 257 1374 299 τῶν
1401 253 1541 298 αὐτῶν

108 328 345 382 διφθερίων
362 358 391 380 „
414 328 504 378 ζν.
558 322 690 379 ἐδόθη
729 325 837 380 ὑπὲρ
876 320 1031 378 ἀγορᾶς
1066 321 1289 378 μαγγᾰνων
1325 322 1432 380 λόγῳ
1459 323 1542 364 τῶν

108 393 248 434 αὐτῶν
289 390 342 434 ια’
381 390 594 445 καραβίων
635 423 662 443 ,,
683 393 719 432 θ
737 390 786 438 ς’.
848 389 980 444 ἐδόθη
1030 389 1136 444 ὑπὲρ
1188 389 1344 444 ἀγορᾶς
1378 390 1543 430 κωπίων

107 457 193 498 ‘tue'
210 488 238 510 ,‚
259 454 305 500 ε’.
359 455 489 511 ἐδόθη
517 455 627 512 ὑπὲρ
659 455 953 511 ναυπηγήσεως
979 455 1063 497 τῶν
1091 454 1227 496 αὐτῶν
1254 454 1306 496 ια’
1333 451 1544 509 καραβίων

82 523 193 571 5τῶν
217 537 262 565 τε
287 522 470 576 σχιστῶν
496 521 571 563 καί
610 522 695 563 τῶν
722 517 956 577 περιβόλων
984 520 1125 562 αὔτῶν
1152 521 1225 561 καί
1254 520 1408 561 λοιπῶν
1429 552 1455 572 ,,
1477 518 1549 561 ια’.

105 587 239 643 ἐδόθη
273 587 379 644 ὖπὲρ
417 584 744 644 καλαφατὴσεως
783 587 868 629 τῶν
915 587 1052 627 αΰτῶν
1088 585 1143 627 ια’
1180 585 1392 642 καραβίων
1419 618 1448 639 ,,
1476 584 1551 640 λγ’.

115 652 249 708 ἐδόθη
277 652 384 708 ὑπὲρ
413 648 567 707 ἆγορᾶς
603 649 754 708 ἑτέρων
793 649 954 693 πανι’ων
989 651 1202 707 ῥασιακῶν
1230 652 1263 706 ρ’
1295 654 1376 694 τῶν
1402 651 1548 694 δοθέν-

107 733 192 760 των
217 716 321 760 κατὰ
349 718 589 774 περίσσειαν
617 718 678 766 εἷς
702 715 773 760 τὸν
801 713 928 759 αὖτὸν
957 714 1101 759 στόλον
1122 749 1152 771 ,,
1172 715 1232 772 κη’
1263 715 1352 771 ςιβ.
1410 714 1734 772 ἐδόθηΕᾱ.ι,39ο

108 781 212 840 ὑπὲρ
233 784 389 839 ἄγορᾶς
414 782 659 840 βυρσαρίων
683 785 832 837 βοείων
860 780 949 838 ρκβ’
964 817 993 837 ,‚
1006 801 1062 839 πη
1072 791 1110 831 V
1118 813 1132 826 .
1159 782 1284 839 ἐδόθη
1311 783 1418 839 ὑπὲρ
1448 784 1547 838 dyo·
1570 778 1575 782 ”

61 849 191 904 ιορᾶς
221 845 475 891 κεντοόκλων
503 847 538 891 σ’
558 849 643 891 τῶν
670 849 880 891 δοθέντων
910 847 1014 890 κατὰ
1044 851 1287 904 περίσσειαν
1313 847 1466 902 ὁμοίως
1486 851 1547 899 εἰς

107 911 153 956 τὸ
184 912 399 968 βασιλικὸν
425 911 602 966 πλόϊμον
619 947 647 967 ,,
670 915 755 970 κῆρ
831 949 844 960 .
871 914 1002 969 ἐδόθη
1039 915 1148 970 ὑπὲρ
1181 916 1336 970 α’γορᾶς
1363 915 1547 957 κιλικίων

111 996 148 1040 ,α
167 981 251 1022 τῶν
269 978 344 1034 ς’,,
358 977 439 1036 ρξς’
459 978 532 1032 ςς’.
558 980 687 1035 ἐδόθη
707 979 814 1035 ὖπὲρ
836 980 992 1035 ἆγορᾶς
1006 982 1200 1037 σχοινίων
1224 980 1456 1037 λεπταρίων
1478 982 1620 1023 καίΜε.
1637 985 1740 1022 226.b

107 1047 351 1100 χαρταρίων
376 1047 451 1087 καί
479 1047 626 1100 λοιπῆς
655 1044 799 1096 ἐξόδου
818 1079 845 1098 „
866 1042 916 1093 ις’
949 1043 1027 1096 ςς’.
1055 1043 1162 1103 λόγῳ
1181 1047 1353 1099 ποιῆσαι
1375 1046 1551 1100 ἅτεγίων

111 1109 318 1152 κιλικίνων
345 1111 381 1165 ρ’
404 1143 433 1163 ,,
447 1120 595 1166 ρπγν.
623 1109 753 1166 ἐδόθη
781 1110 888 1166 ὑπὲρ
918 1106 1075 1166 ἆγορᾶς
1101 1113 1320 1166 κασιτέρου
1348 1114 1485 1167 altem
1514 1109 1549 1154 σ’

61 1179 141 1228 15„
159 1173 238 1218 λδ’.
291 1174 422 1231 ἐδόθη
449 1173 554 1232 ὑπὲρ
583 1177 737 1231 α’γορᾶς
762 1175 1036 1231 χαλκώματος
1064 1177 1204 1232 λίτραι
1233 1174 1267 1219 σ’
1289 1210 1317 1230 ,,
1336 1174 1402 1233 ιη’.
1457 1177 1553 1220 ἐδά-

109 1244 171 1297 θη
198 1240 304 1297 ὖπὲρ
333 1241 489 1297 ἆγορᾶς
509 1241 745 1298 σκαφιδίων
764 1240 1025 1298 στρογγύλων
1052 1240 1246 1297 μεγάλων
1263 1244 1299 1299 ρ’
1321 1277 1347 1295 ,‚
1370 1243 1437 1296 ιβ’.
1465 1241 1552 1287 ἐδό·

110 1309 171 1361 θη
205 1303 310 1364 ὖπὲρ
347 1307 502 1364 ἀγορᾶς
533 1309 769 1364 σκαφιδίων
799 1309 1056 1363 μικροτέρων
1079 1307 1127 1365 ρ’;
1155 1307 1227 1362 κγ’.
1280 1308 1408 1364 ἐδόθη
1440 1308 1549 1364 ὑπὲρ

111 1370 271 1430 ἆγορᾶς
314 1374 551 1428 καλδαρίων
585 1370 636 1418 σέ
663 1371 738 1428 λγ’.
793 1373 918 1428 ἐδόθη
963 1370 1072 1428 ὑπὲρ
1117 1374 1274 1428 ἄγοριῖς
1317 1377 1555 1417 καπουλίων

113 1441 151 1499 β
171 1471 199 1492 ‚,
222 1437 281 1491 μ’.
333 1435 463 1494 ἐδόθη
497 1438 603 1494 ὖπὲρ
629 1435 782 1494 ἆγορᾶς
802 1440 1019 1494 πτυαρίων
1042 1456 1080 1498 ,α
1102 1471 1129 1491 ,,
1156 1439 1223 1480 ιδ’.
1276 1438 1405 1493 ἐδόθη
1437 1439 1580 1494 ὖπὲρΒ

57 1503 268 1558 ποιῖγορᾶς
289 1499 443 1557 ἑτέρων
468 1501 608 1543 κάδων
639 1506 898 1557 μικροτέρων
919 1500 950 1542 ν’
977 1518 988 1544 2
1011 1501 1054 1543 ε’.
1109 1501 1235 1557 ἐδόθη
1257 1502 1363 1558 ὑπὲρ
1399 1504 1555 1559 ἀγορᾶς

110 1565 257 1624 ἐτέρου
291 1567 510 1623 κασιτέρου
545 1569 684 1623 λίτραι
720 1567 754 1608 σ’
777 1566 830 1608 τὰ
865 1568 1042 1609 δοθέντα
1078 1566 1262 1623 ΙΙΙιχαηλ
1293 1571 1403 1626 χυτῇ
1444 1566 1551 1630 λόγῳ
1603 1563 1607 1566 ’

203 1658 237 1692 9.
259 1647 475 1693 βυρσαρίων
501 1657 569 1682 em.
594 1646 654 1687 R.,
676 1647 807 1693 βυσαρ.
834 1644 911 1678 cod.
941 1649 979 1679 et
1002 1644 1057 1679 ed.

111 1713 262 1748 funibus
286 1718 324 1747 et
343 1714 513 1760 plexibus
537 1715 681 1749 funium
699 1714 937 1747 annularibus
957 1719 1134 1747 antennas
1153 1714 1398 1749 ambientibus
1419 1726 1553 1750 eorun-

114 1761 198 1795 dem
225 1773 260 1795 ιι
286 1761 448 1795 velorum
469 1773 624 1807 expensa
652 1766 738 1794 sunt
762 1773 860 1795 num.
887 1763 927 1803 3;
964 1773 1029 1806 pro
1055 1762 1215 1794 emendis
1236 1763 1395 1807 pellibus
1425 1776 1464 1797 12
1486 1774 1550 1796 ex-

115 1818 229 1853 pensa
249 1809 416 1842 numism.
435 1810 501 1851 62;
526 1820 607 1842 nam
625 1808 788 1853 reliquae
810 1819 852 1853 ¹9
868 1808 984 1852 pelles
1005 1808 1108 1842 datae
1135 1813 1220 1841 sunt
1245 1819 1290 1842 ex
1312 1810 1455 1843 illarum
1474 1821 1547 1843 nu-

115 1865 237 1896 mero,
261 1865 354 1900 quae
374 1855 415 1888 in
435 1855 531 1888 idico
555 1855 741 1900 depositae
760 1855 889 1887 iacent.
922 1855 987 1888 Pro
1009 1861 1161 1888 unctura
1182 1856 1376 1890 earundem
1397 1857 1550 1902 pellium

115 1911 261 1946 expens.
286 1912 386 1939 num,
408 1913 446 1947 7,
470 1903 559 1936 mill.
581 1913 622 1945 ⁰3
646 1912 711 1947 pro
734 1901 895 1935 emendis
919 1903 1104 1946 manganis
1129 1902 1276 1935 illorum
1305 1915 1340 1937 ιι
1369 1902 1550 1936 ‘cai-abio·

110 1959 195 1982 wm
218 1959 316 1980 num.
341 1961 384 1993 9,
406 1949 496 1983 mill.
513 1951 556 1991 63
587 1959 654 1994 pro
676 1948 837 1982 emendis
864 1948 971 1982 remis
1005 1949 1072 1993 485
1112 1959 1210 1982 num.
1238 1951 1269 1984 5.
1317 1950 1382 1983 Pro
1404 1961 1549 1996 compa-

111 1999 214 2027 ctura
237 2005 301 2027 seu
329 1994 569 2029 fabricatione
594 1995 741 2029 illorum
779 2007 813 2030 ιι
856 1993 1084 2028 carabiorum
1109 2000 1146 2028 et
1170 1996 1410 2029 cancellorum
1450 1999 1549 2042 sepi-

112 2045 390 2087 mentorumque
405 2042 570 2077 tabulata
587 2053 726 2076 summa
742 2042 963 2088 cingentium
981 2042 1276 2089 reliquarumque
1288 2048 1547 2077 structurarum

112 2087 296 2120 navalium
325 2100 424 2124 num.
455 2102 506 2124 ιι.
565 2091 630 2123 Pro
661 2089 824 2134 picatum
851 2090 998 2122 illorum
1029 2101 1064 2123 ιι
1101 2088 1328 2123 carabiorum
1360 2099 1459 2125 num.
1490 2092 1546 2125 33.

111 2134 178 2167 Pro
198 2135 358 2168 emendis
379 2148 441 2171 ιοο
462 2138 591 2182 pannis
616 2135 743 2170 crassis
781 2136 864 2169 aliis
888 2135 934 2168 ad
957 2134 1216 2169 abundantiam
1237 2137 1277 2169 in
1299 2137 1447 2171 classem
1471 2136 1547 2170 dis-

113 2180 260 2214 tributis
293 2193 389 2215 num.
410 2184 476 2224 28,
508 2184 584 2216 mil.
610 2195 667 2226 ¹23
699 2192 765 2227 pro
790 2181 951 2216 emendis
982 2182 1090 2215 coriis
1121 2183 1268 2216 bovillis
1297 2195 1360 2218 ιω
1389 2191 1545 2228 expensa

113 2236 211 2259 num.
235 2228 301 2267 88,
326 2239 371 2261 ιιι.
393 2240 433 2272 o;
466 2241 532 2275 pro
559 2229 719 2263 emendis
746 2229 962 2262 centonibus
989 2228 1152 2262 ducentis
1177 2230 1314 2273 pariter
1336 2241 1444 2275 super
1473 2242 1544 2262 nu-

114 2282 252 2305 merum
274 2277 426 2319 erogatis
451 2277 490 2309 in
514 2279 647 2320 regiam
673 2277 821 2310 classem
856 2286 1010 2320 expensa
1033 2287 1122 2309 num
1154 2277 1208 2310 28.
1246 2277 1323 2311 mil.
1355 2301 1364 2309 .
1390 2302 1397 2308 .
1424 2289 1433 2318 ς
1474 2287 1540 2320 pro

114 2319 276 2351 emendis
299 2321 427 2355 ciliciis
449 2324 563 2364 mille,
587 2324 727 2368 singula
750 2335 815 2368 pro
840 2323 935 2354 senis
958 2321 1257 2364 numismatibus,
1283 2333 1436 2367 expensa
1459 2322 1543 2356 fue-

115 2370 201 2398 runt
222 2375 318 2399 num.
347 2370 428 2409 166,
464 2370 538 2402 mil.
559 2372 591 2404 6.
640 2372 704 2403 Pro
731 2368 891 2402 emendis
914 2368 1064 2402 funibus
1088 2369 1237 2402 minutis
1261 2375 1298 2402 et
1323 2369 1454 2402 chartis
1478 2380 1542 2401 scu

115 2410 330 2444 membranis
360 2419 396 2446 et
420 2415 458 2448 in
481 2417 552 2449 alia
583 2418 783 2450 necessaria
817 2425 971 2459 expensa
1000 2414 1148 2448 fuerunt
1179 2427 1276 2450 num.
1301 2411 1364 2454 35,
1401 2415 1476 2449 mil.
1499 2417 1542 2456 63

114 2467 181 2502 pro
204 2457 379 2491 faciendis
397 2463 563 2494 tentoriis
579 2463 732 2496 cilicinis
756 2466 900 2495 centum
921 2472 999 2506 exp.
1015 2462 1183 2502 numism,
1204 2465 1287 2502 183,
1311 2462 1385 2495 mil.
1410 2473 1451 2503 ος
1475 2471 1540 2506 pro

117 2503 277 2537 emendis
307 2507 427 2539 stanni
461 2507 565 2541 libris
595 2509 759 2542 ducentis
793 2518 948 2552 expensa
975 2508 1192 2542 numismata
1213 2511 1279 2552 343
1312 2517 1377 2552 pro
1406 2517 1541 2540 aeneae

117 2551 289 2583 materiae
313 2551 416 2586 libris
442 2565 508 2588 200
534 2565 690 2599 expensa
713 2555 930 2586 numismata
959 2555 1018 2596 183
1054 2566 1120 2599 pro
1154 2554 1292 2598 scaphis
1318 2555 1455 2598 magnis
1480 2564 1541 2586 ro-

117 2595 241 2630 tundis
277 2604 419 2632 centum
455 2610 608 2646 expensa
641 2603 856 2635 numismata
881 2599 945 2643 πίῃς
977 2611 1041 2644 pro
1066 2601 1268 2634 minoribus
1291 2600 1371 2633 aliis
1397 2605 1542 2634 centum

117 2643 331 2676 numismata
364 2657 424 2689 ¹23
461 2658 525 2690 pro
557 2649 716 2681 emendis
751 2647 876 2680 ahenis
910 2646 1075 2680 caldariis
1103 2647 1265 2680 ducentis
1290 2647 1455 2684 numism,
1476 2649 1541 2688 333

117 2701 183 2734 pro
206 2689 316 2723 labris
338 2692 396 2724 vel
419 2693 517 2736 cupis
541 2693 597 2727 bis
619 2695 719 2726 mille
742 2705 837 2726 num.
859 2693 923 2736 403
946 2704 1009 2737 pro
1032 2693 1141 2726 bottis
1162 2693 1260 2725 mille
1278 2705 1374 2727 num.
1394 2692 1451 2736 ¹43
1475 2705 1540 2737 pro

116 2735 200 2771 aliis
220 2737 420 2772 minoribus
442 2738 538 2773 cadis
562 2740 619 2774 vel
643 2740 751 2774 doliis
775 2740 1033 2786 quinquaginta
1056 2750 1152 2772 num.
1167 2741 1209 2783 53
1233 2751 1297 2784 pro
1321 2739 1438 2774 adhuc
1460 2741 1542 2773 aliis
