1832 3112
305 165 377 205 DE
413 159 672 204 emmoni.
714 156 895 199 AULAE
936 154 1162 219 mmm.
1194 157 1229 196 1.
1260 159 1327 200 ιο.
1471 134 1541 209 75

99 267 236 320 τίμιον
263 262 468 320 σταυρὸν,
507 261 582 304 καὶ
618 257 907 316 προσκυνήσας
934 255 1157 300 ἐπιδίδωσι
1183 255 1283 306 τοὺς
1310 254 1463 311 κηρούς
1487 256 1546 312 τῷ

106 331 379 389 πραιποσίτῳ,
413 329 600 376 κάκεῖνος
625 328 684 383 τῷ
705 326 780 380 τῆς
806 322 1109 377 καταστάσεως,
1137 322 1211 366 καί
1239 323 1441 379 πήγνυσιν
1465 322 1547 363 αύ-

99 398 199 447 τούς
236 395 259 440 ὃ
285 398 360 452 τῆς
386 394 682 441 καταστάσεως
718 393 764 434 ἐν
802 397 890 440 τοῖς
925 393 1000 447 τῆς
1038 392 1156 445 λιτῆς
1187 386 1476 443 μανουαλίοις·
1521 383 1547 426 ὅ

100 466 149 507 δὲ
174 452 357 520 σταυρὸς
384 457 609 517 ἀνέρχεται
653 457 727 500 καί
763 459 933 500 ἵσταται
969 458 1015 499 ἐν
1041 458 1091 513 τῇ
1117 454 1241 510 βάσει
1268 449 1444 496 ὄπισθεν
1470 455 1548 495 τοῦ

74 529 306 585 ὄβασιλέως
343 526 582 584 ἔμπροσθεν
622 527 697 580 τῆς
734 525 868 579 πύλης
908 524 987 566 τοῦ
1022 523 1141 566 ναοῦ.
1197 521 1222 563 ὅ
1262 522 1310 564 δὲ
1342 519 1549 576 πατριάρ-

98 613 181 652 χης
226 592 450 649 ἀνέρχεται
487 593 532 635 ἐν
568 593 620 648 τῇ
657 590 851 649 ἐκκλησίᾳ
898 587 1003 643 μετὰ
1044 589 1128 631 τῶν
1176 585 1282 630 κατὰ
1320 583 1550 642 συνήθειαν

100 661 391 719 ἀνερχομένων
418 660 508 713 μετ’
529 654 662 700 afim&
699 660 797 699 καθ)
830 653 1023 711 ἑκάστην·
1088 653 1162 697 καὶ
1186 653 1208 697 ὁ
1246 655 1396 708 κλῆρος
1429 653 1551 694 ῗστα-

45 731 50 736 ’
100 745 173 771 ται
198 727 309 770 κάτω
335 724 441 780 μετά
466 726 544 766 τοῦ
570 723 711 764 κοινοῦ
738 724 843 765 λαοῦ
878 722 924 773 ἐξ
961 718 1187 777 ἀριστερᾶς
1224 722 1299 762 τοῦ
1325 719 1548 773 βασιλέως,

102 794 175 836 καί
198 794 270 848 τῆς
296 791 486 840 ἐκτενοῦς
514 790 784 844 τελουμένης,
812 787 1019 841 λαμβάνει
1047 783 1068 827 ὅ
1098 786 1299 840 βασιλεὺς
1326 783 1441 839 παρὰ
1470 785 1582 826 τοῦσ

55 858 384 915 ιοπραιποσίτου
412 855 552 912 κηρία,
581 856 654 896 καί
673 852 968 910 προσεύχεται,
996 851 1070 893 καί
1095 852 1221 894 πάλιν
1246 853 1419 893 δίδωσιν
1439 846 1548 892 αύτά

103 927 160 982 τῷ
186 923 468 980 πραιποσίτῳ,
498 918 521 962 ὅ
550 922 598 962 δὲ
625 918 901 976 πραιπόσιτος
928 919 985 976 τῷ
1011 920 1087 973 τῆς
1114 916 1428 970 καταστάσεως,
1471 913 1550 957 αὖε

104 988 179 1039 τός
205 990 254 1030 δὲ
289 986 491 1043 πήγνυσιν
524 984 634 1029 αὐτὰ
675 987 723 1027 ἐν
755 990 842 1035 τοῖς
879 986 955 1040 τῆς
991 986 1108 1039 λιτῆς
1140 985 1428 1036 μανουαλίοις.
1469 983 1554 1023 ’καὶ

104 1052 347 1111 παραυτίκα
374 1049 398 1093 ὅ
425 1053 502 1108 τῆς
526 1050 819 1101 καταστάσεως
858 1052 1070 1092 διευθετεῖ
1100 1048 1198 1100 τούς
1224 1065 1268 1092 τε
1304 1046 1551 1105 πατρικίους

106 1119 181 1163 καὶ
203 1117 374 1168 λοιπούς
401 1114 633 1175 ἄρχοντας,
672 1116 773 1166 τούς
798 1119 1025 1170 μέλλοντας
1063 1115 1298 1171 δηριγεύειν
1325 1113 1398 1157 τὸν
1425 1118 1548 1168 βασι-

58 1188 203 1239 ῐ5λέα,
245 1187 320 1228 καί
343 1183 706 1240 προσκυνήσαντες
732 1183 939 1238 ἀλλήλους
967 1179 1004 1235 ὅ,
1023 1198 1069 1224 τε
1095 1180 1293 1236 βασιλεὺς
1320 1179 1393 1222 καί
1418 1177 1440 1221 ὃ
1469 1197 1552 1222 πα-

107 1250 332 1309 τριάρχης,
359 1246 562 1307 ἄρχονται
587 1248 766 1305 ψάλλειν
790 1247 838 1292 τὸ
866 1249 1089 1306 τροπάριον
1108 1246 1158 1291 ,οἱ
1183 1248 1356 1302 ψάλται·
1409 1248 1553 1302 „ch-

108 1317 208 1367 στός
232 1314 425 1372 ἇνέστη.”
479 1317 572 1374 (Δ.)
601 1313 818 1358 Κάκεῖθεν
844 1313 1159 1371 δηριγευόμενος
1184 1311 1267 1355 ύπὸ
1299 1315 1384 1355 τῶν
1409 1327 1552 1368 προει-

110 1384 323 1440 ρημένων,
369 1383 584 1438 διέρχεται
609 1380 687 1436 τὴν
713 1384 847 1438 μέσην
874 1380 1126 1434 λιτανεύων,
1170 1379 1216 1423 τὸ
1247 1381 1295 1422 δὲ
1323 1380 1551 1434 τροπάριον

109 1451 247 1506 ἐν.τῇ
272 1450 347 1505 τῆς
384 1451 502 1505 λιτῆς
538 1447 719 1507 περιόδῳ
762 1444 941 1505 ἄρχεται
969 1445 991 1488 ὃ
1019 1450 1091 1503 τῆς
1117 1446 1438 1498 καταστάσεως,
1481 1445 1558 1485 καὶ

57 1515 213 1562 ,σάν-θ’
238 1510 299 1557 ὧν
323 1512 399 1570 τὴν
425 1515 557 1570 μέσην
585 1515 812 1570 διέρχεται.
869 1513 942 1556 διά
976 1529 1023 1556 τε
1060 1516 1145 1556 τῶν
1174 1511 1445 1568 ἄρτοπωλίων
1471 1509 1544 1552 καί
1552 1515 1584 1548 D

111 1582 190 1622 τοῦ
225 1579 410 1636 ταύρου,
452 1579 702 1634 καταλαβών
737 1579 809 1623 τὸν
843 1578 942 1622 ναὸν
986 1581 1059 1635 τῆς
1097 1578 1301 1632 παναγίας
1341 1575 1550 1618 Θεοτόκου

113 1647 197 1688 τῶν
232 1646 515 1700 διακονίσσης,
554 1646 796 1688 ἐπιδίδωσιν
825 1643 846 1687 ὅ
884 1644 1086 1699 βασιλεύς
1123 1645 1169 1686 τὸ
1197 1642 1443 1695 λιτανίκιον,
1478 1640 1553 1683 καὶ

113 1713 244 1765 μέχρι
281 1711 356 1752 τοῦ
392 1712 669 1767 φιλαδελφίου
709 1709 910 1764 διελθών,
945 1710 1121 1753 ἐκκλίνει
1155 1708 1203 1751 τὸ
1242 1707 1377 1757 δεξιὸν
1411 1708 1551 1762 μέρος,

114 1775 189 1817 καί
214 1773 423 1830 διέρχεται
450 1774 521 1816 διά
546 1792 592 1816 τε
619 1778 702 1818 τῶν
722 1772 945 1831 Ὀλυβρίου
975 1775 1051 1817 καί
1075 1778 1161 1817 τῶν
1189 1774 1551 1816 Κωνσταντιανῶν

62 1843 245 1897 25μέχρι
271 1841 348 1881 τοῦ
375 1839 497 1894 ἆγίου
525 1842 819 1896 Πολυεύκτου,
860 1841 1104 1893 ὑπαλλάξας
1133 1843 1180 1883 δὲ
1206 1841 1368 1883 κάκεῖσε
1396 1838 1550 1895 κηρίον,

201 1947 241 1971 2.
260 1933 399 1973 αὐτούς
420 1937 566 1978 Leich„
600 1929 694 1970 αὐτά
726 1938 806 1974 cod.
903 1939 954 1973 15.
992 1946 1128 1982 προσκ.
1161 1934 1250 1974 τούς
1285 1928 1469 1978 ἄλλῆλους
1494 1936 1549 1969 ed.

212 1995 264 2028 ¹9·
291 1985 355 2016 καὶ
378 1981 520 2019 ἀ’νθῶν
555 1995 585 2018 τ.
609 1986 693 2031 μέσ.
718 1984 907 2033 διέρχεται
938 1983 1003 2018 διά
1026 1994 1065 2018 τε
1088 1985 1164 2020 τῶν
1188 1983 1438 2031 ἄρτοπωλίων
1471 1982 1551 2017 cod.

209 2029 447 2076 ἄρτοπολίων
474 2030 531 2065 ed.

118 2100 157 2132 et
176 2109 274 2144 ponc
297 2099 553 2143 hperatorem
573 2099 706 2134 inbasi
725 2105 808 2134 ante
831 2105 972 2146 portam
996 2100 1126 2145 templi
1152 2099 1396 2133 constituitur.
1447 2098 1553 2132 Tunc

117 2145 318 2191 patriarcha
337 2146 525 2180 ecclesiam
543 2158 625 2180 cum
649 2148 717 2188 iis,
742 2148 806 2192 qui
836 2159 901 2192 pro
927 2158 1027 2180 more
1052 2147 1200 2193 singulis
1229 2147 1334 2181 festis
1363 2157 1445 2180 cum
1471 2146 1550 2188 ipso

118 2191 342 2236 procedunt,
364 2193 479 2237 petit:
515 2194 631 2227 clerus
664 2200 785 2228 autem
814 2206 895 2227 cum
918 2195 1054 2239 populo
1089 2194 1270 2227 communi
1298 2192 1344 2226 ad
1368 2194 1550 2226 sinistram

119 2239 347 2292 Imperatoris
375 2245 468 2280 stat,
502 2240 679 2286 finitaque
715 2246 883 2282 extensa,
917 2242 1114 2286 Imperator
1146 2252 1167 2273 a
1193 2240 1399 2285 praeposito
1431 2250 1553 2273 cereos

119 2290 253 2339 suunt,
275 2291 441 2329 precatur
464 2298 599 2332 eosque
628 2289 831 2332 praeposito
846 2313 856 2328 ‚
882 2289 1108 2332 praepo‘itus
1140 2287 1391 2320 cerimoniario
1419 2285 1554 2324 reddit,

121 2342 188 2376 qui
213 2342 311 2375 ipsos
346 2333 388 2365 in
421 2334 650 2368 manualibus
680 2335 918 2380 processionis
957 2335 1086 2379 refigit,
1141 2334 1244 2367 Tunc
1280 2333 1553 2366 cerimoniarius

121 2378 291 2420 patricios
313 2385 523 2425 ceterosque
550 2391 715 2424 proceres
748 2382 1003 2426 Imperatorem
1023 2381 1218 2426 stipaturos
1234 2379 1403 2419 ordinat,
1431 2381 1554 2422 hupe-

122 2428 220 2476 rator
237 2435 320 2458 vero
342 2430 379 2458 et
403 2427 604 2470 patriarcha
626 2432 815 2473 postquam
842 2439 880 2461 sc
900 2429 1054 2462 invicem
1078 2428 1298 2467 salutarunt,
1321 2427 1458 2471 psaltae
1475 2431 1554 2457 tro-

121 2479 287 2513 parium:
314 2470 476 2507 Christus
490 2474 708 2515 resur-rexit,
727 2475 918 2520 incipiunt.
965 2474 1056 2520 (IV.)
1080 2475 1203 2508 Indea
1222 2474 1414 2518 praedictis
1438 2473 1554 2515 stipa-

123 2520 265 2570 tus-per
280 2516 433 2552 mediam
455 2520 632 2563 procedit,
647 2522 846 2566 troparium
864 2532 947 2554 vero
967 2523 1005 2555 in
1029 2522 1257 2566 processione
1281 2519 1553 2553 cerimoniarius

123 2566 280 2606 incipit,
306 2567 343 2595 et
366 2571 557 2609 propterea
573 2579 639 2612 per
655 2568 810 2601 mediam
835 2569 975 2601 transit.
1000 2569 1068 2601 Per
1084 2567 1251 2601 tabernas
1273 2577 1355 2599 vero
1377 2566 1554 2610 pistorum

124 2608 319 2652 forumque
337 2611 430 2642 tauri
450 2610 651 2655 digressus,
677 2621 822 2654 sanctae
849 2615 1026 2659 Deiparae
1051 2615 1274 2648 diaconissae
1306 2611 1429 2645 aedem
1460 2612 1555 2656 petit

125 2655 321 2699 Imperator
338 2680 347 2695 2
378 2656 441 2689 ubi
466 2669 607 2692 cereum
636 2662 935 2706 processionalem
967 2661 1107 2699 reddit,
1132 2666 1169 2694 ct
1195 2660 1239 2693 ad
1265 2657 1555 2704 philadelphium

127 2712 242 2746 usque
276 2713 504 2746 progressus,
543 2717 563 2738 a
590 2706 713 2740 dextra
730 2707 923 2742 deflectens
955 2719 1020 2752 per
1043 2707 1185 2750 Olybrii
1214 2712 1251 2740 et
1279 2705 1555 2738 Constantianus

125 2745 281 2783 thermas
310 2759 422 2797 usque
443 2749 488 2785 ad
519 2752 632 2789 sancti
654 2754 838 2800 Polyeucti
867 2753 990 2796 vadit,
1026 2750 1089 2788 ubi
1121 2755 1231 2789 etiam
1263 2763 1405 2789 cereum
1428 2756 1556 2790 mutat,
