1878 3112
300 150 409 224 724
574 165 931 208 CONSTAN'rlNl
964 162 1452 204 *PORPHYROGENITI

295 269 500 326 τρικλίνου
545 265 625 307 σύν
669 268 750 308 ταῖν
789 266 1106 320 κανδηλαπτιόν.
1163 263 1210 306 τὸ
1250 265 1298 306 δὲ
1324 263 1465 306 ἔλαιον
1492 265 1572 306 τοῦ
1597 268 1727 307 πολυ-

294 330 498 389 κανδήλου
526 333 600 373 τοῦ
625 330 732 373 κατὰ
759 329 807 374 τὸ
844 332 970 384 μέσον
1007 330 1299 386 κρεμμαμὲνου
1335 332 1412 371 τοῦ
1435 331 1729 386 χρυσοτρικλί-

97 397 202 434 13¹de
214 401 282 445 420
294 417 364 443 νου
403 397 473 440 καὶ
513 400 596 438 ταῖν
640 399 793 440 λοιπῶν
833 395 1154 452 πολυκανὸήλων
1191 395 1264 438 καί
1299 399 1513 450 ψιαθιὶυν,
1554 397 1729 452 ἐπικρα-

288 466 428 508 τοῦσιν
454 461 563 505 αὐτοὶ
599 459 720 504 advoc*
747 462 786 504 οἱ
812 459 1110 517 κανδηλάπται,
1165 463 1305 516 ἐπέχει
1332 463 1378 503 δὲ
1406 462 1481 502 καὶ
1505 460 1606 510 τούς
1630 460 1729 504 λού-

288 546 388 578 στας
415 529 488 570 καί
520 526 619 576 τοὺς
647 526 886 583 καμηνάδας
912 526 986 568 καί
1009 525 1106 576 τούς
1131 526 1419 581 κανὸηλάπτας
1444 527 1522 568 τοῦ
1548 530 1752 573 λαυσια-5

287 596 364 637 κοῦ
393 593 464 636 καί
487 595 563 635 τοῦ
582 593 875 636 Ἰουστινιανοῦ
902 595 974 634 καί
999 591 1099 642 τοὺς
1127 592 1358 648 οὖρολὸγους
1382 593 1455 633 καί
1477 589 1572 641 τοὺς
1598 591 1728 647 ζαρά-
1866 630 1878 648 ι

284 665 386 715 βας,
413 660 487 702 καί
514 656 626 709 ὅστις
652 661 695 710 ἐξ
724 656 860 701 αὐτῶν
887 659 1035 716 λείψῃ,
1068 657 1155 712 ἔχει
1183 659 1373 709 ἐξουσίαν
1398 662 1531 700 ποιεῖν
1561 654 1727 712 ἀντιση-

284 729 483 780 κοῦντας,
528 725 600 768 καὶ
638 723 843 779 λαμβάνει
872 722 907 780 ρ’
936 723 1163 779 συνήθειαν
1204 725 1370 777 αὕτῶν,
1416 724 1476 772 εἷς
1514 726 1594 776 μὲν
1625 721 1726 772 τούς

281 794 577 848 πριμικηρίους
598 825 622 843 ,,
644 789 713 844 ιθ’,
742 793 814 833 καί
841 793 900 840 εἰς
925 789 1023 839 τούς
1052 791 1314 846 διαιταρίους
1341 789 1415 832 καὶ
1442 788 1613 839 λοιπούς
1642 789 1722 832 οἷνά
1872 812 1878 847 s'

281 892 308 912 ‚‚
331 857 378 911 ς’,
407 858 667 910 λαμβάνουσι
698 858 743 898 δὲ
768 859 842 898 καί
866 855 905 898 οἱ
931 853 1194 913 πριμικήριοι
1225 889 1252 908 ‚,
1275 853 1327 908 α’,
1359 854 1433 897 καί
1460 854 1481 898 ὁ
1507 854 1608 905 λαὸς
1629 890 1656 910 ‚,
1679 854 1779 900 ε’.ιο

279 926 420 978 ἐπέχει
447 925 492 965 δὲ
521 922 593 965 καὶ
622 921 644 964 ὅ
674 922 866 978 δεύτερος
889 921 940 964 τὰ
979 923 1123 964 σε’λλιά
1150 921 1222 963 καὶ
1245 919 1346 970 τοὺς
1374 923 1638 976 διαιταρίους
1657 921 1730 965 καὶ

278 988 349 1032 τὸν
375 987 638 1046 πριμικήριον
659 990 797 1031 αὐτῶν
825 990 897 1030 καί
921 986 971 1031 τὰ
998 990 1216 1041 στέμματα
1245 986 1319 1029 καὶ
1346 986 1423 1037 τοὶς
1442 989 1624 1044 ἐσθῆτας
1642 989 1725 1031 τῶν

277 1055 484 1110 βασιλέων
511 1056 583 1096 καί
609 1053 660 1097 τὰ
693 1057 802 1108 βῆλα
841 1056 915 1096 τοῦ
945 1054 1288 1110 χρυσοτρικλίνου
1327 1054 1401 1095 καί
1423 1052 1520 1103 τούς
1548 1056 1619 1096 ἐπὶ
1643 1056 1724 1097 τῶν

279 1120 516 1174 ἅλλαξᾴιων
556 1120 629 1162 καὶ
664 1118 762 1169 τούς
789 1118 1039 1175 βεστήτορας
1082 1118 1161 1162 σὺν
1196 1121 1281 1161 τῶν
1320 1119 1602 1176 πριμικηρίων
1643 1120 1724 1162 αὔ-

81 1187 360 1241 Ms.241.aw3v
386 1184 460 1227 καὶ
485 1184 536 1227 τὰ
565 1184 689 1240 σκεύη
716 1187 800 1227 τῶν
828 1185 1079 1237 α’ξιωμάτων
1107 1183 1181 1226 καὶ
1204 1183 1302 1234 τούς
1332 1183 1404 1226 ε’πί
1427 1187 1510 1227 τῶν
1533 1184 1775 1239 α’ξιωμά-ιό

239 1260 380 1304 Βτων,
410 1250 454 1293 οἳ
477 1252 550 1292 καί
572 1250 824 1304 συνάγουσιν
851 1249 1150 1302 τὰαξιιόματα
1178 1248 1292 1304 παρὰ
1321 1251 1404 1292 τῶν
1430 1251 1724 1304 λαμβανόντων

274 1315 348 1367 τὰς
376 1318 522 1368 οἷξιάς.
577 1318 650 1358 καί
677 1311 792 1365 ὅστις
820 1317 864 1366 ἐξ
897 1316 1041 1357 αὕτῶν
1071 1315 1223 1372 λείψῃ,
1267 1317 1339 1357 ἵνα
1367 1318 1543 1370 παρέχει
1571 1315 1593 1358 ὅ
1620 1318 1723 1369 μέλ-

273 1386 358 1424 λων
386 1380 578 1436 γίνεσθαι
605 1379 680 1431 τάς
708 1379 934 1436 συνηθείας
963 1381 1020 1437 τῷ
1049 1382 1257 1439 δευτέρῳ,
1307 1379 1450 1430 καθώς
1487 1383 1560 1423 καί
1587 1381 1611 1423 ὅ
1638 1399 1721 1424 πα·-

271 1449 373 1497 πιἀς
410 1445 638 1501 λαμβάνει.
691 1447 751 1496 εἰς
792 1447 839 1488 δὲ
879 1444 955 1495 τὰς
993 1444 1259 1501 προελεύσεις
1296 1447 1364 1488 ἵνα
1403 1443 1652 1501 συνάγονται
1679 1447 1720 1490 οἱ

271 1511 512 1568 βεστήτορες
543 1514 616 1553 καί
657 1510 696 1554 οἱ
724 1509 987 1568 πριμικήριοι
1014 1509 1186 1564 πάντες,
1240 1513 1314 1553 καί
1340 1509 1625 1566 βαστάζουσιν
1661 1514 1770 1556 remo

272 1580 481 1634 κορνίκλια
511 1577 591 1621 σὺν
620 1583 705 1627 τοῖς
733 1578 979 1631 στέμμασιν.
1036 1575 1297 1631 συνάγεσθαι
1326 1579 1373 1620 δὲ
1401 1577 1503 1627 τους
1530 1579 1717 1635 α’μφοτέ-

274 1660 359 1702 ρων
387 1643 646 1701 ὃιαιταρίους
672 1642 745 1686 καὶ
768 1640 990 1698 βαστάζειν
1015 1644 1076 1693 εἰς
1103 1641 1180 1692 τὰς
1205 1642 1467 1700 προελεύσεις
1492 1641 1542 1687 τά
1565 1645 1715 1699 ταβλία

277 1803 331 1838 nii
356 1808 392 1837 et
415 1802 644 1838 candelarum
670 1813 886 1841 accensores.
911 1802 1040 1837 Oleum
1063 1813 1148 1838 vero
1174 1801 1346 1836 multifidi
1375 1801 1594 1843 candelabri,
1614 1800 1712 1847 quod

278 1851 318 1884 in
342 1851 462 1884 medio
489 1849 762 1893 chrysotriclino
801 1861 1010 1896 suspensum
1038 1855 1112 1892 est,
1151 1855 1188 1884 et
1213 1850 1433 1896 reliquorum
1457 1849 1716 1895 polycamlelo-

278 1908 355 1930 rum
372 1923 381 1938 ,
404 1897 472 1943 ipsi
497 1896 732 1942 candelaptae
756 1897 948 1934 sufficiunt.
995 1898 1109 1931 Curat
1132 1899 1239 1931 etiam
1264 1896 1506 1936 balneatores,
1540 1901 1577 1929 et
1601 1895 1712 1929 cami-

277 1955 406 1977 norum
446 1943 677 1984 calfactores,
711 1948 748 1977 et
780 1944 1008 1989 candelaptas
1051 1944 1201 1977 lausiaci
1236 1949 1346 1988 atque
1371 1942 1586 1984 Iustiniani,
1618 1944 1708 1976 item

277 1988 469 2035 horologos
509 1995 546 2022 et
577 1990 731 2024 zarabas.
802 1990 976 2035 Quisquis
1015 2001 1138 2024 eorum
1173 2000 1321 2023 munere
1353 1988 1569 2029 decesserit,
1599 1987 1711 2021 habet

277 2037 503 2080 praepositus
528 2041 743 2080 potestatem
768 2048 891 2070 eorum
915 2039 952 2070 in
977 2037 1094 2070 locum
1120 2038 1210 2070 alios
1235 2035 1492 2076 substituendi,
1517 2041 1554 2067 et
1577 2035 1709 2079 accipit

278 2081 324 2114 ab
349 2082 435 2126 ipsis
460 2088 595 2115 certum
621 2083 796 2128 pecuniae
821 2095 1007 2116 numerum
1035 2084 1073 2117 in
1097 2082 1412 2122 consuetudinem
1449 2092 1470 2112 a
1494 2081 1706 2124 primiceriis

276 2138 406 2171 nempe
431 2139 593 2162 nummos
625 2141 676 2173 19,
703 2135 740 2163 et
762 2141 781 2162 a
807 2130 957 2173 singulis
981 2129 1164 2163 diaetariis
1195 2135 1231 2162 et
1255 2128 1405 2173 reliquis
1419 2137 1706 2165 senosnummos,

275 2173 468 2217 Accipiunt
492 2175 599 2207 etiam
623 2175 819 2218 primicerii
855 2186 966 2207 unum
1001 2181 1037 2208 et
1067 2176 1222 2220 populus
1256 2185 1318 2207 seu
1351 2179 1469 2207 cetera
1498 2173 1614 2206 turba.
1663 2174 1705 2207 In

277 2221 481 2254 universum
506 2221 674 2254 deuterus
699 2226 800 2254 curat
822 2221 984 2266 regitque
1011 2222 1115 2254 sellas
1142 2232 1203 2254 seu
1237 2219 1386 2253 thronos
1417 2219 1641 2264 imperiales,
1669 2225 1708 2254 et

279 2265 473 2300 diaetarios
499 2273 535 2300 et
560 2268 803 2312 primicerium
828 2268 1002 2310 ipsorum3
1021 2273 1057 2300 et
1081 2272 1263 2300 stemmata
1287 2278 1349 2299 seu
1374 2267 1520 2307 infulas,
1531 2271 1568 2299 et
1589 2271 1706 2299 vestes

274 2312 493 2358 imperiales,
519 2319 556 2346 et
573 2314 652 2347 vela
675 2313 966 2357 chrysotriclinii,
993 2319 1030 2347 et
1053 2314 1115 2359 qui
1140 2326 1159 2347 a
1183 2313 1384 2347 mutatoriis
1413 2318 1508 2352 sunt,
1531 2319 1570 2346 ct
1595 2313 1707 2346 vesti-

273 2364 370 2395 tores
397 2370 594 2404 eorumque
618 2359 863 2403 primicerios,
888 2365 925 2393 ct
955 2365 1070 2393 vestes
1103 2361 1321 2393 axiomatum
1360 2358 1441 2405 [seu
1484 2358 1617 2404 quibus
1647 2370 1706 2392 re-

273 2417 356 2440 cens
391 2405 556 2439 honorati
593 2405 870 2452 investiantur‚]
906 2412 942 2439 et
976 2418 1048 2447 eoa,
1082 2408 1144 2453 qui
1179 2412 1263 2440 sunt
1286 2406 1330 2438 ab
1361 2405 1613 2445 axiomatibus,
1638 2405 1704 2450 qui

270 2463 402 2496 nempe
433 2453 580 2498 exigunt
601 2458 638 2485 et
663 2453 857 2486 collectant
889 2453 1065 2486 axiomata
1111 2453 1168 2486 vel
1194 2453 1472 2486 consuetudines
1504 2462 1568 2496 pro
1599 2452 1703 2488 novis

271 2497 509 2544 dignitatibus
525 2499 570 2532 ab
596 2497 779 2532 honoratis
799 2499 944 2532 dandas.
972 2499 1144 2545 Quisquis
1164 2499 1291 2532 horum
1315 2509 1462 2532 munere
1487 2509 1550 2531 suo
1575 2497 1702 2532 dece·-

270 2545 375 2586 serit,
401 2547 439 2579 in
465 2546 541 2579 eius
569 2545 685 2578 locum
712 2545 910 2579 sufficiendi
933 2546 1043 2578 alium
1068 2546 1217 2580 facultas
1243 2552 1296 2578 est
1320 2546 1490 2584 deutero,
1516 2543 1626 2578 debet
1653 2555 1700 2578 ue

269 2591 338 2634 ipsi
375 2602 468 2626 novo
512 2602 658 2625 munere
690 2592 897 2626 mactandus
933 2592 1167 2633 tantundem,
1204 2597 1377 2638 quantum
1407 2591 1514 2624 modo
1553 2589 1632 2624 dice
1659 2602 1702 2623 a·

267 2646 345 2671 mus
381 2638 509 2683 papiae
544 2638 679 2672 deberi.
739 2640 780 2671 In
813 2638 1101 2681 processionibus
1147 2639 1185 2672 id
1217 2651 1320 2672 curae
1358 2643 1414 2672 cst
1450 2636 1622 2677 deutero,
1656 2640 1699 2669 ut

268 2687 396 2717 cocant
418 2686 605 2718 vestitores
632 2689 670 2719 et
700 2685 894 2730 primicerii
915 2695 1057 2726 omnes,
1083 2690 1121 2718 et
1148 2686 1265 2719 ferant
1287 2684 1458 2719 comiclia
1481 2693 1544 2716 seu
1569 2693 1698 2727 capsu-
1720 2694 1722 2697 ·

266 2728 318 2763 las
347 2731 405 2765 vel
429 2731 579 2776 pyxides
608 2742 686 2765 curn
719 2732 859 2770 coronis
878 2732 974 2766 intus
999 2731 1192 2778 repositis5
1217 2733 1303 2766 item
1327 2737 1369 2766 ut
1390 2733 1520 2765 cocant
1537 2730 1696 2764 omnium
