1832 3112
359 123 430 164 m:
456 118 715 164 CEmMON.
748 118 924 161 AULAE
954 116 1174 162 BYzAN‘r.
1207 119 1242 159 1.
1269 116 1308 157 1.
1522 121 1551 175 7

132 224 178 266 ἐν
201 222 259 281 τῷ
294 222 642 279 χρυσοτρικλάνῳ,
685 218 758 262 καί
796 217 836 261 οἱ
874 219 958 261 τῶν
996 218 1234 272 ἅλλαξίμων
1270 219 1344 262 τοῦ
1382 222 1555 273 κουβου-

131 290 296 341 κλειόυ,
330 285 437 342 μετὰ
465 285 538 328 καὶ
561 288 644 328 τῶν
668 287 718 341 τῇ
754 284 866 335 τάξει
901 281 1036 326 abrahe
1076 283 1340 340 διαιταρίων,
1384 283 1555 340 αἴρουσι

132 351 180 394 τό
208 354 389 407 ταβλίον,
417 351 461 392 ἐν
489 344 522 407 ᾧ
549 346 761 392 ἇπόκειται
790 349 815 404 ἢ
843 349 1044 402 βασιλέως
1070 346 1219 404 ἐσθὴς,
1246 351 1319 391 καί
1341 348 1392 391 τὰ
1422 349 1557 406 κορνί-

133 420 241 471 κλια,
266 413 370 471 ἅπερ
397 413 449 458 τὰ
478 416 671 469 βασίλεια
697 413 867 456 ἔνδοθεν
904 415 1175 470 περιφέρουσι
1201 415 1415 468 στέμματα
1430 448 1444 468 ,
1483 413 1558 456 καὶ

107 479 173 527 5οἶ
197 480 406 535 βασιλικοὶ
429 477 659 534 σπαθάριοι
685 477 737 520 τά
764 476 957 532 βασιλικὰ
984 477 1174 534 αἴρουσιν
1221 475 1388 534 ἅρματά
1415 496 1457 522 τε
1483 480 1558 521 καί

136 543 363 600 σκουτάρια
402 542 475 585 καί
512 542 565 585 τὰ
596 542 778 600 δόρατα,
815 542 888 584 καί
911 542 937 597 ἧ
963 543 1041 596 μὲν
1066 544 1149 585 τῶν
1177 538 1412 599 ἇλλαξᾲιων
1439 543 1554 595 τάξις

133 612 255 666 φέρει
279 607 356 664 τὴν
381 609 590 662 βασίλειον
615 606 778 664 στολήν,
806 609 879 650 καί
903 608 1155 663 α’ποτίθησιν
1183 610 1228 651 ἐν
1253 610 1309 667 τῷ
1337 608 1551 667 ὄκταγοόνῳ

130 672 401 730 κουβουκλείῳ
445 675 499 730 τῷ
535 668 621 715 ’όντι
671 674 715 716 ἒν
751 674 808 729 τῷ
843 674 1028 730 παλατίῳ
1072 675 1147 728 τῆς
1185 675 1378 730 Δάφνης,
1422 669 1698 729 ἧγουνΕά.Ι,.5

129 737 209 795 πρὸ
245 740 318 781 τοῦ
352 739 455 781 ναοῦ
491 740 569 779 τοῦ
605 738 726 793 ἁγίου
759 737 1110 793 πρωτομάρτυρος
1147 739 1374 794 Στεφάνου.
1431 738 1470 780 οἱ
1506 741 1554 782 δὲ

83 803 182 849 ror&
207 800 378 858 ἅρματα
405 804 601 858 φέροντες
637 799 868 857 σπαθάριοι
905 803 1099 844 ἵστανται
1136 805 1228 854 μετ’
1257 803 1396 845 αὐτῶν
1423 805 1468 861 ἐν
1497 807 1557 860 τῷ·

128 866 355 925 ὄνοποδίῳ,
402 869 476 909 καί
499 865 550 922 δὴ
585 868 665 910 τῶν
693 868 898 909 δεσποτῶν
946 865 1028 908 ἀπὸ
1071 869 1389 922 σκαραμαγγάυν
1419 869 1551 918 ἐξιόν-

137 948 221 974 των
245 935 319 975 τοῦ
344 931 458 988 ἱεροῦ
485 933 695 986 κοιτῶνος,
734 932 807 972 καί
835 929 910 985 τήν
935 931 1099 986 συνήθη
1125 928 1174 972 εὖ
1174 930 1256 986 χὴν
1282 933 1326 974 ἐν
1352 935 1400 989 τῇ
1427 932 1554 992 κόγχῃ

135 998 214 1038 τοῦ
235 997 602 1052 χρυσοτρικλίνου,
631 997 676 1038 ἐν
702 990 729 1052 ᾗ
755 993 963 1052 ἱστόρηται
988 995 1015 1051 ἧ
1043 997 1116 1038 τοῦ
1144 995 1311 1051 Κυρίου
1339 997 1457 1053 ἡμῶν
1482 1001 1556 1041 καὶ

137 1062 246 1104 Θεοῦ
269 1061 496 1109 θεοεύιελος
523 1058 619 1114 ἁγία
645 1058 765 1103 εἰκών
789 1059 1041 1116 ἒπὶθρόνου
1068 1061 1350 1116 καθεζομένη,
1377 1064 1434 1120 τῷ
1461 1064 1555 1120 Θεῷ·

43 1165 46 1173 ,
82 1125 433 1179 ιόἆποδιδόντων,
460 1127 720 1180 εἰσέρχονται
747 1123 788 1167 οἱ
814 1124 1078 1181 πραιπόσιτοι
1104 1124 1188 1167 ἀπὸ
1217 1128 1289 1167 τοῦ
1315 1127 1445 1182 βήλου
1473 1130 1550 1170 τοῦ

127 1191 309 1234 πανθέου
322 1223 336 1244 ,
361 1189 433 1232 καὶ
452 1193 730 1245 προσκυνοῦσι
755 1184 854 1240 τούς
877 1191 1092 1244 δεσπότας,
1104 1189 1176 1232 καί
1192 1187 1275 1233 223³
1297 1188 1426 1241 οὕτως
1447 1193 1552 1246 βάλ-

126 1259 267 1297 λουσιν
286 1255 326 1297 οἱ
341 1255 538 1297 δεσπόται
549 1254 601 1298 τὰ
626 1252 787 1298 ἑαυτῶν
802 1257 1196 1311 χρυσοπερίκλειστα
1215 1257 1427 1310 σαγιῖι,και“
1441 1259 1551 1307 ἔξὰι-
1566 1271 1592 1303 Β

125 1337 170 1362 σι
189 1320 257 1362 διὰ
283 1322 360 1362 τοῦ
378 1319 570 1377 φύλακος.
605 1321 651 1363 ἐν
688 1322 734 1363 δὲ
760 1321 819 1378 τῷ
849 1319 1020 1375 σι’γματι
1045 1322 1259 1375 ἐκδέχεται
1275 1320 1428 1371 αὕτοὺς
1453 1323 1546 1364 τότε
1556 1333 1684 1369 Ms.23.
1706 1343 1726 1365 a

125 1383 354 1439 μαγλάβιον
375 1386 449 1428 καί
467 1385 494 1440 ἧ
513 1382 698 1441 ἑταιρεία
724 1384 796 1426 καὶ
818 1385 840 1427 ὃ
855 1383 1196 1440 λογοθὲτης,μετιὶ
1221 1387 1297 1428 τοῦ
1322 1386 1547 1428 namna-flou

75 1451 198 1495 nouat*
218 1451 291 1492 τοῦ
318 1452 678 1506 πρωτοασηκρῆτις
702 1448 775 1491 καὶ
799 1456 878 1491 τοῦ
911 1448 1253 1506 πρωτονοταρίου,
1278 1450 1351 1491 καί
1375 1451 1548 1504 ἐπευχό-

124 1530 242 1567 μενοι
264 1519 350 1564 τοῖς
364 1514 595 1570 δεσπόταις,
623 1515 780 1564 τούτοις
796 1515 1138 1570 συμπορεύονται.
1195 1517 1255 1570 (Γ
1252 1518 1283 1572 )
1315 1518 1407 1558 Καὶ
1422 1513 1548 1571 οἷπερ-

122 1579 295 1632 χόμενοι
321 1579 519 1622 δεσπόται
541 1581 587 1622 ἐν
615 1582 672 1637 τῷ
690 1578 976 1636 πρωτοκτίστῳ
993 1582 1078 1638 ναῷ
1102 1581 1174 1634 τῆς
1199 1577 1426 1635 ὖπεραγίας
1443 1582 1547 1622 Θεο-

126 1643 273 1697 τόκου,
299 1641 555 1698 λαμβάνουσι
587 1643 738 1701 κηρούς
778 1642 893 1699 παρὰ
921 1646 1002 1686 τῶν
1029 1643 1335 1699 πραιποσίτων,
1364 1643 1546 1699 δηλονότι

219 1742 252 1777 3.
273 1733 409 1786 ταβλῆν
432 1741 508 1776 cod.
609 1754 663 1778 20.
686 1744 1014 1790 πρωτοασηκρίτης
1034 1740 1112 1788 sph.
1138 1741 1194 1776 ed.

127 1841 270 1875 stitores
293 1841 479 1882 intrantes,
500 1843 632 1887 virgam
652 1842 846 1876 Mosaicam
865 1852 910 1874 ex
928 1842 1081 1875 oratorio
1102 1841 1136 1879 S.
1164 1840 1357 1881 Theodori,
1387 1841 1482 1886 quod
1503 1842 1542 1876 in

127 1897 235 1920 aureo
269 1887 428 1921 triclinio
465 1892 531 1927 est,
564 1888 772 1922 desumunt:
814 1889 1015 1920 mutatoriis
1050 1887 1206 1920 cubiculi
1243 1888 1413 1932 praefecti
1461 1899 1540 1920 cum

63 1969 65 1971 ¹
128 1932 309 1967 diaetarii·
326 1957 338 1974 ‚
381 1933 443 1979 qui
488 1933 534 1966 ad
568 1945 689 1967 eorum
729 1933 891 1967 ordinem
934 1933 1116 1978 pertinent
1132 1958 1141 1972 ,
1183 1933 1360 1973 tabulam,
1394 1934 1434 1966 in
1469 1945 1540 1978 qua

125 1979 233 2012 vestis
259 1980 489 2023 Imperatoria
518 1981 633 2020 iacet,
666 1984 703 2012 et
724 1990 837 2020 arcas,
862 1978 926 2012 uhi
956 1979 1212 2023 Imperatoriae
1246 1990 1396 2012 coronae
1422 1990 1540 2012 asser-

124 2029 270 2068 vantur3
301 2024 474 2069 spatharii
496 2025 720 2070 Imperatorii
742 2036 849 2066 arma,
871 2029 972 2058 scuta
990 2024 1181 2070 hastasque
1206 2025 1450 2069 Imperatoris;
1481 2025 1538 2057 os-

126 2070 246 2103 ficium
276 2069 432 2116 denique
464 2072 648 2104 mutatorii
681 2071 808 2104 stolam
831 2072 907 2104 eius
933 2072 1063 2111 sumit,
1100 2076 1136 2103 et
1162 2070 1199 2102 in
1226 2072 1411 2115 octangulo
1436 2069 1539 2103 cubi-

127 2116 227 2156 culo,
269 2115 366 2161 quod
400 2117 438 2149 in
478 2117 613 2160 palatio
642 2116 812 2161 Daphnes
850 2127 912 2150 seu
949 2122 1032 2150 aute
1062 2116 1234 2160 templum
1271 2118 1383 2149 sancti
1412 2122 1538 2160 proto-

126 2163 289 2204 martyris
334 2161 507 2206 Stephani
553 2167 625 2203 est,
666 2164 817 2207 reponit.
874 2161 1054 2208 spatharii
1086 2172 1179 2195 arma
1215 2168 1417 2206 portantes,
1458 2173 1537 2194 cum

123 2207 212 2252 ipsis
235 2208 274 2240 in
292 2207 472 2252 onopodio
491 2213 595 2249 stant,
624 2213 661 2242 et
683 2213 871 2254 postquam
899 2209 1066 2249 Domini,
1090 2208 1333 2252 scaramangiis
1360 2208 1490 2246 induti,
1516 2219 1536 2239 e

125 2263 222 2286 sacro
243 2253 407 2287 cubiculo
419 2260 666 2298 processerunt
686 2255 878 2299 solitasque
900 2265 1020 2299 preces
1041 2254 1082 2287 in
1102 2253 1235 2286 concha
1260 2254 1358 2285 aurei
1374 2253 1535 2291 triclinii,

127 2297 191 2330 ubi
211 2299 355 2332 Domini
378 2311 417 2332 ac
444 2300 512 2332 Dei
534 2301 647 2333 nostri
671 2300 793 2333 divina
821 2305 857 2333 et
884 2311 979 2333 sacra
1011 2300 1122 2344 imago
1145 2300 1183 2331 in
1208 2298 1336 2331 throno
1364 2298 1535 2331 collocata

127 2349 203 2383 est,
228 2350 463 2388 peregerunt,
486 2347 679 2390 praepositi
715 2357 734 2378 a
769 2346 848 2379 velo
872 2345 1019 2390 panthei
1047 2347 1231 2384 intrantes,
1254 2345 1423 2376 Dominos
1447 2343 1534 2375 ado-

126 2394 225 2422 rant:
253 2392 315 2434 qui
341 2391 460 2424 statim
482 2397 594 2424 vestes
623 2402 703 2424 suas
734 2402 819 2423 auro
844 2396 1042 2433 praetextas
1076 2390 1254 2429 induunt,
1280 2396 1316 2422 et
1342 2400 1406 2432 per
1427 2400 1534 2420 excu-

71 2449 82 2461 ε
127 2434 204 2466 bias
223 2436 461 2479 egrediuntur.
494 2437 535 2470 In
558 2437 704 2481 sigmate
734 2435 894 2469 custodia
922 2438 1097 2480 corporis,
1123 2447 1214 2481 quae
1236 2435 1467 2467 manuclavium
1498 2438 1551 2466 et*

125 2478 284 2513 hemerin
306 2486 464 2522 vocatur,
488 2487 525 2514 et
542 2481 740 2526 logothetes
775 2493 854 2514 cum
889 2483 1069 2525 praefecto
1104 2481 1273 2520 caniclei,
1311 2485 1526 2523 protosecre-

127 2525 218 2558 tario
260 2537 300 2558 ac
341 2529 588 2570 protonotario
631 2539 691 2560 eos
726 2528 935 2571 excipiunt,
978 2533 1014 2561 et
1055 2528 1147 2560 facta
1179 2526 1411 2563 salutatione,
1453 2536 1532 2557 cum

127 2570 214 2612 ipsis
237 2572 445 2615 procedunt,
485 2573 577 2618 (111.)
592 2573 735 2605 Domini
749 2579 864 2606 autem
879 2572 923 2604 ad
940 2579 1094 2606 veterem
1109 2572 1346 2605 sanctissimae
1362 2570 1532 2612 Dciparae

129 2615 251 2648 aedem
269 2617 439 2650 abeuntes
451 2642 460 2657 ,
482 2629 599 2651 cereos
621 2630 641 2650 a
660 2618 882 2662 praepositis,
897 2619 1033 2652 scilicet
1052 2631 1071 2651 a
1090 2617 1306 2651 cubiculario
1325 2615 1532 2659 praepositis

129 2661 291 2703 traditos,
305 2663 495 2707 accipiunt,
518 2668 553 2696 ct
571 2663 703 2709 triplici
735 2664 941 2698 adoratione
963 2675 1042 2698 cum
1053 2664 1162 2698 cereis
1175 2663 1289 2695 Deum
1308 2667 1530 2695 venerantur.
