1884 3112
429 141 503 182 ΒΕ
539 138 800 182 cnmmon.
838 138 1019 180 Anum
1054 137 1279 180 BYzANT.
1319 139 1354 179 1.
1382 141 1451 184 23,
1575 119 1672 174 131

232 244 436 298 κουβίτων
460 241 536 285 καὶ
560 241 585 284 ὅ
611 242 685 296 τῆς
711 236 1028 292 καταστάσεως,
1066 241 1312 295 κρατοῦντες
1335 237 1409 282 τὸν
1447 240 1676 294 σκριβωνα.

228 307 309 352 καὶ
331 306 474 363 λαβών
499 305 523 349 ὅ
550 304 751 362 βασιλεῦς
778 304 895 361 παρὰ
923 307 999 346 τοῦ
1018 305 1295 360 πραιποσίτου
1314 301 1360 346 τό
1380 306 1560 359 βεργίον,
1582 306 1674 347 ἑπι-
1688 305 1856 350 Ms.67.h

236 375 387 416 δίδωσι
412 375 470 432 τῷ
495 375 716 429 σκριβωνι·
761 367 849 413 εἶτα
877 369 1020 424 λαβών
1046 369 1091 412 τὸ
1120 372 1309 426 βεργίον,
1349 370 1579 426 α’πέρχεται
1607 369 1682 412 καὶ

225 441 402 483 »ἵσταται
429 441 474 482 ἐν
495 441 546 496 τῇ
570 436 684 489 τάξει
713 439 861 480 αὐτοῦ.
934 435 1009 478 καί
1042 435 1256 478 κατελθών
1285 434 1331 478 τὸ
1360 436 1468 490 μέγα
1501 434 1680 478 πούλπι-

209 505 307 549 ὅτον
332 504 357 548 ὅ
374 502 576 560 βασιλεῦς
601 503 677 546 καὶ
702 506 762 553 εἰς
787 501 863 552 τὰς
890 500 1049 557 σχολὰς
1075 500 1279 545 εἰσελθών
1304 499 1422 544 ἔνδον
1445 505 1519 557 τῆς
1544 500 1680 558 πύλης

235 573 298 622 εἷς
326 569 374 614 τὸ
404 568 680 628 στρόγγυλον,
717 568 822 612 ἔνθα
851 566 873 611 ὖ
903 567 1087 626 σταυρὸς
1112 569 1279 612 ἵσταται
1323 566 1398 610 καὶ
1435 567 1479 611 οἱ
1506 570 1583 611 τοῦ
1607 572 1679 610 λο-

234 637 436 692 γοθεσιόυ
447 670 461 690 ‚
489 634 610 678 ἅπτει
638 637 808 678 κάκεῖσε
837 633 1016 692 κηρούς,
1042 634 1118 678 καὶ
1141 633 1245 684 στὰς
1262 635 1308 677 ἐν
1333 637 1386 693 τῇ
1412 631 1582 692 καμάρᾳ
1600 635 1677 677 τοῦ

233 699 516 759 στρογγύλου,
556 703 598 745 εἰ
620 703 699 756 μέν
723 703 808 745 εἶσι
833 699 1009 758 κόμητες
1035 699 1076 743 οἶ
1099 701 1317 755 μέλλοντες
1354 703 1647 757 προβληθῆναι
1665 734 1678 755 ,

238 766 545 825 προβάλλονται
589 765 735 818 οὕτως.
802 768 893 826 (Γ.)
930 769 1177 823 Κρατοῦσιν
1201 763 1295 820 δ’,τε
1331 767 1573 820 δομέστικος
1597 769 1718 811 τῶνΒ

187 836 403 889 ιοσχολῶν
449 833 525 876 καὶ
576 832 599 876 ὅ
640 837 715 889 τῆς
739 830 1032 882 καταπόσεως
1060 831 1133 875 τὸν
1157 834 1360 886 μέλλοντα
1387 835 1679 888 προβληθῆναι

237 897 419 956 κόμητα,
447 899 522 942 καί
547 895 722 954 ἄγουσιν
749 897 878 942 av'tdv
903 897 1011 955 πρὸς
1036 897 1110 941 τὸν
1135 899 1327 952 βασιλέα·
1356 897 1379 940 ὅ
1402 900 1449 940 δὲ
1474 897 1679 953 βασιλεὺς

237 963 382 1020 λαβών
407 963 524 1021 παρὰ
552 967 629 1008 τοῦ
651 966 929 1021 πραιποσίτου
970 964 1212 1019 αῗρατίωνα,
1252 965 1499 1006 ἐπιδίδωσιν
1535 965 1651 1022 αὐτῷ
1663 997 1678 1018 ‚

239 1032 470 1088 α’πέρχεται
502 1029 578 1072 καὶ
610 1032 779 1074 ἵσταται
809 1031 855 1074 ἐν
891 1031 942 1089 τῇ
975 1028 1090 1081 τάξει
1139 1030 1300 1072 αὑτοῦ·
1356 1029 1511 1083 ὁμοίως
1530 1031 1576 1072 δὲ
1604 1028 1681 1071 ἐάν

238 1099 323 1141 εἰσι
347 1096 422 1139 καί
438 1096 672 1150 δομέστικοι
696 1093 724 1154 ἢ
751 1096 826 1139 καί
849 1099 1123 1154 προτίκτωρες
1138 1096 1356 1150 μέλλοντες
1373 1097 1680 1152 προβληθῆναι,

187 1160 512 1220 ι5κρατούμενοι
539 1161 623 1205 ὑπό
648 1179 692 1206 τε
719 1165 796 1206 τοῦ
830 1165 1076 1217 δομεοτίκου
1110 1165 1194 1205 τῶν
1219 1164 1384 1217 σχολῶν
1407 1161 1483 1204 καὶ
1505 1165 1582 1204 τοῦ
1606 1164 1681 1217 τῆς

236 1226 554 1283 καταπόσεως,
584 1225 755 1284 ἄγονται
781 1227 889 1286 πρὸς
915 1227 988 1273 τὸν
1012 1229 1214 1283 βασιλέα,
1245 1228 1269 1270 ὅ
1301 1230 1347 1270 δὲ
1373 1226 1577 1282 βασιλεύς
1603 1231 1681 1270 λα·-

236 1295 327 1351 βών
353 1293 469 1352 παρὰ
497 1298 573 1338 τοῦ
598 1298 833 1339 κανικλείου
860 1293 912 1338 τὰ
938 1295 1121 1351 χαρτία,
1163 1292 1232 1339 οἶα
1259 1297 1341 1337 τῶν
1366 1292 1556 1349 ὑπάτων,
1589 1295 1751 1339 Eut-Ed.
1764 1304 1802 1337 L.
1816 1303 1861 1349 78

239 1363 392 1404 δίδωσι
417 1367 504 1410 τοῖς
530 1362 904 1417 προβαλλομένοις,
936 1360 1011 1402 καί
1045 1358 1297 1410 ἀπελθόντες
1336 1363 1524 1404 ἵστανται
1560 1362 1605 1403 ἐν
1631 1363 1683 1418 τῇ

237 1424 354 1478 τάξει
381 1428 535 1470 αὐτῶν.
587 1424 609 1468 ὅ
641 1429 687 1469 δὲ
713 1426 917 1482 βασιλεῦς
946 1426 1158 1483 διέρχεται
1187 1424 1258 1467 δια
1286 1429 1368 1469 τῶν
1395 1429 1580 1480 σχολῶν,
1609 1426 1685 1468 καί

184 1495 286 1536 αοέν
309 1496 362 1551 τῇ
387 1493 549 1551 πέμπτῃ
578 1492 888 1552 σχολῇἐλθών,
918 1490 1039 1535 ἅπτει
1066 1494 1200 1535 ἐκεῖσε
1221 1494 1282 1542 εἰς
1303 1491 1375 1535 τὸν
1397 1491 1582 1548 σταυρὸν
1608 1509 1683 1548 κη·-

242 1557 370 1616 ρούς,
405 1558 481 1601 καὶ
515 1556 684 1609 στάντος
722 1561 855 1602 αιῖτοῦ
895 1560 940 1602 ἐν
966 1561 1017 1615 τῇ
1042 1561 1116 1613 τῆς
1142 1557 1330 1614 πέμπτης
1356 1561 1511 1613 σχολῆς
1538 1555 1650 1616 πύλῃ
1664 1592 1679 1612 ‚

241 1625 411 1680 δέχεται
435 1623 563 1668 αὐτὸν
590 1626 614 1666 ὅ
643 1623 866 1681 περατικὸς
904 1627 1035 1680 δῆμος
1061 1626 1143 1666 τῶν
1169 1627 1333 1678 σχολῶν
1358 1623 1432 1665 καί
1457 1625 1679 1666 ἐπιδίδωσι

243 1692 302 1750 τῷ
324 1693 499 1745 βασιλεῖ’
517 1687 541 1732 ὅ
569 1691 808 1745 δομέοτικος
834 1692 917 1734 τῶν
944 1692 1108 1746 σχολῶν
1133 1687 1411 1744 λιβελλάριον,
1439 1686 1462 1730 ὅ
1488 1690 1535 1731 δὲ
1553 1693 1680 1743 βασι-

338 1843 389 1876 ¹7·
413 1821 461 1864 τᾶ
487 1840 557 1865 om.
581 1829 637 1864 ed.
690 1843 743 1877 ¹9·
766 1829 910 1885 {anniv
926 1829 979 1864 ed.
1031 1842 1085 1864 22.
1112 1830 1197 1864 Post
1219 1828 1338 1878 δῆμος
1358 1831 1397 1864 R.
1419 1828 1595 1864 excidisse
1606 1841 1680 1876 pu-

333 1881 390 1912 tat
412 1879 488 1914 τῶν
503 1879 670 1915 Βενέτων
682 1888 779 1926 μετα
797 1879 863 1912 καὶ
883 1879 954 1913 τοῦ
975 1875 1211 1924 δομεστίκου.

239 2010 439 2056 Inperator
474 2019 495 2042 e
530 2019 657 2054 magno
690 2008 833 2055 pulpito
856 2007 1088 2049 descendens,
1113 2006 1251 2041 scholas
1269 2006 1484 2052 ingreditur,
1510 2005 1551 2040 in
1575 2009 1682 2051 porta

241 2060 280 2089 et
303 2055 509 2101 strongyle,
541 2054 606 2089 ubi
637 2067 724 2089 crux
759 2060 797 2090 et
831 2054 1036 2100 logothetae
1063 2059 1181 2097 stant3
1217 2054 1270 2087 ibi
1301 2063 1447 2100 quoque
1474 2063 1595 2086 cereos
1620 2063 1682 2084 ac-

240 2101 385 2144 cendit,
409 2108 579 2147 stansque
603 2103 643 2136 in
666 2102 839 2147 strongyli
861 2113 1021 2143 camera,
1058 2101 1090 2135 si
1133 2101 1198 2147 qui
1246 2102 1394 2134 comites
1425 2098 1576 2139 adsunt,
1614 2098 1680 2144 qui

239 2148 444 2195 promoveri
475 2149 624 2189 volunt,
660 2149 711 2182 eis
741 2148 798 2182 his
834 2149 1039 2182 cerimoniis
1086 2159 1215 2182 novam
1247 2147 1458 2193 dignitatem
1492 2146 1679 2190 impertire

241 2195 346 2232 nolet.
392 2194 483 2240 (111.)
508 2196 734 2229 Domesticus
762 2195 963 2229 scholarum
978 2201 1016 2229 et
1039 2194 1312 2229 cerimoniarius
1336 2194 1505 2230 comitem
1528 2202 1678 2237 promo-

238 2241 398 2277 vendum
421 2242 622 2286 suscipiunt
649 2247 686 2275 et
710 2241 756 2275 ad
775 2243 1033 2287 Imperatorem
1051 2241 1207 2275 ducunt:
1234 2243 1298 2289 qui
1321 2245 1505 2286 acceptam
1529 2250 1550 2271 a
1572 2249 1679 2284 prae-

239 2289 362 2333 posito
388 2289 588 2322 orationem
612 2288 647 2322 ei
670 2289 805 2330 tradit,
830 2295 917 2323 tunc
938 2289 1019 2322 abit
1050 2295 1087 2324 et
1121 2290 1241 2323 locum
1265 2300 1370 2323 suum
1394 2289 1558 2331 occupat.
1618 2284 1682 2318 δί·

241 2335 377 2369 militer
399 2336 436 2369 si·
457 2334 645 2369 domestici
677 2341 739 2369 aut
765 2342 985 2380 protectores
1023 2335 1259 2381 promovendi
1296 2341 1402 2375 sunt,
1437 2345 1458 2366 a
1483 2332 1679 2366 domestico

242 2379 444 2415 scholarum
472 2387 510 2416 et
538 2383 787 2416 cerimoniario
823 2383 972 2428 stipati,
1007 2383 1054 2416 ad
1087 2384 1337 2428 Imperatorem
1374 2381 1577 2417 ducuntur,
1616 2377 1682 2423 qui

243 2427 368 2462 allatae
402 2439 423 2461 a
456 2429 608 2462 caniciei
640 2430 822 2474 praefecto
857 2429 1018 2471 chartas,
1054 2430 1123 2471 iis,
1160 2441 1247 2476 quas
1272 2429 1438 2462 consules
1473 2424 1681 2467 accipiunt,

243 2474 399 2514 similes,
435 2474 634 2509 candidatis
652 2475 796 2517 tradit,
836 2477 907 2522 ipsi
933 2476 1108 2510 abeuntes
1149 2477 1189 2509 in
1219 2487 1283 2509 suo
1308 2475 1436 2509 ordine
1466 2470 1679 2504 consistunt.

243 2520 440 2566 Imperator
464 2532 527 2566 per
550 2521 687 2556 scholas
711 2523 906 2568 digressus,
939 2529 1128 2568 postquam
1153 2523 1318 2569 quintam
1352 2519 1499 2554 intravit
1514 2541 1524 2557 ,
1560 2526 1681 2549 cereos

244 2565 301 2598 ibi
324 2567 365 2600 in
388 2578 491 2600 eruce
512 2567 697 2610 accendit,
722 2575 951 2615 stantemque
976 2571 1015 2603 in
1038 2575 1140 2615 porta
1165 2569 1309 2603 scholae
1337 2568 1489 2613 quintae
1505 2562 1682 2596 transito-

244 2612 298 2645 ria
324 2612 524 2648 scholarum
547 2614 657 2649 factio
683 2616 839 2661 excipit,
865 2627 986 2650 earum
1014 2627 1058 2650 ue
1083 2616 1300 2650 domesticus
1328 2612 1493 2647 libellum
1518 2610 1682 2653 Impera-

244 2657 342 2701 tori,
366 2660 396 2693 is
421 2663 627 2706 praeposito
648 2686 659 2703 ‚
686 2662 913 2708 praepositus
950 2674 992 2696 cu
1021 2663 1172 2697 iculario
1198 2661 1332 2703 tradit,
1356 2665 1393 2694 et
1415 2656 1610 2692 domestico
1639 2667 1681 2689 ac

245 2707 498 2744 cerimoniario
523 2707 565 2744 in
585 2706 666 2745 loco
689 2719 754 2744 suo
782 2710 991 2752 constituto,
1016 2715 1051 2745 et
1074 2709 1235 2749 factione
1248 2708 1461 2756 Imperatori
1480 2705 1682 2741 acclaman-
