1884 3112
261 120 290 154 2
301 120 328 154 2
337 121 370 154 Ο
522 119 884 162 CONSTANTINI
926 118 1413 163 PORPHYROGENITI

256 221 458 277 τριάρχης
490 219 535 263 τὸ
570 219 787 275 χλανίδιον
823 219 1079 275 ἐπικείμενον
1116 224 1176 272 εἰς
1204 219 1308 266 αῦτὸ
1347 224 1396 267 τὸ
1424 225 1593 283 φιβλίον
1633 228 1708 271 καὶ

256 288 475 329 ἐπιδίδωσι
501 290 598 335 τούς
620 286 903 342 βεστήτορας,
936 283 1092 338 εὐθέως
1122 286 1327 332 άπλοῦσιν
1355 290 1462 334 αὔτό
1486 292 1527 334 οἱ
1555 293 1707 350 βεστὴὰ-

254 367 384 407 τορες,
420 353 671 406 κρατοῦντες
696 347 798 394 αῦτὸ
827 351 1065 409 ἔμπροσθεν
1092 356 1176 398 τῶν
1200 357 1426 400 δεσποτῶν.
1483 359 1574 415 (Γ.)
1611 361 1707 402 Καὶ

255 419 376 473 φέρει
402 415 425 458 ὅ
450 415 723 473 πραιπόσιτος
739 419 812 460 καί
839 417 862 459 ὅ
883 418 1116 476 μάγιστρος
1142 419 1240 471 τους
1264 425 1591 479 προβληθέντας,
1632 423 1708 467 καὶ

252 484 512 538 παριστῶσιν
540 481 695 533 αὐτούς
726 489 812 534 τοῖς
843 483 1094 540 δεσπόταις,
1140 486 1214 529 καὶ
1254 489 1516 544 ἒφαπλοῦσιν
1553 487 1595 532 οἶ
1636 492 1734 542 δε-5

253 546 403 590 σπόται
428 547 507 598 τάς
532 555 706 606 χεῖρας,
744 548 817 592 καί
843 551 1046 607 κρατοῦσι
1071 550 1148 608 τήν
1168 553 1387 608 χλαμύδα,
1410 557 1484 597 καί
1504 555 1707 612 περιβάλ-

252 618 373 656 λουσι
402 612 502 665 τούς
534 615 742 673 καίσαρας
777 619 851 659 καί
885 618 1081 674 φιλοῦσιν
1113 614 1291 672 αὖτοὺς,
1331 619 1405 663 καὶ
1434 621 1706 679 ἀποκρίνεται
1744 638 1749 643 ·

206 677 272 731 οὗ
300 680 412 734 λαὸς,
442 675 534 736 ἦτοι
554 681 594 724 οἱ
616 680 808 738 κράκται,
841 682 1027 739 λέγοντες
1058 680 1303 740 ,,εῦτυχῶ’ς,
1336 682 1579 742 εῦτυχῶς·”
1631 690 1720 731 καὶ

250 745 273 787 ὅ
305 744 404 796 λαὸς
433 748 480 789 ἐκ
502 746 646 804 τρίτου
668 746 715 791 τὸ
744 747 861 792 αὐτό.
917 748 991 792 καὶ
1022 749 1182 801 εὐθέως
1223 751 1246 793 ὅ
1283 754 1548 810 πατριάρχης
1577 770 1705 797 κατα-

248 810 474 869 σφραγίζει
492 812 601 869 πρὸς
626 813 700 858 τὸν
720 813 823 859 λαὸν
847 817 987 873 τρίτον
1005 816 1059 859 τά
1077 816 1184 860 κατά
1203 818 1432 875 συνήθειαν
1453 819 1553 876 τρία
1572 836 1758 868 σταυ-ιο

250 878 323 935 ρία
376 878 450 921 καὶ
494 882 605 935 λέγει
654 881 824 938 ,,εἷρήνη
868 883 1045 926 πᾶσιν·”
1113 885 1185 926 καί
1227 880 1494 942 ἇποκρίνεται
1532 882 1555 928 ὅ
1603 884 1705 936 λαός

249 947 353 998 „nac”
378 946 435 1003 τῷ
464 947 678 1001 πνεύματί
697 964 776 991 σου
787 951 828 991 .’'
885 948 958 992 καί
981 950 1092 1005 λέγει
1121 949 1144 992 ὅ
1174 949 1386 1001 διάκονος·
1444 950 1549 1006 »τὰς
1575 968 1707 1009 κεφα-

249 1009 328 1061 λάς
358 1011 478 1067 ἡμῶν
506 1014 562 1070 τῷ
603 1013 755 1073 Κυρίῳ
786 1016 1043 1069 κλίνωμεν·”
1082 1016 1155 1059 καὶ
1191 1014 1212 1059 ὅ
1251 1015 1353 1067 λαὸς
1418 1016 1500 1072 „oti
1529 1008 1707 1075 Κύριε.”

250 1080 323 1120 καί
347 1077 569 1128 κόπτοντος
596 1082 673 1122 τοῦ
699 1083 806 1123 λαοῦ
831 1080 983 1139 μικρὸν
1009 1082 1163 1140 μέρος,
1190 1083 1266 1126 καί
1290 1083 1313 1126 ὅ
1342 1082 1607 1141 πατριάρχης
1633 1083 1708 1126 κύ-

250 1155 338 1198 ψας
364 1143 438 1186 καὶ
465 1143 503 1187 οἱ
530 1149 719 1199 βασιλεῖς
746 1148 820 1190 καί
845 1147 884 1189 οἱ
913 1147 1125 1205 καίσαρες,
1154 1151 1264 1204 λέγει
1288 1147 1311 1191 ὅ
1341 1149 1599 1206 πατριάρχης
1629 1147 1760 1205 τῆνιό

251 1212 454 1267 δευτέραν
483 1208 623 1267 εῦχήν.
679 1215 753 1256 καί
779 1209 846 1256 ὅτε
874 1214 1072 1272 πληρώσῃ
1099 1214 1175 1271 τὴν
1203 1214 1359 1272 εὖχῆν,
1393 1217 1467 1258 καί
1492 1215 1706 1274 ἀποκριθῇ

253 1276 276 1319 ὅ
304 1275 402 1326 λαὸς
428 1275 475 1319 τὸ
505 1274 690 1334 ,,ἆμῆν,”
717 1279 880 1336 ε’παίρει
907 1280 928 1323 ὅ
957 1279 1224 1338 πατριάρχης
1250 1281 1306 1324 τά
1332 1284 1573 1338 καισαρίκια
1589 1314 1601 1335 ,
1632 1297 1705 1338 φι-

250 1344 335 1386 λῶν
361 1339 496 1399 αὗτά,
522 1343 597 1387 καί
622 1346 841 1389 ἐπιδίδωσι
870 1353 957 1398 τοῖς
985 1347 1229 1402 δεσπόταις,
1259 1346 1333 1390 καί
1357 1347 1637 1402 λαμβάνοντες
1663 1347 1708 1391 οἶ

204 1422 236 1456 D
253 1407 480 1464 δεσπόται,
526 1412 723 1468 φιλοῦσιν
750 1411 856 1455 αὐτὰ
883 1414 958 1455 καί
983 1414 1150 1456 ποιοῦσι
1184 1415 1359 1470 φιλῆσαι
1386 1415 1459 1456 καὶ
1483 1411 1585 1464 τούς
1611 1412 1705 1456 και(-

251 1491 409 1532 σαρας.
464 1475 537 1519 καὶ
571 1474 732 1528 εὖθέως
771 1477 1184 1535 κατασφραγίζουσιν
1212 1477 1252 1521 οῖ
1280 1477 1480 1522 δεσπόται
1502 1481 1599 1533 μετ’
1625 1479 1758 1528 τιν’-20

251 1543 336 1584 τῶν
365 1541 503 1585 ἐπάνω
530 1545 606 1599 τῆς
632 1546 815 1600 κεφαλῆς
844 1544 996 1599 αὐτῶν,
1023 1543 1373 1599 κατονομάζοντες
1397 1544 1444 1588 τὸ
1469 1538 1599 1599 ὄνομα
1625 1546 1701 1600 τῆς

252 1605 376 1663 ἁγίας
401 1606 583 1665 τριάδος,
611 1608 839 1663 βάλλουσιν
865 1606 976 1653 αῦτὰ
1006 1611 1065 1661 εἷς
1093 1610 1168 1667 τήν
1195 1609 1384 1667 κεφαλὴν
1410 1611 1487 1654 τοῦ
1512 1625 1703 1666 χειροτο-

252 1675 455 1729 νουμένου
482 1673 696 1732 καίσαρος,
726 1674 800 1718 καί
822 1672 983 1727 εὐθέως
1012 1676 1293 1734 α’νακράζουσι
1319 1673 1370 1719 τά
1393 1677 1500 1733 μέρη
1523 1677 1595 1718 καί
1617 1677 1702 1725 πᾶς

348 1778 377 1800 1.
408 1765 472 1800 καὶ
496 1770 580 1800 ante
609 1765 854 1814 ἐπικείμενον
878 1765 1054 1799 excidisse
1078 1770 1185 1812 putat
1208 1767 1245 1800 R.
1339 1768 1373 1802 6.
1397 1767 1462 1800 καὶ
1495 1765 1698 1813 κρατοῦσι-ι

342 1814 531 1860 καίσαρας
556 1824 624 1847 om.
645 1812 700 1847 ed.
802 1815 854 1851 16.
878 1813 1128 1861 ἀποκρίνεται
1150 1812 1206 1847 cd.
1300 1825 1355 1848 αι.
1404 1814 1470 1847 καὶ
1495 1812 1602 1860 ὄνομ.
1627 1823 1694 1858 pro

342 1870 523 1907 κατονομ.
553 1860 608 1894 ed.
701 1872 756 1899 22,
786 1858 884 1894 αὐτὰ
909 1862 970 1903 R„
1002 1858 1096 1894 αὐτὸ
1123 1860 1200 1894 cod.
1216 1864 1267 1906 ‚et
1290 1859 1345 1893 ed.
1445 1860 1500 1899 εἰς
1523 1869 1608 1906 κεφ.
1638 1860 1694 1893 ed.

251 1951 410 1992 orditur,
437 1951 557 1998 iisque
582 1952 628 1986 ad
650 1951 776 1986 verba:
815 1953 925 1986 Nunc
941 1960 975 1986 et
995 1963 1134 1998 semper
1161 1960 1198 1985 et
1224 1952 1429 1986 insaecula
1447 1950 1696 1992 saeculorum,

252 1999 430 2038 recitatis,
477 2003 668 2044 postquam
704 1999 862 2044 populus
898 1998 1103 2043 respondit:
1137 2001 1274 2038 Amen,
1307 1997 1510 2042 patriarcha
1534 1998 1696 2030 tunicam

253 2045 384 2079 fibulae
409 2046 617 2090 impositam
642 2045 743 2079 tollit
765 2051 803 2079 et
824 2044 1058 2078 vestitoribus
1086 2044 1209 2086 tradit,
1236 2055 1345 2090 quam
1369 2045 1491 2078 statim
1515 2043 1696 2077 evolutam

254 2102 368 2125 coram
403 2092 570 2126 Dominis
607 2097 745 2126 tenent.
804 2090 897 2136 (111.)
931 2091 1013 2137 Quo
1059 2092 1172 2131 facto,
1215 2091 1440 2136 praepositus
1470 2095 1508 2124 et
1528 2090 1697 2134 magister

254 2143 437 2183 promotos
459 2139 499 2172 in
524 2143 760 2184 conspectum
783 2139 1023 2173 Dominorum
1059 2136 1225 2178 adducit,
1258 2138 1322 2184 qui
1353 2148 1479 2170 manus
1514 2136 1696 2182 pandunt,

259 2189 298 2218 et
322 2183 503 2229 chlamyde
528 2185 670 2219 sublata
694 2185 861 2219 Caesares
895 2183 1055 2218 induunt
1078 2195 1214 2230 eosque
1238 2184 1462 2218 osculantur:
1492 2183 1697 2218 factionarii

260 2242 324 2265 seu
352 2239 510 2266 cantores
542 2231 693 2266 dicunt:
717 2231 916 2271 Feliciter,
937 2230 1128 2277 feliciter,
1160 2230 1330 2276 idemque
1362 2231 1519 2276 populus
1549 2234 1606 2263 ter
1637 2242 1696 2264 re-

258 2279 365 2323 petit,
411 2280 514 2313 Tunc
536 2277 740 2324 patriarcha
763 2282 820 2312 ter
845 2288 948 2312 cruce
973 2277 1160 2323 populum,
1184 2282 1227 2310 ut
1250 2278 1323 2322 ipsi
1347 2289 1423 2310 mos
1448 2282 1514 2318 est,
1536 2277 1695 2322 signans,

260 2324 367 2358 dicit:
393 2325 471 2360 Pax
490 2326 678 2369 omnibu-33
700 2325 855 2370 populus
879 2324 1092 2369 respondet:
1119 2324 1166 2357 Et
1191 2323 1343 2369 spir-itui
1369 2333 1442 2358 tuo.
1495 2323 1695 2358 Diaconus:

263 2373 394 2418 Capita
410 2383 535 2408 nostra
550 2374 710 2407 Domino
730 2372 971 2414 inclz'nemu53
995 2371 1170 2416 populus:
1205 2371 1260 2404 Tu
1286 2371 1451 2406 Domine.
1500 2370 1604 2404 Tunc
1626 2382 1695 2416 po-

257 2421 366 2464 pulus
393 2424 500 2464 caput
529 2421 712 2466 paulisper
745 2419 918 2460 inclinat,
949 2417 1047 2464 quod
1087 2422 1124 2450 et
1162 2417 1366 2462 patriarcha
1396 2423 1433 2451 ct
1461 2418 1694 2461 Imperatores

262 2471 300 2499 et
324 2466 490 2500 Caesares
514 2467 671 2509 faciunt3
695 2475 818 2511 preces
844 2476 927 2498 vero
954 2464 1128 2498 secundas
1152 2464 1355 2509 patriarcha
1379 2464 1550 2499 instituit.
1599 2463 1694 2508 Qui-

261 2511 328 2545 bus
355 2514 481 2554 finitis,
507 2514 675 2558 populus:
700 2514 814 2546 Amen
839 2511 949 2553 dicit,
984 2513 1061 2555 ipse
1085 2522 1168 2544 vero
1194 2511 1386 2544 caesaricia
1415 2511 1556 2545 sublata
1591 2521 1696 2544 oscu-

260 2559 357 2592 latur
381 2565 418 2593 et
442 2559 606 2594 Dominis
637 2559 748 2594 tradit
766 2585 776 2599 ,
839 2559 879 2592 ui
915 2570 957 2592 ea
984 2569 1129 2604 quoque
1166 2558 1373 2592 osculantur
1411 2569 1451 2591 ac
1482 2556 1695 2590 Caesaribus

262 2607 455 2640 osculanda
486 2606 645 2642 tradunt.
704 2606 795 2641 Cum
853 2607 882 2639 is
909 2604 1041 2639 deinde
1071 2615 1178 2650 supra
1211 2610 1320 2650 caput
1362 2604 1514 2638 sublatis
1555 2603 1695 2648 signum

262 2653 374 2687 crucis
410 2654 566 2695 faciunt,
608 2655 772 2687 invocato
805 2653 840 2686 S.
864 2652 1054 2686 Tririitatis
1090 2651 1249 2692 nomine,
1288 2658 1369 2695 post
1400 2651 1506 2684 electi
1531 2649 1695 2683 Caesaris

261 2701 371 2744 capiti
396 2702 606 2747 imponunt,
634 2700 718 2735 dum
742 2700 915 2739 factiones
938 2700 1078 2734 interea
1103 2703 1139 2733 et
1162 2699 1319 2744 populus
1346 2698 1462 2732 omnis
1487 2697 1702 2746 acclamanti
