1878 3112
310 84 344 140 3
358 103 376 139 1
391 105 420 139 2
560 119 577 123 -·
594 102 954 146 CONSTANTINI
993 101 1488 149 PORPHYROGENITI

309 206 436 248 ἵππον
461 207 519 255 εἷς
536 204 583 247 τὸ
609 208 736 258 μέσον
756 206 830 246 τοῦ
855 202 1038 258 στάβλου
1062 204 1144 246 οἷπὸ
1165 207 1243 246 τοῦ
1262 205 1430 261 πρώτου
1452 206 1531 253 ἕως
1550 205 1627 246 τοῦ
1647 204 1773 260 ἐσχά-

116 276 267 318 Μεηδο.
283 288 403 325 arev,
427 275 498 314 καί
516 274 747 324 θεωροῦσιν
772 267 1001 326 ἀμφότεροι
1014 269 1060 312 τὸ
1082 271 1310 312 σώσιππον.
1340 272 1476 324 δείλης
1499 270 1545 312 δὲ
1557 273 1775 326 προέρχον-

313 354 382 381 ται
405 337 441 379 οἱ
463 338 675 391 θεωρηταί
689 334 794 389 μετὰ
817 338 897 378 τῶν
917 335 1128 392 βηγαρίων
1148 337 1206 385 εἰς
1226 335 1320 385 τούς
1331 335 1465 385 οἴκους
1479 337 1562 377 τῶν
1584 335 1776 392 κρατούν-

309 420 390 446 των
420 404 611 459 ἦνιόχων,
642 402 714 443 καί
741 399 986 458 ἀμφότεροι,
1018 404 1060 444 οἵ
1085 419 1129 444 τε
1158 403 1317 458 ἡνίοχοι
1339 400 1412 443 καὶ
1435 399 1473 443 οἱ
1493 399 1686 457 βηγάριοι
1705 401 1778 443 καὶ

117 467 302 511 Ed-L·¹.82
315 469 353 512 οἱ
383 468 606 524 θεωρηταί,
639 466 836 522 ἔρχονται
861 469 920 517 εἰς
948 466 994 509 τὸ
1027 467 1277 524 ὄρνατόριον.
1323 465 1430 520 μετὰ
1461 468 1507 509 δὲ
1557 465 1606 509 τὸ
1632 467 1806 523 nevel-5

315 539 407 577 θεῖν
434 532 530 583 τούς
572 531 766 588 ἡνιόχους
803 533 1023 588 ἀνέρχεται
1069 532 1090 574 ὅ
1123 533 1338 589 δήμαρχος
1375 531 1482 587 μετὰ
1522 531 1672 588 ὀλίγων
1702 534 1777 588 δη-

315 602 457 655 μοτῶν
484 601 556 643 καί
582 601 664 642 τῶν
691 602 848 641 λοιπῶν
877 601 1087 655 φυλητῶν,
1125 599 1199 646 καί
1229 597 1605 654 συναθροϊζόμενοι
1623 598 1776 649 πάντες

318 665 615 720 οἶντιβάλλουσι
655 664 760 722 πρὸς
805 662 1009 721 ἀλλήλους
1048 665 1100 708 τὰ
1130 663 1331 720 κάγκελλα
1371 664 1443 707 καί
1488 664 1583 716 τοὺς
1611 665 1777 714 ἵππους.

319 731 432 775 οἶδὲ
462 730 731 789 ὄφῳικιάλιοι
769 731 972 785 κράζουσι
1014 730 1112 781 τοὺς
1145 729 1387 787 θεωρητὰς,
1438 730 1506 773 ἵνα
1545 728 1778 787 πειράσωσι

319 796 372 847 τὰ
401 798 602 853 κάγκελλα
632 800 704 839 καί
730 795 828 846 τοὺς
857 798 1032 850 ἵππους,
1083 815 1190 851 μετα
1223 799 1269 839 δὲ
1299 795 1345 839 τὸ
1373 796 1568 853 πειράσαι
1597 796 1830 848 τούτουςιο

320 863 371 908 τὰ
403 864 605 919 κάγκελλα
637 863 657 907 ὃ
686 862 971 920 μαγγανοὶριος
998 861 1153 918 ἀνοίγει
1178 864 1313 906 πάντα
1331 897 1344 916 ,
1375 865 1602 917 ἐπείγοντος
1631 863 1677 904 δὲ
1704 864 1776 904 τοῦ

321 928 569 987 τριβούνου,
610 931 885 985 κατέρχονται
915 932 958 972 οἵ
984 947 1027 972 τε
1056 929 1220 985 ἡνίοχοι
1246 931 1318 972 καί
1345 927 1382 970 οἱ
1411 928 1605 985 βηγάριοι
1638 927 1710 971 καὶ
1738 925 1779 969 οἷ

321 996 536 1052 θεωρηταί
564 998 635 1043 καί
663 995 684 1037 ὅ
715 995 938 1052 ἐπιστάτης
949 1029 961 1051 ,
992 995 1065 1039 καί
1090 997 1348 1054 εἰσέρχονται
1377 991 1608 1052 ἀμφότεροι
1641 995 1701 1044 εἷς
1727 991 1775 1036 τὰ

325 1062 632 1119 τριβουνάλιον.

302 1178 331 1219 Β
683 1176 787 1222 Περὶ
814 1176 879 1218 τῆς
907 1173 1044 1222 ἄρνας,
1069 1174 1153 1213 πῶς
1183 1174 1244 1208 δεῖ
1265 1175 1423 1210 xvi-tur.
1785 1187 1832 1229 ¹5

430 1247 614 1305 Ἰστέον,
662 1249 725 1295 ὅτι
753 1250 779 1308 ἦ
809 1247 910 1308 ὅρνα
948 1255 1117 1295 ἵσταται
1145 1253 1189 1294 ἐν
1218 1253 1273 1310 τῷ
1300 1255 1414 1310 μέσῳ
1442 1253 1520 1294 τοῦ
1555 1252 1780 1305 τριβουνα-

328 1319 438 1371 λιὀυ,
483 1311 556 1362 nat
584 1318 606 1360 ὃ
639 1318 934 1375 φακτιονάριος
961 1323 1080 1363 τιθεῖ
1111 1320 1169 1369 εἰς
1195 1317 1240 1361 τὸ
1274 1321 1446 1375 φατνιόν
1473 1319 1547 1373 τῆς
1575 1311 1702 1373 ῧρνας
1728 1314 1778 1357 τὰ

283 1406 285 1410 ·
329 1384 407 1425 δύο
436 1382 616 1439 σφαιρία
641 1385 716 1425 τοῦ
742 1385 897 1439 μέρους
925 1385 1058 1426 αὐτοῦ
1084 1384 1155 1427 ἐπὶ
1174 1382 1248 1426 τὸν
1274 1381 1401 1426 τόπον
1425 1380 1500 1425 τὸν
1524 1382 1646 1435 ἴδιον,
1675 1380 1781 1423 ἔνθα

330 1448 404 1493 καί
440 1447 646 1504 κάθηται,
694 1448 850 1502 ὁμοίως
886 1452 1009 1494 τοῦτο
1045 1457 1162 1492 ποιεῖ’
1194 1452 1265 1491 καί
1292 1449 1314 1490 ὅ
1343 1450 1417 1490 τοῦ
1456 1445 1598 1504 ἑτέρου
1626 1449 1782 1502 μέρους

335 1514 658 1572 φακτιονάριος·
716 1516 775 1565 εἷς
808 1517 853 1557 δὲ
882 1514 928 1557 τὸ
959 1519 1087 1570 μέσον
1126 1517 1347 1567 καθέζεται
1375 1515 1420 1556 ἐκ
1448 1511 1670 1569 προσώπου
1701 1512 1832 1558 10520

334 1582 613 1636 πραιποσίτου
645 1580 943 1638 σιλεντιάριος,
975 1582 1166 1639 δεύτερος
1193 1585 1284 1636 μετ’
1316 1583 1470 1623 ἐκεῖνον
1502 1577 1524 1620 ὅ
1549 1580 1777 1634 τριβοῦνος,

334 1646 474 1704 τρίτος
502 1644 524 1688 ὅ
556 1645 763 1705 κούρσωρ,
791 1645 847 1698 ὥς
876 1650 922 1691 ἐκ
949 1647 1170 1707 προσώπου
1194 1650 1270 1690 τοῦ
1288 1644 1555 1703 ἄκτουαρίου,
1582 1646 1782 1700 τέταρτος

426 1774 457 1808 7·
483 1763 655 1809 (PU-²711&
679 1764 734 1798 ed.
857 1778 907 1802 ιο.
933 1765 1090 1805 τούτους
1113 1763 1170 1813 502
1195 1765 1406 1813 κάγκελλα,
1428 1763 1450 1799 ὅ
1479 1775 1518 1811 μ.
1550 1760 1605 1798 ed.
1727 1761 1780 1795 18.

425 1808 547 1846 τόπον
573 1810 676 1847 ἴδιον
703 1811 759 1845 ed.

335 1900 497 1944 singulos
533 1912 646 1947 equos
679 1913 699 1934 a
733 1904 850 1948 primo
879 1903 927 1937 ad
950 1904 1119 1938 ultimum
1154 1904 1354 1944 deducant,
1378 1914 1468 1949 quos
1490 1914 1576 1936 num
1597 1901 1672 1935 sani
1692 1902 1783 1942 sint,

337 1957 460 1980 omnes
484 1948 692 1993 inspiciunt.
737 1951 890 1995 Vesperi
919 1958 1040 1985 autem
1062 1952 1236 1984 circenses
1261 1963 1340 1983 cum
1366 1950 1514 1994 big-ariis
1538 1949 1583 1982 ad
1604 1949 1782 1982 victorum

339 1995 545 2038 aurigarum
569 1995 674 2028 aedes
692 2008 728 2029 se
749 1998 957 2038 conferunt,
990 2005 1027 2031 et
1051 1999 1218 2043 utrique,
1255 2004 1332 2032 tum
1360 1997 1525 2040 aurigae,
1549 2002 1626 2029 tum
1651 1994 1784 2038 bigarii

340 2045 377 2073 et
403 2040 622 2085 inspectores
651 2043 697 2075 ad
723 2045 949 2077 urnatorium
972 2044 1170 2077 discedunt.
1220 2045 1303 2090 Quo
1333 2049 1524 2088 postquam
1553 2042 1698 2085 aurigae
1724 2051 1782 2073 ac-

341 2094 538 2130 cesserunt,
564 2087 775 2123 demarchus
802 2102 882 2124 cum
906 2091 1128 2124 factionariis
1153 2091 1340 2124 nonnullis
1371 2096 1408 2123 et
1432 2089 1559 2123 ceteris
1595 2087 1781 2120 sodalibus

339 2133 521 2176 ascendit,
547 2140 584 2168 et
608 2147 731 2170 omnes
760 2137 813 2170 ibi
844 2138 1047 2182 congregati
1069 2138 1244 2170 cancellos
1270 2142 1307 2169 et
1335 2147 1446 2181 equos
1476 2136 1630 2170 invicem
1660 2134 1784 2167 confe-

339 2185 426 2213 runt
449 2186 486 2214 et
515 2182 723 2226 inspiciunt.
773 2184 954 2217 Officiales
980 2195 1064 2219 vero
1089 2185 1309 2228 inspectores
1340 2183 1550 2223 hortantur,
1576 2188 1618 2216 ut
1642 2181 1783 2214 cancel-

338 2226 394 2260 los
415 2233 452 2261 et
479 2238 591 2273 equos
619 2231 825 2264 examinent
848 2242 888 2264 ac
906 2237 1067 2271 tentent,
1103 2242 1175 2276 quo
1206 2230 1302 2263 facto
1339 2229 1582 2262 machinarius
1605 2228 1782 2261 cancellos

343 2283 466 2308 omnes
489 2275 629 2319 aperit,
655 2282 712 2318 et,
737 2284 885 2321 urgente
912 2277 1059 2312 tribuno
1076 2304 1085 2319 ‚
1110 2278 1255 2322 aurigae
1283 2283 1319 2311 et
1349 2276 1479 2321 bigarii
1501 2287 1581 2311 cum
1599 2276 1785 2321 inspecto-

342 2319 444 2359 ribus
463 2327 499 2356 et
520 2322 689 2367 praeside
719 2323 943 2360 descendunt
975 2336 1016 2357 ac
1046 2324 1209 2359 tribunal
1228 2323 1493 2369 ingrediuntur.

713 2437 757 2460 m:
783 2437 895 2470 URRA5
924 2439 1093 2469 QUOMODO
1117 2437 1255 2461 Aurum
1283 2435 1423 2460 DEBEAT.

431 2515 528 2548 Urna
547 2517 586 2549 in
599 2517 720 2550 medio
740 2518 916 2551 tribunali
942 2519 1148 2559 constituta,
1163 2517 1398 2551 factionarius
1417 2516 1507 2549 duos
1539 2514 1706 2560 globulos
1729 2513 1786 2546 fa—

342 2561 471 2595 ctionis
496 2574 581 2596 suae
606 2564 644 2596 in
667 2564 809 2598 stabulo
834 2566 911 2599 eius
945 2566 1026 2598 loco
1061 2565 1227 2609 proprio,
1253 2563 1315 2596 ubi
1336 2570 1372 2596 et
1393 2563 1514 2596 sedem
1535 2574 1636 2595 suam
1658 2559 1784 2601 habet,

340 2610 486 2652 reponit
502 2636 511 2651 ‚
535 2610 635 2656 quod
658 2611 753 2645 idem
778 2612 1013 2646 factionarius
1037 2612 1185 2645 alterius
1206 2611 1317 2656 partis
1343 2611 1447 2644 facit:
1472 2610 1511 2642 in
1532 2609 1653 2642 medio
1672 2607 1785 2640 silen-

339 2654 491 2698 tiarius,
515 2668 707 2701 personam
730 2659 930 2704 praepositi
949 2659 1150 2700 sustinens,
1176 2657 1354 2691 secundus
1379 2663 1463 2702 post
1483 2656 1580 2689 hunc
1602 2655 1784 2692 tribunus,

340 2701 471 2741 tertius
501 2714 645 2747 cursor,
680 2707 785 2753 quasi
811 2706 964 2749 actuarii
994 2707 1096 2750 loco,
1129 2711 1279 2752 quartus
1311 2702 1639 2750 combinographus
1669 2701 1785 2750 impe*
