1878 3112
361 104 474 171 464
629 122 890 163 APPENDJX
929 120 1002 161 An
1041 121 1241 162 mamm
1278 121 1490 164 Pthm

362 241 420 274 ως
446 221 519 264 καί
541 220 587 264 τὸ
614 220 772 263 ἔλαιον·
830 220 883 262 τὰ
914 222 958 262 δὲ
988 220 1116 263 λοιποὶ
1144 220 1354 276 βρώσιμα,
1382 217 1510 278 ἤγουν
1535 220 1708 278 λαρδῆν,
1735 222 1785 264 οἷ·-

340 287 515 338 ’πόκτιν,
543 286 675 341 τυρίν,
706 286 868 342 ὀψάρια
895 285 1048 340 naon),
1069 286 1246 343 σφακτά,
1270 287 1458 344 πρόβατα
1483 284 1663 343 ῧπαρνα,
1691 287 1786 342 οἶγε-

360 353 483 395 λάδια
510 349 731 406 ὕπόμοσχα
761 351 833 393 καί
861 349 969 394 οἶνον
1010 350 1211 407 ἐγχώριον
1241 356 1488 408 χορηγοῦσιν
1516 352 1555 395 οἱ
1584 368 1788 409 πρωτονο-

359 419 522 473 τάριοι.
577 420 831 472 βερτζίτικον
860 419 907 459 δὲ
934 417 1006 459 καὶ
1040 420 1186 473 νεῦρον
1225 418 1383 474 ὀφείλει
1422 416 1638 476 ἀγοράζειν
1665 417 1688 460 ὅ
1719 419 1792 460 ἐπὶ

359 485 431 536 τῆς
458 484 660 537 τραπέζης
687 482 759 524 καί
785 482 807 524 ὅ
842 486 1082 536 δομέστικος
1105 485 1178 538 τῆς
1213 484 1462 540 ὑπουργίας.
1519 482 1701 540 οἷριθμια
1741 482 1813 526 ὃὲό

359 546 433 588 καὶ
460 549 685 603 κυπρίνους
713 546 873 604 ὀφείλει
901 547 1012 602 ἔχειν
1045 547 1126 598 ἀπὸ
1150 551 1231 590 τῶν
1257 551 1483 603 βασιλικῶν
1510 564 1790 605 κουρατωρει-

321 615 430 663 Boiu.
486 612 558 654 καί
584 615 627 655 ἐν
655 608 687 671 ᾧ
717 615 954 656 ὁάπανᾶται
981 611 1006 668 ἦ
1036 613 1228 669 βασιλικὴ
1268 614 1499 670 ὑπουργία,
1549 611 1656 656 ὅπου
1685 610 1786 671 εὕρῃ

357 677 483 721 καλὸν
512 675 621 721 οἶνον
649 678 721 720 καί
745 677 884 728 ἔλαιον
913 678 985 720 καὶ
1026 674 1205 735 ὄσπρια,
1256 681 1324 722 ἵνα
1367 678 1579 734 ἐπιβάλλει
1617 682 1661 722 ἐν
1702 684 1790 727 τοῖς

358 745 533 799 ἀγγείοις
565 745 698 786 aito&
710 779 724 798 ,
769 746 841 786 καί
867 742 946 787 ὅσα
972 744 1138 795 ξενάλια
1182 747 1365 802 φέρουσί
1391 761 1498 794 τινες
1525 746 1582 803 τῷ
1613 748 1790 798 βασιλεῖ,

358 809 412 852 τὰ
440 812 518 864 μὲν
545 810 738 866 βρώσιμα
770 808 970 864 λαμβάνει
997 808 1018 851 ὃ
1057 810 1129 852 ἐπὶ
1163 814 1237 866 τῆς
1275 813 1479 867 τραπέζης
1517 812 1589 852 καί
1617 808 1639 851 ὅ
1668 811 1844 862 δομέ-ιο

358 892 495 925 στικος
531 877 604 930 τῆς
639 875 866 932 ὑπουργίας
906 872 978 918 καί
1015 875 1036 917 ὅ
1065 875 1267 926 οἷκειακὸς
1305 878 1379 918 καί
1402 874 1617 930 βασιλικὸς
1647 873 1793 917 κελλά-

361 956 463 997 ριος,
492 941 564 983 καί
590 938 691 982 ὅπου
721 940 944 997 προστάξει
973 940 998 982 ὅ
1019 941 1236 996 βασιλευς,
1266 943 1533 994 διανέμουσιν
1557 937 1680 982 αὐτά.
1707 938 1791 994 χρὴ

361 1010 408 1050 δὲ
452 1005 666 1061 γινώσκειν
703 1006 774 1049 τὸν
812 1008 884 1048 ἐπὶ
915 1010 986 1062 τῆς
1028 1009 1233 1063 τραπέζης
1273 1009 1347 1048 τοῦ
1377 1006 1486 1060 ἔχειν
1515 1006 1724 1062 φούρνους
1756 1001 1793 1045 δ’

359 1071 464 1128 πρὸς
491 1072 567 1127 τὴν
588 1069 796 1127 ἀποβολὴν
823 1075 895 1127 τῆς
922 1075 1092 1129 Συρίας,
1122 1073 1193 1114 καί
1220 1075 1364 1115 δίκτυα
1396 1071 1499 1129 πρὸς
1526 1070 1573 1114 τὸ
1603 1068 1794 1112 dnonas!-

359 1155 421 1180 ειν
450 1136 501 1180 τὰ
531 1132 668 1192 ὄρνεα,
698 1137 770 1178 καί
795 1139 1108 1190 καυκοπινάκια,
1138 1141 1206 1180 ἵνα
1234 1140 1394 1180 πίνωσι.
1450 1139 1522 1180 καί
1546 1134 1609 1179 ὅτε
1630 1135 1845 1178 ’κελεύειιὸ

361 1201 382 1244 ὅ
409 1201 606 1257 βασιλεὺς
635 1203 860 1256 ἀποβαλεῖν
888 1205 933 1244 ἐν
961 1206 1114 1262 Συρίᾳ,
1157 1204 1396 1260 ὀφείλουσιν
1433 1201 1644 1260 φορτίζειν
1671 1199 1725 1243 τοὶ
1754 1200 1791 1242 π’

360 1266 574 1322 σαγμάρια
602 1268 677 1321 τῆς
703 1271 904 1320 κομπίνας
933 1266 1095 1322 arizuh,
1123 1271 1194 1311 καί
1223 1266 1302 1312 ὅσα
1329 1267 1545 1324 σαγμάρια
1573 1269 1742 1323 στρέψει
1771 1263 1794 1306 ὅ

331 1329 683 1387 ρμινσουράτωρ,
732 1333 799 1374 ἵνα
843 1332 1011 1375 κάκεῖνα
1049 1333 1240 1392 φορτώσῃ
1280 1333 1301 1376 ὁ·
1335 1336 1409 1389 τῆς
1445 1334 1647 1389 τραπέζης
1673 1330 1746 1373 καὶ
1772 1327 1796 1371 ὅ

366 1399 602 1450 δομέστικος
643 1400 717 1452 τῆς
755 1398 982 1452 ὑπουργίας
1021 1402 1094 1441 καὶ
1119 1400 1143 1440 ὅ
1175 1397 1374 1448 οἰκειακὸς
1409 1395 1625 1453 βασιλικὸς
1651 1395 1797 1438 κελλά-

366 1479 475 1518 ριος,
503 1462 571 1503 ἵνα
598 1463 694 1503 καθ’
732 1461 966 1518 οἶονδὴποτε
993 1465 1144 1519 τρόπον
1171 1463 1229 1520 μὴ
1257 1467 1380 1522 λείψῃ
1408 1481 1451 1506 τι
1477 1465 1536 1513 εἰς
1565 1461 1640 1518 τήν
1670 1465 1847 1516 βασι-20

367 1526 482 1583 λικὴν
511 1527 755 1583 ὑπουργίαν.

369 1624 489 1658 oleum
526 1628 561 1657 et
584 1621 747 1668 phaselos
774 1626 836 1655 aut
858 1622 980 1662 fabas,
1011 1627 1048 1657 et
1071 1636 1208 1668 oryzam
1235 1628 1271 1659 et
1293 1623 1470 1670 pistachia
1495 1627 1531 1658 et
1552 1622 1735 1668 amygdala
1760 1626 1798 1656 et

371 1673 485 1704 lentes
510 1669 743 1715 praestabant
770 1670 856 1702 olim
885 1669 1011 1703 ambae
1046 1674 1259 1708 curatoriae.
1307 1672 1455 1717 Reliqua
1482 1681 1564 1704 vero
1590 1669 1731 1709 edulia,
1755 1673 1798 1702 ut

372 1718 535 1757 lardum,
566 1716 733 1760 adipem,
778 1727 936 1756 caseum,
968 1717 1181 1751 salsamenta
1219 1729 1280 1751 seu
1312 1718 1426 1762 pisces
1455 1718 1571 1750 muria
1609 1715 1797 1755 conditos,

371 1765 539 1809 capellaS‚
565 1775 659 1802 oves,
684 1773 776 1807 quae
800 1773 921 1806 agnos,
946 1769 983 1796 et
1004 1775 1139 1805 vaccas,
1161 1776 1254 1810 quae
1281 1765 1414 1797 vitulos
1438 1764 1588 1803 lactant,
1615 1768 1652 1796 et
1674 1763 1798 1796 vinum

372 1811 580 1854 indigenum
607 1814 790 1853 praestant
811 1810 1061 1855 protonotarii.
1110 1811 1478 1844 Bertziticum.autem
1506 1811 1580 1843 sive
1607 1809 1800 1843 salsamen-
1839 1825 1841 1827 >

373 1864 448 1891 tum
475 1857 582 1902 piscis
619 1855 751 1888 Oxiani
785 1862 821 1888 et
864 1866 1014 1888 neurum
1061 1855 1169 1903 [quod
1194 1860 1302 1891 etiam
1327 1857 1576 1890 salsamentum
1607 1856 1799 1901 piscarium

372 1905 515 1937 videtur
538 1902 646 1948 essm]
672 1901 808 1935 debent
830 1901 1030 1946 praefectus
1054 1914 1196 1936 mensae
1221 1910 1256 1937 et
1280 1902 1494 1936 domesticus
1520 1902 1714 1947 hypurgiae
1735 1910 1798 1932 seu

373 1950 566 1984 ministerii
591 1958 718 1981 emere.
767 1948 944 1982 Arithmia
973 1950 1117 1982 tandem
1143 1950 1248 1995 [forte
1265 1951 1372 1995 piscis
1397 1949 1519 1996 genus]
1545 1954 1582 1981 et
1595 1949 1710 1992 pisces
1726 1945 1798 1989 Cy-

373 1998 497 2042 prinos
530 1995 640 2028 debet
661 2005 807 2027 mensae
842 1994 1041 2039 praefectus
1079 2009 1098 2029 a
1122 1998 1227 2040 regiis
1257 1996 1443 2029 curatoriis
1477 1999 1610 2039 petere.
1659 1994 1799 2026 Interea

375 2043 459 2075 dum
484 2042 619 2085 regium
657 2042 837 2074 servitium
877 2051 938 2073 seu
972 2049 1161 2086 apparatus
1197 2043 1366 2076 culinaris
1399 2040 1637 2080 consumitur,
1665 2039 1798 2080 debet,

374 2089 581 2132 ubicunque
606 2088 764 2120 locorum
791 2093 970 2131 praestans
995 2091 1116 2121 vinum
1139 2095 1175 2121 et
1198 2090 1314 2122 oleum
1340 2093 1377 2120 et
1401 2089 1580 2131 legumina
1604 2086 1797 2127 invenerit,

374 2144 578 2179 comparare
602 2133 734 2166 honam
767 2144 887 2166 eorum
915 2136 1051 2177 copiam
1081 2141 1118 2167 et
1152 2146 1234 2168 vasa
1262 2135 1305 2166 iis
1332 2145 1393 2166 sua
1412 2133 1572 2178 implere.
1621 2133 1688 2165 Hic
1700 2132 1798 2166 idem

375 2181 573 2226 praefectus
598 2189 738 2212 mensae
772 2185 807 2211 et
844 2179 1057 2213 domesticus
1085 2181 1276 2214 ministerii
1306 2186 1342 2214 et
1364 2180 1556 2224 peculiaris
1580 2180 1697 2224 regius
1723 2179 1799 2214 cel-

376 2228 483 2260 larius
517 2227 716 2270 accipiunt,
751 2227 780 2257 si
815 2227 894 2270 quis
931 2227 1141 2271 Imperatori
1175 2227 1294 2260 edulia
1329 2238 1394 2271 pro
1419 2226 1629 2258 munusculo
1653 2226 1798 2265 offerat,

377 2284 488 2319 eaque
514 2273 601 2305 iussi
624 2285 641 2305 a
662 2273 816 2304 Domino
845 2271 1077 2310 distribuunt,
1126 2274 1244 2307 Debet
1261 2283 1406 2318 quoque
1429 2271 1631 2317 praefectus
1655 2281 1799 2304 mensae

377 2326 530 2367 quatuor
564 2319 748 2351 furnorum
789 2330 862 2351 non
898 2317 1082 2360 oblivisci,
1114 2332 1203 2366 quos
1239 2330 1355 2352 secum
1380 2318 1482 2359 feret,
1507 2317 1568 2352 ubi
1598 2319 1636 2351 in
1663 2317 1800 2361 Syriam

373 2366 618 2406 descenditur3
660 2364 811 2397 habebit
845 2365 931 2397 item
956 2365 1067 2406 retia,
1111 2365 1242 2412 quibus
1268 2366 1423 2398 involvat
1447 2371 1483 2399 ct
1510 2368 1673 2398 coerceat
1697 2363 1800 2409 galli-

371 2426 458 2452 nas,
484 2424 569 2459 quas
597 2422 715 2444 secum
733 2410 858 2452 vehet,
892 2417 928 2444 et
958 2423 1058 2445 cavas
1082 2414 1223 2458 patinas
1252 2412 1408 2456 ligneas,
1435 2423 1453 2444 e
1479 2410 1610 2456 quibus
1634 2410 1719 2444 illae
1743 2410 1801 2442 bi-

376 2461 472 2494 bant.
519 2458 663 2492 Debent
694 2468 838 2504 quoque
878 2458 966 2491 dieti
991 2460 1078 2500 viri,
1107 2458 1250 2505 quando
1275 2460 1473 2503 Imperator
1495 2458 1565 2490 iam
1590 2457 1629 2491 in
1654 2467 1696 2491 eo
1723 2461 1800 2498 est,

376 2513 418 2541 ut
449 2508 486 2539 in
512 2506 647 2549 Syriam
678 2506 810 2545 intret,
857 2505 1037 2548 octoginta
1075 2506 1246 2551 sagmaria
1281 2516 1364 2538 suae
1405 2504 1612 2545 commune,
1649 2503 1707 2536 vel
1731 2512 1798 2543 ea,

376 2564 468 2600 quae
494 2564 554 2586 sua
579 2551 781 2595 coniugatio
815 2557 851 2583 et
881 2557 1012 2585 tessera
1029 2551 1111 2584 data
1137 2553 1223 2597 ipsis
1245 2554 1410 2596 assignat,
1435 2560 1601 2591 onerare3
1622 2551 1709 2583 item
1732 2548 1797 2582 illa

376 2601 495 2634 omnia
520 2599 702 2643 sagmaria,
727 2608 819 2643 quae
844 2604 1066 2631 mensurator
1102 2598 1274 2632 hactenus
1305 2611 1324 2632 a
1361 2609 1397 2631 sc
1423 2602 1541 2631 curata
1576 2597 1615 2629 in
1639 2594 1797 2641 ipsorum

375 2658 480 2691 porro
513 2646 619 2678 fidem
652 2651 689 2677 at
713 2655 760 2676 ue
807 2644 1090 2677 sollicitudinem
1127 2645 1322 2678 traditurus
1362 2651 1398 2678 et
1431 2644 1617 2676 restiturus
1654 2647 1726 2683 θεὶς
1749 2650 1797 2674 ne

375 2693 512 2727 scilicet
529 2693 602 2726 ullo
627 2657 733 2725 motcio
758 2691 848 2725 circa
873 2693 1007 2736 regium
1032 2692 1190 2726 culinare
1215 2693 1400 2728 servitium
1425 2689 1565 2736 aliquid
1588 2688 1740 2722 deficiat.
