1748 3126
408 612 1285 664 10.1AC.REISK11

245 692 1448 782 PRAEFATloNEs.

363 1025 468 1065 AD
544 1024 891 1064 TOMUM‘
943 1021 1330 1062 PRIMUM.

126 1155 291 1236 Quum
320 1207 383 1243 ea,
412 1193 462 1232 de
490 1191 636 1246 quibus
665 1193 870 1243 admoneri
898 1191 1079 1231 futurum
1107 1191 1228 1230 huius
1256 1189 1349 1229 libri
1376 1189 1566 1230 lectorem
1576 1195 1717 1232 mul

126 1262 185 1300 sas
211 1268 294 1310 est,
320 1267 381 1299 tot
404 1260 484 1298 sint
507 1273 676 1298 numero
705 1266 746 1298 et
774 1247 961 1297 enan-atu
982 1265 1067 1296 tam
1095 1256 1246 1310 ampla,
1275 1263 1322 1294 ut
1348 1271 1446 1307 una,
1477 1272 1565 1296 mo-

124 1328 214 1366 dica
241 1333 350 1366 certe
377 1325 511 1365 futura
527 1355 539 1375 ‚
569 1325 847 1364 dissertatione
873 1323 1158 1377 comprehendi
1186 1330 1416 1376 nequeant,
1444 1322 1565 1363 aliae-

124 1407 205 1446 que
230 1399 434 1446 praeterea
460 1398 597 1430 vetent
625 1391 799 1430 rationes
822 1391 958 1428 omnia
974 1418 987 1439 ,
1019 1403 1122 1442 quae
1153 1390 1195 1427 in
1222 1396 1413 1441 promptu
1443 1398 1537 1429 sunt
1550 1420 1564 1440 ‚

124 1457 245 1497 simul
285 1457 488 1497 effundere
507 1471 520 1495 ε
564 1457 696 1496 visum
735 1463 794 1494 est
820 1468 983 1509 operam
1011 1456 1186 1508 partiri,
1223 1460 1263 1493 et
1295 1453 1372 1493 hoc
1400 1455 1563 1507 quidem

122 1524 212 1563 loco
239 1529 396 1563 tantum
427 1523 479 1562 de
506 1522 596 1561 fatis
623 1522 743 1561 huius
764 1551 777 1572 ,
806 1521 916 1574 quod
947 1535 1055 1559 nune
1094 1520 1253 1573 prodit,
1292 1522 1424 1573 operis
1454 1521 1563 1560 Con-

122 1590 352 1629 stantiniani
376 1618 389 1638 ‚
418 1591 515 1628 item
543 1588 594 1627 de
628 1587 736 1626 illius
774 1594 1010 1641 argumento
1026 1617 1039 1637 .,
1074 1586 1192 1625 titulo
1221 1593 1261 1625 et
1287 1594 1452 1625 auctore
1479 1586 1562 1625 dis-

121 1670 281 1706 seret-er,
306 1655 421 1694 alteri
449 1662 583 1693 autem
610 1653 805 1693 volumini
833 1667 925 1692 mox
946 1660 1132 1691 secuturo
1159 1650 1315 1705 reliqua
1338 1666 1561 1703 reservare,

119 1721 172 1759 de
195 1721 343 1774 quibus
370 1721 655 1772 expositionem
685 1719 878 1771 praefatio
905 1718 1045 1756 lectori
1074 1717 1205 1756 debet.

217 1784 266 1837 3.
291 1798 341 1823 J.
396 1785 461 1822 De
477 1782 592 1836 fatis
620 1784 742 1821 huius
768 1783 920 1836 operis.
958 1782 1074 1834 Opus
1100 1788 1185 1820 tam
1211 1783 1355 1821 scitum
1382 1790 1423 1822 et
1443 1784 1558 1834 utile,

118 1859 241 1904 atque
267 1849 345 1888 hoc
372 1856 447 1900 est,
474 1850 648 1902 potuisse
674 1862 751 1901 per,
772 1855 834 1886 tot
861 1847 1018 1886 saecula
1044 1849 1285 1900 scriptorum
1311 1850 1560 1891 Graecorum

99 1917 458 1967 ·Latinorumque,
495 1921 692 1967 quotquot
729 1913 782 1952 ab
819 1914 904 1952 eius
940 1912 1141 1952 natalibus
1177 1914 1272 1953 inde
1307 1914 1555 1966 claruerunt,

118 1983 299 2020 omnium
334 1982 517 2020 notitiam
547 1980 720 2034 effugere
736 2010 748 2031 ‚
790 1980 970 2034 profecto
1010 1982 1158 2020 mirum
1196 1987 1255 2019 est
1273 2009 1286 2032 7
1320 1984 1556 2034 praesertim

117 2048 161 2085 in
195 2048 280 2099 aeri
317 2047 385 2086 illa
410 2077 423 2096 ‚
462 2061 543 2100 qua
580 2048 762 2100 superius
801 2046 1004 2086 saeculum
1047 2046 1229 2086 fervebat
1247 2075 1260 2098 ‚
1300 2046 1557 2100 indagatione

116 2111 346 2157 chartarum
384 2113 436 2151 ad
472 2113 732 2166 Byzantinam
770 2112 979 2151 historiam
1016 2114 1317 2165 pertinentium.
1390 2113 1555 2152 Primus

115 2185 248 2216 autem
269 2179 497 2217 ZAanntAs
526 2178 739 2217 Comunus
767 2178 1091 2231 Urrnxnicnms,
1118 2180 1192 2218 Rei
1214 2178 1398 2231 publicae
1418 2179 1556 2218 Fran-

114 2243 344 2283 cof-manae
371 2245 423 2283 ad
457 2246 648 2284 Moenum
682 2244 885 2297 quondam
918 2237 1112 2283 Seabinus
1139 2252 1179 2283 et
1205 2244 1436 2284 Consularis
1449 2274 1462 2295 ‚
1501 2244 1551 2284 li-

113 2308 233 2348 brum
258 2310 365 2349 hunc
391 2313 433 2348 in
457 2311 606 2349 famam
632 2311 740 2349 misit
758 2332 784 2360 ‚·
809 2311 895 2348 eius
921 2312 1105 2349 notitiam
1141 2310 1295 2349 edendo
1314 2339 1327 2362 ‚
1366 2325 1471 2363 quae
1505 2325 1552 2349 ex

116 2374 297 2414 celeber.
337 2377 519 2414 FABmcn
557 2376 801 2418 Bibliothec.
840 2374 1000 2415 Graec.
1055 2376 1097 2415 Τ
1092 2390 1186 2416 omo
1210 2375 1257 2416 V
1250 2377 1289 2416 Ι.
1329 2376 1494 2414 infen'us
1526 2391 1551 2414 a

116 2443 262 2480 nostris
288 2444 418 2495 operis
446 2449 660 2495 repetetur.
716 2437 1067 2480 Ex‘Uffenhachii
1095 2443 1342 2494 possessione
1368 2443 1552 2494 pervenit

115 2507 157 2543 in
193 2506 479 2546 Bibliothecam
507 2508 647 2560 Ampl.
676 2508 845 2546 Senatus
873 2507 988 2546 urbis
1017 2514 1175 2546 nostrae
1197 2537 1210 2559 ‚
1248 2522 1352 2560 quae
1388 2509 1549 2560 optimis

110 2569 224 2609 libris
246 2573 439 2612 instructa
458 2573 624 2612 eruditis
642 2573 884 2612 nostratibus
904 2586 1051 2625 magno
1069 2574 1159 2612 usui
1188 2581 1262 2612 est.
1300 2574 1362 2612 lta
1380 2573 1547 2623 factum,

111 2643 156 2675 ut
184 2636 462 2690 Amplissimus
489 2641 748 2686 Mmmvms,
784 2639 869 2676 eins
907 2630 1128 2690 praefectus
1145 2668 1157 2688 ‚
1200 2639 1259 2677 10.
1291 2639 1420 2678 ΗΠΒ.
1447 2640 1544 2678 Ln-

110 2716 235 2742 cumu
259 2733 271 2755 ‚
320 2717 447 2756 nuper
479 2706 521 2743 in
560 2704 775 2744 Academia
820 2711 956 2744 nostra
994 2703 1279 2757 elegantiorum
1320 2703 1543 2744 litterarum
