1878 3112
333 126 448 200 494
626 143 888 186 APPEme
925 141 999 183 An
1038 143 1239 185 mmmm
1277 146 1488 188 ramum

333 240 386 285 τοὶ
425 244 607 296 τέσσαρα
644 238 733 294 ἔτη,
778 238 903 282 οἷονεί
939 242 996 297 τῷ
1031 243 1162 298 καιρῷ
1186 240 1315 301 τούτῳ
1351 242 1375 284 ὅ
1397 243 1687 298 Ἀνατολικὸς,
1730 245 1760 286 o‘

331 304 609 362 Ἀρμενιακὸς,
639 303 660 346 ὅ
693 301 947 361 Θρᾳκήσιος·
989 306 1046 362 τῷ
1073 306 1118 348 δὲ
1145 302 1269 365 ἑτέρῳ
1294 307 1432 367 χρόνῳ
1459 305 1481 349 ὅ
1507 306 1756 363 Ὀψικιανὸς,

335 371 358 415 ὃ
385 368 710 426 Βουκελλάριος,
754 370 777 412 ὅ
806 368 1062 422 Καππάδοξ·
1113 374 1170 430 τῷ
1200 374 1245 415 δὲ
1274 368 1383 432 ἄλλῳ
1418 369 1555 432 χρόνῳ
1583 367 1608 415 ὅ
1635 377 1758 430 Χαρ-

334 435 535 490 σιανίτης,
582 434 604 477 ὅ
634 437 896 489 Κολωνείας,
925 435 947 478 ὅ
976 439 1319 493 Παφλαγωνίας·
1372 439 1447 482 καὶ
1481 439 1607 482 πάλιν
1632 441 1688 496 τῷ
1715 434 1758 480 ἕ-

334 504 439 558 τέρῳ
468 500 489 542 ὅ
532 503 606 555 τῆς
635 499 812 558 Θρᾴκης,
842 500 866 542 ὃ
893 503 1175 556 Μακεδονίας,
1206 502 1230 544 ὅ
1260 506 1465 554 Χαλδίας.
1519 506 1692 546 καὶτῶν
1720 501 1784 546 δ’5

140 575 245 613 Ed.L.
259 576 325 611 285
336 565 497 622 χρόνων
519 566 777 620 διελθόντων,
797 563 922 608 πάλιν
949 565 1216 623 ἐρ’ῥογεύοντο
1241 568 1292 611 τὰ
1318 569 1569 627 ρογευθέντα
1596 571 1761 623 θέματα

330 634 388 691 τῷ
413 631 559 690 πρώτῳ
584 631 747 690 χρόνῳ.
801 626 916 685 δέον,
956 630 1112 682 πάντας
1150 633 1247 683 τούς
1283 634 1534 692 στρατηγοὺς
1559 641 1691 677 ποιεῖν
1715 649 1760 676 τε

331 699 611 754 παραγγελίαν
638 699 698 746 εἷς
724 696 823 747 τούς
849 697 1124 754 τουρμάρχας
1151 701 1314 753 αὐτῶν,
1361 700 1540 742 κοῖκεῖνοι
1577 702 1637 749 εἷς
1663 697 1762 747 τούς

333 761 767 820 ὃρουγγαροκόμητας,
811 763 882 806 ἵνα
910 762 974 806 ὲνί
1009 760 1165 823 ἑκάστῳ
1202 762 1338 823 βάντῳ
1371 764 1502 820 ἔχωσι
1537 764 1611 807 τὸν
1636 779 1761 818 κομο-

333 827 489 886 ὃρόμον
516 830 664 882 αὐτῶν,
694 826 846 882 ὁμοίως
873 828 946 870 καί
965 829 1226 886 τζαγγάριον·
1251 833 1325 873 καί
1349 829 1453 873 κατοὶ
1478 829 1628 886 βάντον
1656 827 1815 885 ἔχω-ια

335 912 381 937 σι
407 894 511 951 πρὸς
532 896 610 937 »ἕνα
638 893 766 937 α’σκὸν
791 893 942 948 βόειον,
969 894 1043 936 καί
1069 894 1149 938 α’νοὶ
1180 897 1257 938 δύο
1286 897 1425 939 οἷσκῶν
1452 898 1630 939 οἷπισίων
1656 893 1762 951 πρὸς

162 960 380 1012 Mamm}
413 959 593 1010 ειῖκόλως
621 962 821 1017 διαπερᾷν
851 959 1008 1009 αὐτοῦς
1033 960 1133 1010 τούς
1159 964 1310 1015 βαθεῖς
1337 961 1408 1004 καὶ
1436 959 1661 1011 δυσκόλους
1686 975 1763 1002 no-

331 1027 512 1081 ταμούς·
568 1025 699 1080 ἔχωσι
727 1027 773 1067 δὲ
800 1027 874 1067 καί
896 1024 947 1068 τὰ
977 1027 1173 1081 ἐργαλεῖα
1202 1029 1344 1069 αὐτῶν
1372 1028 1611 1080 οἷνελλιπῶς,
1637 1022 1764 1082 ἤγουν

332 1090 544 1144 ἆξινάριον
564 1093 622 1141 ἓν,
649 1089 873 1143 σκεπάριον
894 1091 945 1142 α’,
973 1088 1196 1146 σμιλάριον
1217 1089 1254 1133 α’
1282 1091 1385 1145 μετὰ
1405 1094 1478 1135 τοῦ
1498 1089 1762 1148 ξυλοσφύρου

337 1156 488 1198 αότοῧ·
543 1152 620 1208 τὴν
648 1152 777 1208 αὐτὴν
800 1155 1083 1208 παραγγελίαν
1111 1162 1244 1199 ποιεῖν
1270 1156 1344 1199 καί
1370 1157 1394 1198 o‘
1422 1158 1657 1210 δομέστικος
1681 1155 1816 1198 τῶνιό

302 1221 499 1276 Βσχολῶν
525 1221 599 1261 καί
623 1220 682 1268 εἷς
710 1217 783 1260 τὸν
809 1218 1082 1275 τοποτηρητήν
1108 1224 1190 1264 τῶν
1216 1222 1401 1276 σχολῶν,
1429 1223 1498 1265 ἴνα
1523 1220 1597 1263 καὶ
1627 1219 1666 1263 οἱ
1692 1217 1765 1262 κόι

335 1301 462 1341 μητες
479 1282 594 1330 ,κατὰ
621 1285 723 1337 μίαν
749 1281 905 1339 σχολὴν
929 1282 1004 1339 τήν
1039 1280 1170 1340 αὐτὴν
1207 1285 1459 1329 α’κολουθίαν
1485 1284 1665 1340 ἔχωσιν.
1716 1283 1764 1326 ὅ-

333 1353 467 1407 μοίως
494 1351 567 1391 καί
589 1348 611 1392 ὅ
638 1349 870 1403 ἐξκούβιτος
896 1350 956 1399 εἷς
979 1348 1076 1399 τούς
1102 1353 1332 1406 σκριβωνας
1357 1353 1489 1394 αὐτοῦ
1507 1348 1671 1406 ποιήσει
1687 1348 1765 1405 τὴν

337 1413 472 1466 αὖτήν
497 1413 795 1470 παραγγελίαν,
841 1415 914 1457 καὶ
932 1410 962 1454 ό
992 1413 1264 1470 δρουγγάριος
1289 1418 1364 1472 τῆς
1395 1418 1538 1471 βίγλης
1571 1416 1631 1465 εἰς
1665 1413 1766 1464 τούς

338 1475 521 1532 εκόμητας
546 1476 620 1517 τοῦ
647 1474 858 1530 ἀριθμοῦ,
902 1480 977 1515 καὶ
999 1478 1022 1513 ὅ
1047 1477 1240 1522 ὶκανὰτος
1266 1482 1325 1524 εἰς
1358 1479 1457 1527 τούς
1477 1478 1663 1534 ,κόμῃτᾳς
1689 1481 1821 1526 αὖ-αο

343 1543 420 1586 τοῦ
448 1537 655 1595 ἐχέτω·τὰ
687 1537 793 1580 αὐτὰ
822 1539 1030 1594 ἐργαλεῖα.

344 1677 446 1712 Olim
475 1680 581 1720 typus
613 1684 676 1707 seu
707 1677 812 1706 tenor
847 1674 906 1706 vel
939 1673 1055 1706 forma
1085 1673 1175 1707 haec
1207 1674 1464 1708 observabatur
1496 1675 1535 1708 in
1566 1675 1660 1720 rogis
1703 1679 1767 1711 aut

345 1722 537 1769 stipendiis
580 1720 798 1754 militaribus
840 1720 1034 1758 solvendis,
1096 1720 1272 1754 Solebant
1311 1722 1470 1756 themata
1505 1732 1568 1755 seu
1606 1722 1767 1767 legiones

347 1770 510 1814 singulae
545 1773 674 1813 quarto
709 1767 837 1812 quovis
876 1777 970 1799 anno
1002 1772 1206 1800 recurrente
1238 1778 1318 1801 suas
1350 1779 1450 1813 rogas
1483 1769 1644 1812 accipere
1698 1767 1768 1802 hoc

342 1816 504 1853 modulo.
551 1815 628 1848 Hoc
658 1814 774 1858 primo
809 1823 903 1846 anno
937 1813 1163 1858 accipiebant
1185 1815 1332 1859 strategi
1355 1813 1413 1847 hi:
1450 1814 1676 1856 Anatolicm,
1701 1814 1769 1848 Ar·-

340 1863 548 1903 meniacus,
591 1859 814 1897 Thi-acesius.
867 1859 1031 1894 secundo
1073 1871 1166 1893 anno
1210 1856 1270 1894 hi:
1326 1860 1558 1904 Opsicianus‚
1604 1859 1768 1894 Bucella-

343 1911 442 1950 rius,
493 1906 697 1952 Cappadox.
756 1906 880 1940 Tertio
933 1905 993 1940 hi:
1056 1906 1270 1947 Charsiani‚
1316 1906 1510 1947 Coloniae,
1569 1905 1768 1951 Paphlago-

345 1957 442 1990 niae.
497 1954 636 1999 Quarto
668 1952 814 1989 tandem
844 1951 1037 1994 Thraciae,
1068 1952 1302 1987 Macedoniae
1337 1956 1374 1985 et
1405 1951 1586 1987 Chaldiae.
1634 1953 1770 1989 Recur-

347 2002 453 2035 rebat
497 2000 629 2033 deinde
669 1999 766 2032 orbis
806 1999 1051 2043 erogationum
1092 1998 1140 2031 ad
1185 1999 1282 2032 idem
1319 1999 1559 2043 principium,
1603 1997 1771 2030 decurre*

345 2048 486 2093 batque
509 2046 641 2080 iterum
674 2051 783 2090 atque
807 2047 938 2082 iterum
963 2045 1104 2078 easdem
1135 2045 1241 2079 vices.
1287 2043 1431 2078 Debent
1453 2044 1598 2089 strategi
1621 2043 1772 2077 mandaa·

348 2099 429 2127 tum
455 2093 494 2125 in
517 2092 681 2126 subditos
712 2091 782 2123 sibi
806 2090 1047 2132 turmarchas,
1083 2095 1120 2123 et
1143 2090 1182 2123 hi
1217 2091 1256 2123 in
1289 2089 1454 2124 subditos
1477 2090 1549 2124 sihi
1576 2089 1773 2134 drungaro·

353 2141 500 2172 comites
533 2139 660 2179 edere,
693 2142 734 2170 ut
763 2137 1049 2183 unumquodque
1078 2136 1239 2170 bandum
1276 2146 1338 2168 seu
1361 2136 1535 2171 vexillum
1558 2139 1622 2169 aut
1645 2135 1772 2169 cohors

350 2185 487 2219 habeat
516 2195 620 2217 suum
661 2183 927 2218 comodromum
958 2194 1021 2216 seu
1055 2182 1197 2215 fabrum
1233 2181 1444 2223 serrarium,
1472 2188 1515 2216 ut
1545 2187 1582 2215 et
1613 2186 1774 2216 sutorem.

349 2231 567 2266 calcearium
582 2255 592 2271 ,
614 2229 845 2275 singulos'que
869 2234 966 2263 utres
990 2229 1166 2269 bovillos,
1191 2232 1228 2261 et
1239 2227 1343 2260 binos
1370 2233 1466 2261 utres
1491 2236 1536 2262 ex
1557 2229 1676 2270 aluta,
1699 2238 1772 2274 quo

352 2279 482 2313 fluvios
505 2276 702 2322 profundos
735 2279 772 2308 et
801 2275 952 2311 traiectu
984 2275 1144 2308 difficiles
1178 2274 1284 2307 facile
1308 2274 1511 2319 traiiciant3
1531 2275 1622 2309 item
1645 2279 1688 2308 ut
1708 2284 1776 2319 pe-2

354 2335 419 2359 nes
445 2335 482 2357 se
507 2333 691 2368 nunquam
715 2331 788 2354 non
810 2320 970 2354 habeant
1000 2322 1238 2354 instrumenta
1269 2331 1333 2354 sua
1352 2320 1489 2366 absque
1523 2321 1634 2354 ullius
1671 2319 1774 2353 dese-

356 2377 437 2411 ctu,
469 2379 608 2402 secures
640 2372 727 2413 puta
757 2367 913 2411 singulas
958 2371 994 2400 et
1027 2367 1192 2400 dolabras
1224 2367 1380 2410 singulas
1412 2373 1449 2401 et
1479 2367 1612 2401 cultros
1648 2375 1773 2400 curvos

356 2416 566 2461 scalptorios
592 2415 748 2460 singulos
774 2418 810 2446 et
833 2414 948 2450 clavas
969 2414 1115 2458 ligneas,
1138 2413 1381 2446 Domesticum
1401 2424 1547 2459 quoque
1570 2412 1774 2446 scholarum

358 2468 504 2509 oportet
526 2461 658 2497 vicario
682 2460 884 2498 scholarum
908 2460 1104 2504 imperare,
1124 2465 1165 2493 ut
1187 2465 1288 2492 curet
1310 2459 1355 2491 ab
1370 2461 1655 2514 uniuscuiusque
1669 2458 1776 2491 scho-

357 2511 416 2544 lae
441 2509 570 2543 comite
592 2508 681 2544 haec
705 2508 782 2552 ipsa
806 2507 846 2539 in
869 2506 990 2543 schola
1013 2517 1076 2540 sua
1105 2510 1243 2551 promta
1280 2510 1316 2539 et
1338 2511 1461 2551 parata
1483 2505 1621 2539 haberi.
1671 2504 1777 2538 Man-

360 2557 444 2591 data
470 2555 594 2591 eadem
620 2554 704 2590 edet
727 2553 915 2587 excubitus
939 2553 978 2587 in
1000 2564 1082 2589 suos
1102 2552 1316 2593 scribones,
1340 2558 1377 2586 et
1396 2552 1608 2597 drungarius
1629 2549 1774 2598 vigiliae

362 2603 403 2637 iu
425 2602 570 2638 comites
593 2600 759 2642 arithmi,
789 2604 826 2634 et
845 2599 1031 2635 hicanatus
1054 2600 1094 2635 in
1115 2600 1264 2634 comite·
1288 2598 1345 2633 sui
1368 2598 1517 2636 ordinis,
