1878 3112
302 111 339 179 4
351 111 419 179 14
586 129 947 173 CONSTANTINI
987 129 1473 177 PORPHYROGENITI

305 247 455 290 φανον,
485 234 560 275 καί
595 233 780 287 κάθηται
808 232 867 289 τῷ
895 233 1008 291 ἵππῳ
1037 228 1142 290 ἄχρι
1165 231 1432 290 Ἑλενιανῶν,
1462 239 1536 280 καί
1561 244 1756 298 κατέρχε-

303 315 375 340 ται
404 301 500 350 ἐκεῖ,
532 296 602 339 καὶ
629 298 791 356 ἀπαντᾷ
817 297 934 355 αὐτῷ
963 297 987 339 ὅ
1017 297 1157 356 φύλαξ
1183 302 1260 342 τοῦ
1279 305 1503 357 παλατίου,
1531 306 1606 346 καί
1630 322 1758 361 προσ.

301 370 437 417 κυνεῖ,
478 363 551 405 ἐὰν
587 361 645 418 μὴ
685 361 750 418 εἴη
788 362 994 419 κυριακὴ,
1036 363 1143 418 μετά
1183 363 1231 407 τὸ
1273 368 1479 410 εἰσελθεῖν
1515 368 1647 412 αὐτόν
1681 371 1757 427 τὴν

300 429 440 485 θύραν
466 431 542 470 τοῦ
570 427 792 471 παλατιόυ.
846 428 921 471 καί
949 428 1023 473 εἰὶν
1051 429 1115 486 εἴη
1144 427 1448 487 ἀξιωματικός,
1479 435 1648 489 δέχεται
1675 436 1758 479 αὔ-

300 495 376 537 τὸν
404 493 486 537 α’πὸ
516 493 753 548 στόματος·
810 497 903 538 ἐκεῖ
925 497 972 539 δὲ
1002 493 1116 555 αὐτῷ
1144 493 1313 557 ἀπαντᾷ
1339 498 1412 541 καί
1438 499 1463 541 ὅ
1490 500 1678 557 σταυρὸς
1708 501 1781 544 ἐκ5

301 563 448 612 δεξιῶν
492 561 628 603 αὐτοῦ
669 560 892 616 ἱστάμενος
936 565 1003 606 ἐπ’
1031 563 1218 621 ἐδάφους
1260 568 1333 608 καί
1365 567 1642 622 κρατούμενος
1668 566 1753 610 ὑπὸ

300 630 382 671 τῶν
421 627 702 684 βεστητόρων.
758 627 781 670 ὅ
812 629 858 671 δὲ
896 628 1096 684 βασιλεὺς
1138 628 1342 674 α’λλάσσει
1368 634 1430 682 εἷς
1455 632 1504 675 τὸ
1532 633 1757 687 μουταταὸ-

301 710 408 749 ριον,
436 693 509 736 καί
534 691 682 749 βάλλει
709 700 901 748 καμπαῖα
931 695 1004 738 καί
1031 694 1183 738 λευκὸν
1211 693 1474 753 αὖρόκλαβον
1511 700 1755 756 ὃιβητὴσιον

264 762 380 804 1)καί
411 760 488 817 τὴν
515 762 741 818 πορφυρᾶν
763 762 986 818 χλαμύδα,
1016 762 1266 806 ‚eaesae-9222!
1294 763 1353 814 ait,-
1380 766 1426 807 ἐν
1453 766 1640 824 ,Μαρτίῳ
1670 769 1755 809 ποῖ.

301 844 357 870 σα
387 827 414 881 ἦ
445 825 663 883 δίρεκτιών
689 827 874 883 γίνεται,
901 828 974 871 καί
993 830 1178 886 κάθηται
1205 831 1264 880 εἷς
1291 828 1367 886 τήν
1394 832 1624 888 καρούχαν,
1651 848 1810 890 προ-ιο

303 895 539 950 ηγουμένου
582 893 659 936 τοῦ
686 897 874 951 σταυροῦ
900 894 975 938 καί
1008 897 1092 938 τῶν
1118 899 1361 952 περσικίων.
1414 895 1678 954 συγκάθηται
1705 899 1754 942 δὲ

296 957 413 1019 αὐτῷ
439 961 514 1001 καί
541 956 562 1001 ὅ
591 961 755 1017 πρῶτος
785 964 1020 1018 πατρίκιος,
1051 958 1078 1017 ἢ
1107 958 1151 1004 ὃν
1176 958 1228 1004 ἂν
1255 964 1473 1021 ἐπιτρέψῃ,
1504 966 1639 1020 φιλῶν
1666 964 1749 1006 αὕ-

297 1029 375 1069 τοῦ
401 1025 478 1076 τάς
501 1031 672 1083 χεῖρας·
733 1025 773 1069 οἱ
798 1027 880 1083 γάρ
912 1023 1032 1070 ἄλλοι
1061 1023 1266 1084 ἄρχοντες
1290 1027 1653 1086 προλαμβάνουσι·
1679 1027 1756 1072 καί

294 1091 435 1137 ἐλθών
461 1095 519 1144 εἰς
546 1091 619 1135 τὸν
647 1092 779 1150 φόρον
808 1097 1158 1150 Κωνσταντίνου,
1195 1097 1448 1151 κατέρχεται
1488 1097 1535 1138 ἐκ
1573 1097 1649 1152 τῆς
1676 1112 1752 1138 κα-

295 1160 477 1217 ρύύχας,
516 1158 590 1201 καὶ
624 1161 792 1214 δέχεται
828 1159 902 1202 τὸν
931 1157 1123 1217 ὕπαρχον
1150 1163 1224 1218 τῆς
1262 1161 1419 1212 πόλεως
1446 1164 1521 1205 καί
1544 1161 1622 1218 τὴν
1649 1161 1807 1218 σύγ-15

295 1231 453 1282 κλητον.
508 1227 740 1282 προσφέρει
768 1227 816 1269 δὲ
856 1227 974 1284 αὐτῷ
1001 1226 1025 1268 ὅ
1053 1229 1218 1282 πρῶτος
1246 1230 1331 1270 τῶν
1366 1230 1650 1284 συγκλητικῶν
1675 1244 1754 1281 με-

295 1293 345 1335 τά
373 1292 453 1333 τοῦ
481 1292 669 1347 ἐπάρχου
697 1294 773 1348 τῆς
799 1288 957 1342 πόλεως
991 1291 1187 1347 μοδιόλον
1213 1293 1417 1348 χρυσοῦν.
1471 1292 1545 1335 καί
1567 1293 1673 1346 μετά
1701 1294 1748 1336 τό

105 1359 506 1411 Εά.[.24ιὸέξασθαι
542 1356 702 1408 πάντας
743 1355 826 1399 α’πὸ
867 1359 1100 1412 στόματος,
1142 1354 1367 1414 ἀνέρχεται
1406 1360 1467 1410 εἷς
1492 1357 1570 1415 τήν
1597 1358 1753 1415 napo&-

295 1441 400 1479 χαν,
445 1425 520 1466 καί
543 1422 671 1477 μόνος
697 1423 896 1480 κάθηται.
943 1423 1207 1481 δηριγεύεται
1236 1426 1284 1468 δὲ
1310 1422 1394 1467 ’ὖπὸ
1422 1427 1507 1468 τῶν
1533 1430 1752 1482 συγκλητι-

297 1492 381 1534 κῶν
408 1489 483 1533 καί
506 1491 590 1534 τῶν
617 1486 853 1548 ἀρχόντων,
891 1491 966 1534 καί
991 1490 1164 1548 ἔρχεται
1190 1493 1251 1541 εἷς
1277 1490 1351 1547 τὴν
1377 1492 1597 1549 ἐκκλησίαν
1624 1509 1806 1549 napi-20

389 1582 424 1617 8.
453 1580 660 1629 καμπᾶγια
686 1581 780 1615 coni.
806 1582 844 1618 R.
943 1593 999 1620 10.
1022 1582 1178 1616 ΣΧΟΛ.
1216 1580 1426 1627 ὂψίκευσις.

299 1673 468 1715 vehitur,
494 1671 612 1708 donec
636 1672 682 1707 ad
707 1672 928 1707 HelenIanas
953 1674 1106 1708 venerit.
1153 1672 1213 1708 Ibi
1238 1678 1361 1708 autem
1385 1672 1597 1715 descendit,
1630 1675 1668 1708 et
1689 1683 1754 1708 oe-

301 1722 415 1754 currit
438 1721 509 1766 ipsi
534 1726 654 1755 custos
686 1721 836 1767 palatii,
876 1720 998 1768 [quod
1023 1721 1069 1754 ab
1095 1721 1235 1755 Helena
1259 1732 1392 1755 nomen
1416 1720 1573 1769 habet,]
1617 1721 1754 1767 ingres-

299 1779 452 1814 sumque
481 1778 546 1812 per
569 1773 712 1814 portam
737 1768 890 1813 palatii,
916 1780 1009 1813 genu
1035 1768 1154 1810 flexo,
1189 1769 1262 1802 nisi
1285 1768 1363 1802 dies
1393 1766 1573 1802 dominica
1598 1768 1665 1809 sit,
1687 1761 1755 1802 ad-

299 1820 390 1849 orat.
437 1815 476 1848 Si
501 1820 620 1849 custos
644 1815 773 1860 palatii
800 1816 908 1849 simul
931 1816 980 1849 sit
1013 1816 1250 1849 axiomaticus
1274 1827 1337 1849 seu
1362 1814 1560 1849 honoratus
1575 1839 1585 1857 ‚
1618 1815 1753 1848 salutat

299 1873 383 1895 eum
410 1861 611 1907 Imperator
635 1861 794 1904 benigno
822 1863 996 1908 alloquio.
1034 1862 1176 1896 Ibidem
1203 1863 1275 1907 ipsi
1301 1872 1447 1908 quoque
1473 1862 1629 1896 occurrit
1651 1872 1752 1903 crux,

298 1908 402 1941 humi
427 1909 498 1942 fixa
522 1908 568 1942 ad
600 1909 677 1943 eius
709 1909 872 1944 dextram
899 1915 1018 1949 stans,
1048 1921 1155 1956 quam
1186 1911 1376 1943 vestitores
1400 1913 1539 1943 tenent.
1586 1909 1751 1953 Impera-

298 1961 357 1988 tor
382 1960 461 1988 tum
486 1961 603 1990 mutat
626 1960 742 1991 vestes
767 1957 806 1990 in
831 1957 1049 1998 mutatorio,
1076 1963 1114 1990 et
1138 1956 1260 1990 induit
1286 1956 1468 2001 campagia
1493 1960 1530 1989 et
1554 1953 1751 1989 candidum

298 2002 525 2037 auroclavum
557 2003 777 2038 dibetcsium
809 2008 847 2037 ct
875 2014 1093 2048 purpuream
1129 2002 1374 2046 chlamydem3
1408 2007 1446 2036 et
1476 2001 1563 2035 inde
1598 2001 1640 2034 fit
1672 2006 1752 2035 tota

299 2049 452 2082 directio
487 2060 551 2083 seu
582 2052 776 2084 comitatus
806 2051 1085 2096 processionalis
1121 2050 1249 2083 eodem
1280 2049 1410 2089 modo,
1444 2053 1487 2081 ut
1523 2047 1634 2094 paulo
1664 2053 1751 2082 ante

297 2096 398 2129 facta
434 2096 556 2142 =fuerat
587 2098 627 2130 in
663 2098 799 2141 Campo
842 2097 995 2140 Marti03
1038 2102 1076 2130 et
1108 2095 1292 2130 inscendit
1326 2096 1524 2140 Imperator
1556 2094 1597 2127 in
1627 2105 1750 2128 carru-

299 2141 425 2184 cham,
459 2149 659 2188 praeeunte
684 2154 787 2177 cruce
815 2148 853 2177 et
876 2142 1052 2188 persieiis.
1099 2144 1320 2176 Assessorem
1352 2141 1466 2175 hahet
1489 2141 1658 2175 in-curru
1683 2152 1749 2175 suo

299 2191 456 2235 primum
490 2191 706 2234 patricium,
739 2195 804 2223 aut
836 2201 1092 2236 quemcunque
1124 2189 1260 2234 deligat
1294 2188 1424 2231 alium3
1458 2188 1522 2233 qui
1553 2199 1664 2234 quum
1688 2189 1750 2222 in-

301 2236 456 2277 scendit,
486 2237 718 2281 Imperatoris
741 2248 865 2270 manus
892 2237 1084 2271 osculatur.
1129 2237 1252 2270 Ceteri
1276 2245 1448 2280 proceres
1474 2246 1618 2268 currum
1640 2246 1750 2280 prae-

301 2282 447 2317 cedunt.
495 2283 566 2317 Ubi
598 2284 741 2318 venerit
767 2284 808 2316 in
845 2284 963 2317 forum
1001 2283 1248 2324 Constantini,
1284 2281 1474 2316 descendit
1506 2293 1526 2315 e
1550 2281 1748 2324 carrucha,

300 2335 340 2364 et
368 2330 505 2364 salutat
533 2331 755 2376 praefectum
779 2329 886 2364 Urbis
911 2334 950 2364 et
981 2336 1155 2364 senatum.
1202 2329 1245 2362 In
1267 2328 1326 2362 his
1349 2331 1453 2362 offert
1483 2327 1554 2375 ipsi
1579 2330 1749 2377 princeps

301 2382 506 2413 senatorum
531 2389 678 2424 unaque
701 2377 910 2423 praefectus
936 2376 1043 2410 Urbis
1078 2376 1279 2411 modiolum
1315 2375 1398 2421 [seu
1424 2376 1620 2421 repandam
1645 2386 1750 2409 coro-

299 2425 409 2504 nam}
433 2436 588 2459 auream.
638 2426 721 2460 Post
742 2425 915 2458 salutatos
938 2424 1058 2458 verbis
1082 2429 1265 2457 senatores
1293 2433 1418 2456 omnes
1454 2434 1577 2457 rursus
1596 2422 1750 2456 adscen-

304 2471 361 2506 dit
411 2477 592 2518 inperator
625 2473 665 2506 in
699 2471 928 2512 carrucham,
959 2471 1024 2505 sed
1058 2471 1155 2504 solus
1190 2471 1231 2504 in
1257 2481 1300 2503 ea
1332 2469 1513 2503 considet:
1551 2469 1655 2503 illinc
1679 2467 1747 2502 sub

302 2518 548 2554 conductione
583 2525 790 2553 senatorum
817 2524 855 2552 et
883 2519 1095 2552 archontum
1120 2517 1240 2563 pergit
1264 2516 1310 2550 ad
1333 2527 1498 2560 magnam
1533 2516 1746 2557 ecclesiam,

301 2569 456 2601 transitu
480 2577 546 2612 per
568 2571 801 2612 augustaeum
824 2566 919 2599 sacto
945 2576 964 2599 e
989 2565 1137 2610 regione
1175 2564 1356 2609 horologii
1371 2589 1380 2605 ‚
1414 2573 1655 2609 magnumque
1680 2573 1747 2608 per

302 2615 473 2658 pylonem
509 2625 572 2647 seu
605 2613 744 2659 portale
778 2613 892 2646 intrat
915 2613 954 2645 in
986 2612 1185 2646 mesaulum
1211 2622 1274 2644 seu
1306 2612 1450 2645 atrium.
1498 2609 1542 2645 In
1574 2609 1747 2644 narthece

305 2661 346 2693 fit
371 2661 607 2695 mutatorium
631 2671 694 2694 seu
722 2660 877 2693 vestium
901 2660 1078 2700 mutatio,
1104 2663 1142 2692 et
1165 2657 1318 2703 deponit
1343 2658 1544 2703 Imperator
1567 2666 1747 2695 coronam,

303 2707 510 2755 prae-posito
533 2706 790 2749 eamtradens.
841 2707 910 2742 Hic
932 2717 1011 2741 eam
1036 2705 1210 2753 deinceps
1235 2704 1392 2741 Domino
1415 2703 1548 2747 reddit,
1578 2702 1643 2750 qui
1667 2711 1746 2737 eam
