1884 3112
260 123 278 158 1
292 125 325 159 ο
334 125 361 158 2
560 121 919 167 CONSTANTINI
953 124 1438 171 PORPHYROGENITI

253 224 366 281 αὐτῷ
404 226 501 267 καθ’
525 222 698 281 ἑκάστην
725 227 972 282 προέλευσιν
1010 229 1280 284 διέρχεσθαι,
1322 229 1396 273 καὶ
1430 229 1595 290 anana?
1627 230 1704 288 τὴν

253 289 373 345 λιτήν
400 291 446 333 έν
473 292 525 347 τῇ
549 292 673 348 μέσῃ,
701 291 774 333 καὶ
803 288 921 345 ἅψας
947 292 1102 349 κηροΰς
1119 294 1194 337 καὶ
1216 296 1452 350 εὐξάμενος,
1478 301 1711 351 προσκυνεῖ·

77 355 327 408 Με.5ς.ειτὸν
354 358 491 409 τιζιιιον
528 355 602 397 καί
630 355 830 407 ζωοποιὸν
857 357 1037 414 σταυρὸν
1064 359 1137 401 καί
1153 358 1199 402 τὸ
1223 356 1432 416 ἄχραντον
1452 358 1704 416 εὐαγγέλιον,

252 418 340 464 εἶτα
377 421 734 479 προσκυνήσαντες
762 421 1010 480 ἀμφότεροι,
1045 421 1079 479 ὅ,
1097 441 1141 468 τε
1177 424 1376 480 βασιλεύς
1404 426 1478 470 καὶ
1504 425 1525 468 ὅ
1554 443 1704 484 πατρι-

253 486 417 543 άρχης,
463 488 676 542 διέρχεται
711 487 950 545 ἔμπροσθεν
984 492 1058 546 τῆς
1093 494 1231 548 λιτῆς,
1269 491 1588 550 δηριγευόμενος
1614 491 1730 544 ὖπόὅ

251 554 335 595 τῶν
362 551 467 595 κατὰ
491 551 741 609 συνήθειαν,
781 553 853 598 διὰ
878 557 955 597 τοῦ
978 558 1203 614 λουτῆρος,
1232 561 1306 601 καί
1331 557 1521 602 ἀνελθών
1541 557 1592 602 τὰ
1614 559 1704 602 εἷσ-

68 618 402 673 Ed.1,.61a'yovra
437 618 645 675 γραὸηλια
679 620 726 663 ἐν
757 622 816 680 τῷ
848 623 1051 679 νάρθηκι,
1100 623 1337 680 εἰσέρχεται
1368 625 1433 675 εἷς
1462 622 1535 668 τόν
1573 621 1704 669 αὐτὸν

251 682 446 741 νάρθηκα
497 685 573 728 καί
610 687 835 738 καθέζεται
869 687 942 732 ἐπὶ
971 689 1136 731 σελλίου
1165 691 1331 746 χρυσοῦ
1386 691 1432 741 ἐξ
1479 690 1705 747 ἀριστερᾶς

250 751 325 806 τῆς
352 748 599 808 εἰσαγούσης
632 747 715 794 ἀπὸ
747 753 833 796 τῶν
867 756 1044 810 βάθρων
1077 757 1210 811 μέσης
1243 755 1399 812 πύλης,
1441 755 1706 812 ἐκδεχόμενος

250 816 404 872 μέχρις
439 812 493 859 ἂν
525 817 743 876 καταλάβῃ
779 817 803 860 ὅ
836 819 1103 877 πατριάρχης
1133 820 1240 875 μετά
1273 823 1401 878 λιτῆς.
1454 821 1530 865 καί
1557 819 1762 870 rotimum

250 884 471 937 γινομένου
521 885 596 927 καί
634 886 858 938 μέλλοντος
912 887 988 928 τοῦ
1031 886 1175 941 τιμίου
1217 889 1409 944 σταυροῦ
1439 888 1709 944 εἶσέρχεσθαι

252 946 327 1003 τὴν
363 947 578 1004 εὐώνυμον
608 950 690 994 τῶν
720 951 958 1007 γραδηλίων
989 951 1150 1008 πύλην,
1200 950 1421 997 ἀνίσταται
1448 952 1471 997 ὅ
1494 950 1708 1009 βασιλεὺς,

255 1017 328 1060 καί
362 1012 612 1066 ἀνελθόντος
644 1019 718 1059 τοῦ
748 1017 1015 1075 πατριάρχου
1053 1017 1107 1062 τά
1145 1018 1376 1076 γραδηλια,
1428 1021 1659 1076 α’πέρχεται
1683 1017 1709 1062 ὅ

256 1081 454 1138 βασιλεὺς
487 1080 596 1137 μετὰ
627 1083 703 1125 τοῦ
736 1084 1030 1140 πατριάρχου,
1081 1084 1156 1127 καὶ
1185 1085 1378 1128 ἵστανται
1407 1084 1639 1142 ἀμφότεροι
1662 1085 1709 1127 ἐν

259 1149 320 1206 τῷ
355 1147 466 1205 οὐδῷ
502 1149 585 1190 τῶν
614 1150 846 1204 βασιλικῶν
880 1151 1047 1204 πυλῶν,
1095 1152 1169 1193 καί
1199 1149 1225 1192 ὅ
1246 1151 1325 1205 μὲν
1354 1148 1554 1206 βασιλεὺς
1589 1146 1762 1204 ἅψαςιό

256 1211 413 1272 κηροὺς
442 1207 639 1269 εὔχεται,
680 1213 702 1257 ὅ
736 1216 784 1258 δὲ
815 1215 1078 1273 πατριάρχης
1111 1220 1225 1259 τελεῖ
1251 1213 1328 1272 την
1358 1213 1493 1272 εὗχὴν
1523 1218 1597 1272 τῆς
1623 1216 1710 1260 εἶσ-

260 1280 363 1324 όὸου
391 1281 465 1337 τῆς
497 1282 618 1331 θείας
644 1281 928 1338 λειτουργίας,
969 1282 1042 1324 καί
1069 1282 1296 1336 εὐξάμενος
1332 1281 1355 1324 ὅ
1385 1281 1585 1337 βασιλεῦς
1617 1283 1711 1324 ἐπι-

224 1347 416 1395 Βδίὸωσι
442 1345 496 1390 τὰ
528 1345 653 1403 κηρία
683 1347 741 1404 τῷ
764 1348 1044 1407 πραιποσίτῳ·
1081 1350 1346 1405 τελεσθείσης
1380 1349 1426 1391 δὲ
1447 1347 1522 1390 καὶ
1542 1348 1615 1403 τῆς
1641 1342 1711 1389 εὖ·-

253 1414 358 1467 χῆς,
387 1417 617 1468 προσκυνεῖ
640 1409 685 1455 τὸ
711 1407 922 1470 ἄχραντον
954 1414 1193 1469 εὐαγγέλιον
1218 1414 1291 1456 καὶ
1324 1412 1395 1457 τὸν
1418 1413 1558 1468 τίμιον
1581 1428 1712 1455 σταυ-

257 1475 344 1534 ρόν.
397 1479 471 1520 καί
502 1479 805 1533 ἐπιλαβομένου
835 1480 913 1521 τοῦ
946 1481 1152 1533 βασιλέως
1180 1481 1255 1535 τῆς
1281 1478 1429 1534 χειρὸς
1455 1480 1534 1521 τοῦ
1554 1494 1763 1535 namo—20

259 1542 422 1600 α’ρχου,
449 1544 689 1600 διέρχονται
713 1544 840 1599 μέσον
876 1547 953 1587 τοῦ
982 1546 1086 1588 ναοῦ
1123 1547 1196 1588 καὶ
1222 1544 1292 1588 διὰ
1319 1547 1393 1602 τῆς
1425 1547 1567 1596 δεξιᾶς
1601 1547 1710 1587 πλα-

257 1610 352 1665 γίας
389 1611 465 1653 τοῦ
489 1605 680 1665 ἄμβωνας
713 1611 972 1668 εἰσέρχονται
997 1612 1043 1655 ἐν
1066 1613 1120 1670 τῇ
1147 1614 1308 1672 σωλέα,
1345 1613 1419 1654 καί
1443 1608 1710 1654 ἀπελθόντων

257 1677 386 1733 μέχρι
406 1678 491 1733 τῶν
513 1674 645 1732 ἁγίων
669 1678 838 1734 θυρῶν,
879 1676 904 1721 ὅ
927 1678 1007 1733 μὲν
1026 1680 1291 1736 πατριάρχης
1313 1677 1549 1735 εἰσέρχεται
1575 1677 1637 1729 εἷς
1656 1675 1707 1719 τὸ

259 1744 596 1801 θυσιαστήριον,
652 1741 688 1794 ὅ,
719 1745 769 1788 δὲ
808 1742 1009 1800 βασιλεὺς
1044 1743 1268 1802 εὐξάμενος
1309 1745 1383 1789 καί
1425 1741 1599 1794 §naenig
1651 1742 1712 1800 τῷ

357 1847 410 1883 13.
438 1841 485 1888 td
509 1843 698 1893 γραδῆλια
717 1865 767 1875 --
788 1846 1052 1896 πατριάρχου,
1078 1848 1144 1884 καὶ
1167 1858 1237 1884 om.
1261 1846 1320 1884 ed.
1484 1845 1539 1883 15·
1562 1844 1608 1892 τῇ
1633 1841 1713 1890 ὁδῷ

357 1892 416 1927 ed.
514 1895 566 1931 18.
590 1892 633 1929 δᾶ
655 1895 718 1938 τῆς
741 1894 856 1940 εὐχῆς
880 1894 938 1931 ed.

266 1969 439 2008 dentibus
461 1976 640 2018 precatus,
661 1973 898 2008 venerandam
921 1976 958 2007 et
979 1973 1158 2008 vivificam
1180 1983 1321 2007 crucem
1344 1975 1577 2019 sanctumque
1600 1979 1713 2005 evan-

266 2020 402 2064 gelium
434 2019 572 2054 adorat.
617 2021 812 2064 Postquam
838 2031 925 2054 vero
958 2021 1156 2066 Imperator
1192 2025 1231 2054 et
1264 2018 1466 2066 patriarcha
1495 2017 1713 2052 seinvicem

266 2064 476 2106 adorarunt,
500 2065 563 2098 ille
587 2075 671 2101 eum
696 2066 838 2099 solenni
860 2067 1031 2100 comitatu
1051 2078 1116 2111 per
1141 2066 1392 2111 baptisterium
1407 2070 1491 2098 ante
1509 2063 1713 2109 processio-

267 2121 352 2145 nem
365 2112 516 2152 transit,
541 2117 579 2147 et
595 2117 786 2158 postquam
805 2124 871 2158 per
890 2113 1020 2146 scalam
1046 2112 1227 2148 narthecis
1248 2112 1458 2152 adscendit,
1482 2111 1599 2156 ipsum
1624 2121 1712 2143 nar-

267 2159 411 2192 thecem
458 2159 572 2192 intrat
602 2158 729 2204 ibique
759 2158 806 2193 ad
845 2160 1027 2194 sinistram
1063 2159 1205 2194 mediae
1250 2164 1396 2204 portae,
1427 2168 1519 2204 quae
1544 2167 1565 2189 a
1602 2157 1710 2190 scalis

269 2202 397 2244 ducit,
421 2203 459 2237 in
488 2205 577 2238 sella
598 2216 707 2239 aurea
731 2205 859 2247 sedet,
891 2217 1005 2252 usque
1025 2205 1110 2241 dum
1130 2205 1333 2252 patriarcha
1364 2216 1444 2240 cum
1479 2203 1710 2249 processione

268 2250 478 2291 advenerit,
506 2257 708 2296 expectans.
757 2251 841 2298 Quo
861 2252 956 2286 sacto
969 2277 979 2293 ,
1004 2252 1090 2286 dum
1109 2252 1312 2287 veneranda
1333 2263 1419 2285 crux
1446 2262 1513 2296 per
1529 2249 1711 2284 sinistram

267 2303 412 2343 portam
430 2298 546 2332 scalae
567 2299 770 2342 ingressura
799 2305 874 2341 est,
911 2300 1025 2345 surgit
1055 2300 1276 2344 Imperator,
1309 2304 1346 2333 et
1371 2296 1615 2332 adscendente
1642 2308 1712 2342 pa-

269 2343 427 2378 triarcha
453 2355 517 2388 per
547 2346 700 2386 scalam,
736 2346 933 2388 Imperator
959 2358 1038 2380 cum
1067 2346 1269 2392 patriarcha
1294 2345 1452 2386 recedit,
1483 2349 1521 2378 et
1545 2342 1650 2377 ambo
1670 2343 1712 2378 in

270 2391 400 2424 limine
433 2391 746 2436 imperatorias-um
770 2398 952 2437 portarum
978 2394 1201 2434 subsistunt,
1236 2393 1302 2427 ubi
1335 2391 1535 2437 Imperator
1563 2389 1713 2437 quidem

272 2449 352 2471 cum
371 2438 530 2472 accensis
550 2439 663 2473 cereis
686 2444 872 2483 precatur,
895 2439 1099 2484 patriarcha
1119 2446 1239 2474 autem
1259 2450 1381 2485 preces
1403 2439 1574 2473 introitus
1595 2436 1713 2471 divini

274 2484 380 2518 officii
399 2485 546 2527 recitat,
569 2491 607 2519 et
629 2491 791 2531 precatus
811 2487 1007 2530 Imperator
1040 2498 1162 2520 cereos
1193 2487 1402 2531 praeposito
1438 2484 1571 2519 tradit:
1609 2484 1714 2518 finita

271 2532 504 2576 precatione,
527 2538 690 2566 sanctum
712 2533 935 2578 evangelium
958 2545 998 2567 ac
1019 2533 1260 2568 venerandam
1286 2544 1424 2566 crucem
1443 2531 1578 2566 adorat.
1625 2529 1715 2563 Mox

273 2578 509 2621 patriarcham
541 2591 650 2613 manu
683 2579 876 2625 prehendit
910 2592 1052 2626 unaque
1077 2592 1159 2614 cum
1189 2591 1232 2614 eo
1255 2591 1320 2626 per
1343 2578 1505 2613 medium
1536 2576 1714 2622 templum

275 2629 313 2657 ct
335 2624 502 2659 dextrum
522 2626 686 2660 ambonis
706 2627 800 2660 latus
825 2627 959 2660 soleam
980 2628 1102 2667 intrat,
1128 2633 1164 2660 ct
1178 2627 1225 2661 ad
1247 2638 1362 2660 sacras
1381 2627 1508 2659 ianuas
1521 2623 1714 2669 progressi,

274 2671 476 2717 patriarcha
504 2674 719 2714 sacrarium,
758 2684 873 2719 aeque
904 2686 945 2707 ac
983 2675 1200 2720 Imperator,
1232 2679 1424 2720 postquam
1465 2675 1629 2718 precatus
1657 2673 1713 2702 est

278 2722 313 2751 ct
332 2727 452 2756 cereos
473 2721 679 2767 praeposito
704 2719 826 2762 dedit,
849 2719 1060 2766 ingreditur.
1109 2721 1308 2757 sacrarium
1327 2720 1550 2766 ingressuro,
1575 2721 1711 2751 metro.-
