1832 3112
303 100 418 138 XXX
811 96 884 135 10.
924 92 1033 135 lAC.
1075 94 1273 135 REISKII

302 199 542 243 munionem
560 209 734 237 sacram
761 196 938 250 accipit;
965 210 1009 250 p.
1032 195 1130 236 265.
1165 196 1221 234 D.
1249 202 1289 235 et
1315 195 1504 250 deinceps
1525 194 1589 235 bis
1611 194 1677 236 vel
1701 203 1766 236 ter
1827 200 1832 248 ζ

299 266 423 306 omisi
452 264 623 305 verbum
669 261 942 313 λαβιδοῦνται
987 262 1029 302 in
1075 262 1252 313 Latinis,
1289 263 1386 316 quia
1423 269 1512 302 tum
1550 263 1766 316 temporis,
1829 254 1832 259 ⁴

305 345 437 386 quum
478 330 620 370 folium
659 328 761 368 illud
798 327 878 367 sub
907 326 1046 382 praelo
1074 327 1255 379 sudaret,
1282 328 1524 381 nesciebam,
1551 328 1651 383 quid
1689 329 1767 368 sibi
1822 324 1825 346 ³

306 398 432 439 vellet
466 397 638 437 verbum
667 393 813 434 nullibi
846 395 889 433 in
931 395 1086 434 Lexicis
1129 401 1168 434 et
1204 393 1304 435 alias
1337 394 1506 435 obvium
1540 393 1764 447 λαβιδοὸν.
1820 448 1822 450 q

306 464 467 505 Deinde
485 463 607 502 didici
635 476 658 501 e
676 459 865 515 Polybio,
883 461 1105 516 significare
1114 459 1329 517 fibulas-e.
1382 461 1516 502 Debet
1540 475 1637 516 ergo
1658 461 1769 509 dicto
1823 451 1825 454 ¹

305 530 399 571 loco
427 532 471 569 in
497 530 651 568 Latinis
675 529 732 567 sic
762 529 934 582 reponi:
975 535 1017 568 et
1060 527 1158 582 equi
1188 541 1331 568 omnes
1356 526 1603 581 fibulantur
1635 535 1765 582 atque

306 603 584 642 castrantur,
623 601 664 634 et
703 592 756 634 ad
789 594 831 634 id
869 593 1098 647 exemplum
1129 601 1263 633 cetera
1295 593 1637 648 interpretationis
1677 593 1767 634 loca
1824 606 1832 619 “

309 676 453 702 manca
481 662 685 715 integrari,
741 659 861 712 Vale,
883 659 1057 700 Erudite
1083 658 1246 712 Lector,
1282 666 1323 699 et
1341 661 1552 701 conatibus
1571 661 1768 701 Decesse·
1822 623 1832 690 l

308 730 365 770 ris
385 730 466 771 mei
491 736 611 783 atque
630 728 729 768 meis
753 726 855 769 fave.
899 726 1033 768 Scrib.
1062 727 1222 782 Lipsiae
1240 739 1378 768 mense
1394 726 1622 782 Septembri
1646 725 1768 782 ¹75¹·
1821 691 1832 807 ξ

1824 810 1832 837 ι

576 1021 676 1062 AD
713 1020 993 1061 TOMUM
1035 1021 1501 1062 SECUNDUM.

313 1111 405 1181 Ea
450 1146 510 1179 est
545 1144 877 1193 argumentorum
922 1138 1099 1178 seeundo
1138 1139 1217 1179 hoc
1233 1168 1245 1191 ,
1297 1139 1409 1193 quod
1443 1154 1553 1181 nunc
1595 1139 1770 1192 edimus,

306 1207 520 1249 volumine
576 1205 831 1245 Constantini
874 1204 1152 1245 cerimonialis
1187 1208 1458 1260 expositorum
1492 1207 1690 1262 dignitas,
1724 1214 1773 1246 ut
1820 1217 1822 1219 ’

309 1273 492 1329 palmam
526 1273 652 1327 priori
673 1272 842 1311 dubiam
869 1270 1001 1311 facere
1025 1286 1142 1326 posse
1166 1272 1369 1313 videatur.
1427 1274 1615 1325 Quorum
1635 1285 1771 1328 quam-
1820 1315 1823 1317 ,

313 1341 378 1381 vis
407 1353 566 1379 summa
595 1340 728 1392 capita
752 1339 936 1392 superior
960 1339 1042 1377 iam
1071 1338 1270 1392 praefatio
1293 1340 1485 1394 attigerit,
1514 1355 1599 1380 non
1627 1339 1772 1380 inutile

314 1414 451 1447 tamen
478 1406 573 1445 duxi
592 1405 663 1444 illa
693 1405 771 1444 hoc
798 1418 961 1458 quoque
993 1404 1083 1444 loeo
1107 1413 1299 1460 repetere.
1353 1407 1519 1447 Eminet
1540 1409 1664 1462 igitur
1691 1406 1773 1446 hu-
1820 1446 1822 1452 ,

314 1475 379 1513 ius
405 1472 569 1512 secundi
594 1471 688 1511 libri
725 1485 772 1511 ea
811 1485 906 1524 pars
921 1501 933 1523 ,
964 1486 1068 1525 quae
1095 1474 1260 1512 nomine
1300 1471 1673 1527 Κλητωρολόγιον,
1701 1486 1773 1512 seu

317 1540 502 1580 doctrina
538 1540 692 1578 rituum
737 1537 902 1577 illorum
942 1546 1027 1590 est,
1068 1539 1216 1592 quibus
1255 1537 1439 1578 solennes
1470 1539 1614 1594 epulae
1636 1539 1771 1594 Impp.

316 1607 579 1647 CPtanorum
606 1605 802 1646 celebrari
836 1604 1018 1644 solebant
1031 1635 1043 1656 ,
1081 1606 1170 1659 ipsa
1199 1619 1244 1645 re
1277 1612 1399 1659 atque
1417 1606 1665 1660 professione
1695 1619 1773 1645 no-

315 1674 406 1712 titia
423 1680 483 1712 est
504 1672 747 1726 dignitatum
760 1672 921 1724 imperii
941 1671 1164 1722 orientalis,
1191 1671 1313 1725 quale
1333 1672 1494 1712 saeculo
1510 1673 1589 1712 lx.
1606 1679 1776 1711 exeunte

315 1746 419 1779 erat.
477 1739 648 1777 Minoris
675 1739 886 1788 momenti,
917 1751 1048 1790 neque
1074 1744 1211 1776 tamen
1244 1738 1552 1790 contemnendi,
1581 1745 1676 1778 sunt
1713 1737 1775 1777 illi

315 1805 395 1844 loci
409 1833 422 1855 ,
470 1805 541 1857 qui
576 1803 801 1857 legatorum
845 1802 1172 1855 excipiendorum
1207 1805 1405 1843 rationem
1423 1834 1437 1856 ,
1482 1803 1776 1858 titulorumque
1822 1846 1823 1850 ,

316 1870 598 1925 praescribunt
623 1868 832 1919 formulas,
854 1869 1002 1921 quibus
1032 1876 1102 1908 aut
1135 1871 1258 1909 exteri
1287 1869 1407 1923 legati
1441 1870 1682 1910 CPlitanum
1705 1871 1777 1909 im-

315 1944 545 1990 peratorem
570 1949 615 1973 ex
645 1947 758 1973 more
784 1934 1110 1987 alloquebantur,
1128 1942 1199 1974 aut
1233 1936 1320 1988 ipse
1346 1937 1524 1975 vicissim
1558 1938 1602 1976 in
1627 1936 1776 1977 litteris

317 2003 371 2042 ad
402 2009 555 2042 exteros
567 2002 768 2054 principes
794 2002 876 2040 suis
918 2001 1120 2042 utebatur.
1177 2003 1293 2052 Quae
1321 2001 1373 2040 ad
1400 2004 1674 2056 processiones
1695 2004 1777 2042 im-

315 2076 567 2122 peratorum,
597 2069 640 2105 in
667 2066 812 2106 balnea
845 2075 885 2106 et
913 2066 1060 2106 horrea
1085 2067 1310 2119 lustranda,
1339 2082 1443 2122 quae
1469 2068 1522 2107 ad
1547 2069 1776 2123 triumphos
1819 2077 1824 2081 ’

259 2162 261 2164 -
317 2135 370 2175 de
407 2134 591 2174 hostibus
629 2132 797 2174 devietis
838 2133 1012 2188 agendos
1028 2163 1040 2186 ,
1084 2133 1137 2173 ad
1162 2133 1387 2185 brumalia,
1429 2143 1638 2189 spectant3
1679 2138 1777 2175 item

319 2215 424 2256 quae
459 2201 511 2240 de
552 2200 690 2240 liberis
738 2201 917 2253 augustis
953 2214 1091 2240 recens
1135 2203 1241 2240 natis
1260 2230 1273 2253 ,
1305 2208 1344 2240 et
1370 2201 1482 2240 unda
1512 2201 1678 2242 salutari
1711 2201 1776 2242 lu-

317 2267 510 2320 strandis,
539 2275 610 2306 aut
635 2265 851 2306 tondendis
865 2296 877 2318 ,
907 2266 958 2305 de
986 2267 1310 2322 patriarcharum
1346 2266 1564 2320 electione,
1608 2267 1660 2308 de
1703 2282 1777 2322 ap-

317 2343 463 2390 paratu
490 2334 625 2375 navali
667 2335 710 2373 in
756 2335 956 2387 geminam
995 2334 1287 2387 expeditionem
1301 2365 1312 2385 ,
1350 2334 1582 2373 Cretensem
1618 2348 1743 2373 unam
1763 2363 1777 2386 ‚

318 2402 489 2442 alteram
533 2399 883 2455 Longobardicam
898 2428 910 2450 ,
952 2399 1172 2439 traduntur
1194 2430 1208 2451 ,
1266 2400 1344 2439 alia
1365 2430 1378 2454 ,
1414 2413 1518 2454 quae
1543 2413 1780 2454 percensere

318 2468 478 2522 singula
502 2467 668 2522 longum
696 2466 824 2505 foret:
855 2478 901 2504 ea
930 2467 1067 2506 omnia
1092 2466 1358 2520 multiplicem
1393 2474 1436 2507 et
1462 2480 1583 2506 usum
1610 2474 1651 2507 et
1677 2465 1780 2507 dele-
1822 2499 1823 2502 ,

318 2537 537 2574 ctationem
563 2533 731 2585 habere,
760 2531 870 2571 ultro
897 2538 1022 2586 patet.

432 2602 481 2640 In
519 2601 596 2641 hac
632 2601 756 2655 igitur
784 2598 938 2638 edenda
966 2606 1083 2652 parte
1098 2629 1110 2652 ,
1139 2613 1223 2638 non
1251 2601 1385 2639 minus
1412 2608 1534 2656 atque
1559 2599 1631 2640 illa
1659 2613 1779 2653 supe-

319 2669 443 2722 riore,
464 2675 577 2708 tanta
595 2672 778 2713 versatus
794 2665 854 2706 fui
867 2663 1077 2719 religione,
1098 2673 1145 2706 ut
1164 2667 1493 2709 membranarum
1511 2667 1781 2722 Lipsiensium
