1884 3112
213 117 232 153 1
245 97 320 166 34
475 113 835 160 CONSTANTlNl
878 114 1368 162 Ponrrmzoemm

203 235 327 275 χεται
370 216 497 262 πάλιν
535 219 559 261 ὅ
598 216 802 274 βασιλεῦς
844 219 905 267 εἰς
940 217 986 263 τὸ
1016 219 1292 278 μητατώριον,
1322 218 1446 276 ἧνίκα
1474 221 1522 265 δὲ
1542 221 1655 279 877!-

203 302 270 330 σει
299 286 324 328 ὅ
351 284 596 339 ἀσπασμὸς,
642 285 856 339 ἐξέρχεται
896 282 1052 340 πάλιν,
1079 286 1155 329 καί
1192 286 1392 330 α’πελθαὶν
1419 285 1656 340 ἀσπάζεται

205 351 279 395 τὸν
305 349 592 408 πατριάρχην,
632 352 936 407 μητροπολίτας
961 367 1006 394 τε
1040 352 1116 394 καί
1141 352 1417 407 ἐπισκόπους,
1448 350 1661 410 ἄρχοντάς·

204 433 250 462 τε
276 418 349 472 τῆς
376 415 594 471 ἐκκλησίας
620 415 695 457 καί
720 415 943 473 κληρικοὺς
980 416 1079 467 τοὺς
1114 420 1158 470 ἐξ
1183 417 1310 469 ἔθους
1339 421 1658 474 α’σπαζομένους

202 483 275 528 τὸν
299 483 503 539 βασιλέα,
536 479 690 535 ὁμοίως
717 481 791 523 καί
815 484 912 539 τρία
952 486 1226 540 φωτίσματα,
1262 485 1338 527 καί
1372 483 1542 535 στάντος
1580 483 1684 530 τοῧό

202 549 410 607 βασιλέως
439 549 484 590 ἐν
509 549 566 607 τῷ
592 546 733 608 τόπῳ,
770 550 816 591 ἐν
842 543 879 608 ᾦ
911 549 1102 593 εἴθισται
1132 550 1262 594 αὐτὸν
1288 550 1461 595 πάντοτε
1491 552 1658 594 διδόναι

203 614 285 671 τὴν
322 612 491 671 α’γάπην
526 621 613 665 τοῖς
641 611 872 671 ἄρχουσιν,
909 616 1170 674 εἰσέρχονται
1198 615 1239 659 οἱ
1265 621 1500 676 πατρίκιοι,
1529 634 1658 674 στρα-

203 684 381 738 τηγοίτε
402 681 478 725 καί
504 683 741 736 ὃομέστικοι
769 682 844 725 καὶ
872 681 911 724 οἱ
939 682 991 725 τοὶ
1022 685 1170 740 πρῶτα
1199 684 1385 741 ὅφφίκια
1403 686 1657 741 κατέχοντες,

205 747 244 791 οἱ
273 746 487 806 δήμαρχοι
512 749 587 792 καὶ
613 749 638 791 ὅ
666 751 739 806 τῆς
764 747 1087 804 καταστάσεως,
1117 748 1299 802 ἅπαντες
1329 754 1375 795 δὲ
1405 747 1523 794 οὗτοι
1549 749 1657 793 κατὰ

206 814 284 865 τάς
311 817 423 865 ἰδίας
450 816 590 859 αὐτῶν
615 814 753 868 τάξεις
780 819 1120 873 προσκυνοῦντες,
1151 815 1408 870 α’σπάζονται
1427 817 1502 860 καί
1517 818 1717 861 ἵσταν-ιο

167 893 277 928 crat
304 883 364 931 εἰς
389 880 465 931 τὰς
492 883 605 932 ἰδίας
633 883 772 926 αῠτῶν
797 881 935 935 τάξεις
960 898 1005 925 τε
1031 883 1107 926 καί
1132 881 1300 934 στάσεις
1327 882 1450 927 ἔνθεν
1476 883 1659 939 κοῖκεῖσε,

206 946 282 989 καί
304 946 411 1002 μετά
438 945 485 990 τὸ
515 947 796 992 ἀσπάσασθαι
828 947 901 992 τὸν
928 951 1108 1004 βασιλέα
1145 947 1304 999 πάντας
1341 948 1442 1000 τούς
1468 949 1660 1008 προρ’ῥη-·

207 1014 359 1064 θέντας
383 1016 691 1070 προσκυνοῦσιν
719 1013 955 1072 ἀμφότεροι
984 1013 1202 1071 ἀλλήλους,
1250 1013 1332 1070 ὅ,τε
1358 1015 1561 1071 βασιλεῦς
1587 1014 1664 1058 καὶ

210 1077 234 1121 ὅ
262 1077 541 1136 πατριάρχης.
595 1080 722 1124 πάλιν
762 1082 994 1138 α’πέρχεται
1028 1081 1051 1124 ὅ
1079 1080 1282 1137 βασιλεῦς
1308 1084 1368 1133 εἷς
1393 1081 1439 1125 τὸ
1468 1080 1662 1138 μηταταὶα

211 1160 316 1202 ριον,
344 1145 419 1188 καί
443 1148 519 1202 τῆς
543 1149 668 1197 θείας
695 1149 913 1198 κοινωνίας
939 1146 1270 1205 καταλαβούσης,
1301 1148 1322 1191 ὁ
1350 1151 1426 1205 τῆς
1455 1146 1716 1197 ’carauni-15

208 1226 317 1262 σεως
346 1214 471 1267 δηλοῖ
491 1214 550 1271 τῷ
576 1215 866 1272 πραιποσίτῳ,
905 1213 980 1256 καὶ
1005 1211 1027 1256 ὅ
1064 1212 1340 1272 πραιπόσιτος
1376 1217 1435 1273 τῷ
1469 1218 1661 1270 βασιλεῖ’,

207 1277 284 1320 καὶ
330 1278 545 1335 ἐξέρχεται
591 1278 914 1336 δηριγευόμενος
958 1278 1042 1323 ῦπό
1085 1283 1169 1324 τῶν
1214 1283 1553 1340 προειρημένων,
1589 1279 1666 1323 καὶ

208 1346 385 1402 πλησίον
420 1348 497 1389 τοῦ
535 1345 803 1403 πατριάρχου
831 1345 1050 1402 γενόμενος
1086 1347 1206 1405 ζπρᾶς
1231 1347 1278 1392 τὸ
1307 1350 1561 1405 κοινωνῆσαι
1585 1349 1664 1392 τοῦ

211 1408 423 1467 ἄχράντου
452 1411 644 1466 σώματος
661 1412 736 1455 καὶ
755 1413 929 1468 αἵματος
955 1417 1032 1456 τοῦ
1056 1414 1207 1471 κυρίου
1237 1412 1361 1470 ἤμαῖν
1387 1416 1525 1471 Ἰησοῦ
1550 1417 1664 1471 Χρι-

209 1480 335 1531 στοῦ,
376 1480 580 1534 κρατοῦσι
609 1476 685 1521 δύο
714 1476 923 1536 ὅστιάριοι
954 1478 1250 1534 δουμνικάλιον
1286 1478 1548 1536 ἧπλωμένον,
1590 1477 1717 1525 nabo

217 1541 443 1598 δεξάμενος
468 1543 515 1587 τὸ
545 1545 683 1599 τιζιιιον
711 1546 850 1602 δῶρον
875 1547 921 1589 ἐν
946 1552 1038 1596 ταῖς
1062 1546 1214 1602 χερσὶν
1253 1547 1398 1600 αὐτοῦ,
1428 1543 1664 1597 ἀσπάζεται

215 1609 288 1653 τόν
314 1608 602 1669 πατριάρχην,
640 1610 715 1654 καὶ
738 1610 784 1654 τὸ
814 1610 1040 1656 πούλπιτον
1075 1611 1290 1656 κατελθών
1325 1611 1400 1654 καὶ
1423 1611 1665 1669 σφραγίσας

171 1678 260 1721 Βέκ
285 1678 450 1734 τρίτου,
487 1683 680 1720 κοινωνεῖ
710 1676 757 1721 τὸ
802 1674 922 1734 ἅγιον
949 1681 1098 1737 δῶρον.
1163 1675 1250 1721 εἶθ’
1278 1675 1412 1728 οὕτως
1440 1679 1664 1735 ἀνέρχεται

214 1742 260 1785 τὸ
291 1742 394 1786 αιῖτὸ
424 1740 675 1798 πούλπιτον,
703 1743 778 1787 καὶ
803 1745 1075 1802 ὖφαπλοῦσιν
1102 1743 1142 1788 οῖ
1171 1743 1383 1802 ὅστιάριοι
1410 1742 1457 1788 τὸ
1492 1746 1665 1798 δουμνι-

217 1806 362 1852 κάλιον
389 1809 584 1853 ὑποκάτω
591 1844 605 1865 ,
645 1810 720 1853 καὶ
745 1810 888 1866 λαβών
912 1810 958 1855 τό
988 1814 1103 1867 νᾶμα
1131 1811 1249 1870 παρὰ
1276 1814 1352 1855 τοῦ
1374 1807 1640 1868 πατριάρχου
1648 1812 1718 1863 ,25

309 1901 365 1948 Ξῖ.
394 1882 867 1970 ἄσᾱποέζεται-κατελθῶν
889 1901 959 1925 om.
985 1891 1042 1925 ed.
1193 1892 1248 1927 25.
1271 1883 1314 1926 τό
1341 1892 1446 1939 νᾶμα
1469 1889 1562 1932 eod„
1597 1885 1666 1925 τὸν

311 1947 392 1983 αμα
412 1947 430 1970 e
460 1961 469 1970 .

217 2005 365 2052 politas,
392 2006 593 2051 episcopos,
616 2007 817 2053 praefectos
841 2009 1014 2043 ecclesiae
1034 2013 1072 2043 et
1090 2008 1251 2050 clericos,
1276 2007 1339 2054 qui
1357 2016 1422 2052 pro
1441 2014 1540 2039 more
1557 2013 1664 2038 oscu-

219 2054 298 2086 lum
315 2052 360 2086 ab
403 2054 620 2098 Imperatore
644 2056 844 2100 accipiunt,
880 2067 996 2102 aeque
1019 2066 1062 2089 ac
1112 2056 1181 2089 tria
1203 2054 1436 2099 baptisteria,
1461 2051 1665 2094 osculatur,

222 2103 261 2133 et
281 2110 324 2134 eo
354 2100 454 2140 loco,
482 2100 547 2133 ubi
568 2112 706 2146 agapen
727 2102 936 2147 proceribus
957 2102 1174 2136 distribuere
1197 2102 1311 2141 solet,
1338 2099 1575 2138 constitutus,
1598 2108 1666 2142 pa-

221 2146 340 2187 tricii,
364 2147 510 2192 strategi
531 2153 567 2181 et
592 2148 780 2183 domestici
797 2151 1000 2195 primisque
1028 2150 1158 2183 officiis
1185 2147 1342 2187 admoti,
1374 2145 1515 2180 tribuni
1540 2144 1667 2178 factio-

219 2203 309 2226 num
340 2198 378 2227 et
406 2195 700 2236 cerimoniarius,
731 2208 855 2230 omnes
879 2196 1006 2230 ordine
1033 2207 1119 2237 suo,
1150 2195 1324 2234 adorant,
1349 2203 1431 2226 eum
1458 2192 1667 2225 osculantur

220 2251 361 2286 suoque
383 2240 422 2273 in
443 2241 523 2274 loco
547 2246 585 2275 et
603 2243 758 2277 statione
779 2243 825 2276 ab
847 2247 1002 2289 utroque
1022 2243 1134 2276 latere
1152 2242 1314 2281 adstant,
1339 2244 1376 2273 et
1397 2244 1587 2285 postquam
1609 2236 1667 2271 di-

222 2287 275 2320 cti
306 2297 428 2320 omnes
452 2289 707 2332 Imperatorem
733 2290 885 2325 osculati
906 2295 1012 2331 sunt,
1040 2290 1117 2335 ipse
1148 2294 1184 2323 et
1207 2286 1412 2333 patriarcha
1441 2297 1478 2318 se
1509 2286 1667 2319 invicem

224 2333 379 2374 ³d⁰rant
396 2339 434 2368 et
455 2336 670 2371 osculantur.
718 2336 860 2370 Deinde
886 2338 1087 2381 Imperator
1103 2346 1223 2370 rursus
1247 2334 1294 2367 ad
1313 2333 1542 2367 metatorium
1568 2331 1668 2373 abit,

225 2384 264 2414 et
294 2379 416 2414 divina
445 2385 698 2418 communione
729 2384 1066 2430 appropinquante,
1101 2382 1370 2416 cerimoniarius
1403 2380 1669 2425 praepositum,

222 2428 452 2472 praepositus
481 2429 735 2475 Imperatorem
765 2431 954 2472 admonet,
997 2431 1061 2476 qui
1099 2442 1120 2463 a
1151 2429 1256 2464 dictis
1298 2428 1451 2472 stipatus
1494 2432 1531 2460 et
1553 2436 1668 2471 prope

223 2473 462 2518 patriarcham
484 2479 721 2519 constitutus,
744 2483 785 2511 ut
811 2479 902 2511 sacri
931 2478 1088 2522 corporis
1107 2482 1144 2511 et
1171 2475 1355 2520 sanguinis
1381 2474 1531 2507 Domini
1553 2471 1669 2507 nostri

225 2522 307 2554 Iesu
328 2520 464 2556 Christi
487 2525 666 2570 particeps
688 2526 770 2566 fiat,
806 2524 877 2560 duo
907 2525 1046 2558 ostiarii
1077 2523 1295 2558 dominicale
1320 2521 1505 2555 evolutum
1522 2523 1668 2559 tenent,

225 2567 305 2611 ipse
320 2569 486 2602 manibus
505 2572 579 2606 suis
592 2571 835 2606 venerandum
855 2572 989 2606 donum
1007 2572 1199 2616 accipiens,
1218 2569 1399 2603 osculatur
1420 2567 1669 2612 patriarcham,

229 2619 268 2647 ct
285 2626 306 2647 a
333 2616 476 2660 pulpito
497 2617 717 2654 descendens
733 2617 845 2664 idque
863 2624 920 2652 ter
937 2629 1039 2652 cruce
1057 2619 1198 2663 signans
1212 2642 1222 2658 ,
1248 2616 1496 2650 communicat.
1546 2613 1605 2647 Sic
1621 2611 1669 2646 ad

229 2660 327 2694 idem
344 2663 526 2707 pulpitum
560 2666 758 2707 adscendit,
784 2666 922 2700 ostiarii
941 2665 1157 2699 dominicale
1181 2663 1390 2698 revolvunt.
1411 2667 1449 2695 et
1465 2670 1563 2694 sacro
1583 2659 1667 2693 vino

226 2718 246 2739 a
266 2707 476 2758 patriarcha·
492 2719 659 2759 accepto,
683 2713 781 2755 abit,
806 2718 843 2747 et
862 2718 1051 2760 postquam
1075 2717 1240 2758 precatus
1260 2714 1334 2751 cst,
1362 2719 1399 2742 se
1418 2707 1570 2741 invicem
1601 2704 1669 2739 ad-
