1878 3112
327 161 438 216 700
594 159 954 204 CONSTANTINI
993 161 1485 211 PORPHYROGENITI
1531 166 1543 174 ’

290 294 296 299 .
321 260 360 304 οἱ
380 260 621 304 κανὸιδάτοι
647 261 700 304 τὰ
730 259 838 305 ὅπλα
858 267 1096 320 κρατοῦσιν,
1124 267 1215 309 ἐκεῖ·
1227 266 1266 310 οἶ
1293 272 1508 325 τριβοῦνοι
1534 272 1613 314 τοῦ
1639 289 1767 329 πραι-

320 328 469 370 σέντου
510 331 816 384 προσκυνοῦσιν
858 327 1010 384 αὐτὸν,
1052 331 1125 375 καί
1162 332 1243 377 σύν
1277 332 1420 386 αὐτοῖς
1446 336 1470 378 ὅ
1497 338 1766 395 πριμικῆριος

319 395 402 435 τῶν
441 394 705 446 δομεστίκων.
763 393 852 438 εἶτα
891 397 1053 440 ἐκεῖθεν
1093 401 1328 455 εἰσέρχεται
1370 404 1430 452 εἰς
1454 401 1527 445 τὸν
1564 402 1767 460 ἱππόδρο-

317 476 398 512 μον
408 491 421 512 ,
465 458 538 501 καί
564 461 656 503 ἐκεῖ
684 469 978 518 προσκυνεῖται
1004 462 1087 506 ὑπὸ
1124 466 1206 507 τῶν
1247 468 1502 521 δομεστίκων
1551 469 1626 512 καὶ
1660 486 1766 527 προ-

317 525 528 582 τηκτόρων
565 523 657 581 ἅμα
698 529 864 586 εἰσέλθῃ
892 529 967 584 τὴν
993 528 1156 587 θύραν,
1194 534 1267 575 καί
1300 533 1618 590 δἠριγευόμενος
1652 534 1792 591 ἐξέρ-ὄ

318 608 442 646 χεται
476 590 555 644 ἔξω
597 595 676 635 τοῦ
709 594 995 651 ἱπποδρόμου,
1047 598 1130 640 τῶν
1169 599 1305 642 ἳππων
1343 596 1570 654 ἑλκομένων
1605 601 1767 658 ἑμπρὸς

122 662 186 698 Ed.
199 659 453 708 L-4o5a13wsi
461 692 474 712 ‚
520 658 594 702 καί
635 655 859 715 ἀνέρχεται
895 664 955 712 εἰς
980 661 1027 704 τὸ
1064 658 1220 720 ἷίχημα.
1273 664 1346 708 καὶ
1377 668 1548 717 ἕκαστος
1574 670 1657 710 τῶν
1686 665 1768 724 0²⁶9-

313 725 480 781 χόντων
508 724 615 768 κατὰ
645 725 764 778 τάξιν
795 731 916 784 φιλεῖ
935 727 988 770 τὰ
1014 728 1171 784 γόνατα
1197 730 1352 786 αὐτοῦ,
1378 732 1452 775 καί
1476 733 1579 787 μετὰ
1609 733 1767 784 πάντας

317 792 340 836 ὃ
370 790 552 848 ἔπαρχος
580 794 664 835 τῶν
691 795 979 849 πραιτωρίων,
1015 795 1075 845 οἷς
1118 796 1300 853 ὀφείλων
1327 801 1583 854 συγκαθίσαι
1625 801 1762 859 αὐτῷ,

318 858 390 902 καί
426 860 638 915 ἐπιτρέπει
667 859 690 900 ὅ
717 859 941 914 βασιλεύς,
970 862 1011 904 εἰ
1035 860 1255 917 βούλεται,
1284 869 1372 914 τοῖς
1399 860 1608 922 ἄρχουσιν
1637 865 1817 908 καθί-ιο

317 942 391 969 σαι
431 926 493 974 εἰς
530 923 626 976 τοὺς
664 927 816 976 ἵππους
853 922 1021 983 αὖτῶν,
1070 927 1144 970 καί
1178 929 1398 985 κάθηνται.
1453 930 1477 973 ὅ
1506 933 1552 974 δὲ
1583 930 1767 986 ἔπαρχος

319 996 441 1050 φιλεῖ
461 988 559 1041 τούς
585 990 715 1043 πόδας
742 995 821 1035 τοῦ
847 995 1078 1049 βασιλέως,
1125 997 1197 1038 καί
1224 996 1449 1053 ἀνέρχεται
1487 998 1547 1048 εἷς
1585 997 1667 1055 τήν4
1690 1015 1770 1046 :noz-⁴

318 1059 482 1115 ρούχαν
518 1059 564 1099 ἐκ
602 1060 682 1100 τοῦ
722 1060 949 1116 α’ριστεροῦ
986 1063 1169 1117 μέρους,
1217 1060 1291 1104 καί
1324 1064 1490 1106 ἵσταται
1502 1097 1516 1118 ,
1553 1063 1628 1107 καὶ
1664 1062 1780 1115 ἐπὰν,

319 1126 526 1181 ἐπιτρέψῃ
568 1123 683 1182 αὖτῷ
721 1127 921 1180 καθίσαι,
963 1127 1090 1169 πάλιν
1129 1133 1250 1184 φιλεῖ
1272 1127 1324 1171 τοὶ
1353 1127 1507 1184 γόνατα
1535 1127 1771 1174 αὖτοῦκαί

319 1188 514 1246 κάθηται.
569 1192 644 1233 καί
678 1191 701 1233 ὅ
729 1193 917 1245 μουλίων
953 1195 1149 1248 ἵσταται,
1196 1197 1270 1237 καί
1305 1193 1412 1239 ἐπὰν
1447 1197 1644 1254 κελευθῇ,
1694 1194 1822 1238 καίιό

320 1255 448 1307 αὐτὸς
476 1261 596 1314 φιλεῖ
627 1256 740 1300 κάτω
769 1257 868 1308 τούς
906 1258 1069 1314 πόδας,
1108 1259 1181 1302 καί
1206 1258 1402 1316 κάθηται.
1458 1261 1695 1318 ἔμπροσθεν
1722 1262 1770 1303 δὲ

652 1321 666 1336 t

283 1323 603 1377 Ββαστάζουσιν
645 1340 667 1365 ο
704 1323 1015 1381 κουροπαλάτης
1062 1327 1137 1378 καί
1183 1325 1207 1368 ὅ
1257 1327 1488 1383 δηκουρίων
1527 1325 1580 1370 u}
1624 1335 1775 1383 χρυσοῖ

323 1388 489 1447 ῥαβὸία.
544 1387 804 1446 ἑκατέρωθεν
840 1392 886 1434 δὲ
922 1392 1100 1448 κόμητες
1126 1394 1317 1446 σχολῶν,
1362 1391 1436 1442 οὓς
1463 1389 1516 1436 ἂν
1555 1392 1769 1447 κελεύσει,

321 1457 691 1509 παραβαδίζουσιν
739 1458 990 1511 κρατοῦντες
1037 1456 1090 1500 τοὶ
1135 1460 1250 1512 μῆλα
1295 1460 1373 1514 τῆς
1417 1459 1640 1515 καρούχας.
1697 1461 1773 1501 καί

322 1520 428 1564 ἐπὰν
456 1519 698 1578 φθάσουσιν
724 1523 785 1571 εἰς
811 1520 865 1564 τὰ
895 1520 1047 1579 ἆρ’ῥιά,
1077 1525 1242 1580 πρῶτον
1270 1524 1310 1566 οἱ
1337 1522 1516 1582 ἔπαρχοι
1544 1525 1822 1580 κατέρχον-αο
1875 1545 1878 1573 1

126 1598 417 1643 Ms.233,h·tac‚
455 1590 527 1630 καί
552 1586 645 1630 τότε
672 1587 694 1631 ὃ
727 1588 941 1645 δεσπότης.
998 1589 1057 1640 ὥς
1084 1591 1131 1632 δὲ
1157 1591 1326 1648 εἰσέλθῃ
1355 1591 1414 1640 εἷς
1438 1588 1493 1633 τοὶ
1521 1589 1674 1647 ὄῤῥία,
1717 1586 1770 1634 οἷ-

429 1689 458 1713 ι.
480 1678 635 1713 ΣΧΟΛ.
659 1679 730 1713 τοῦ
750 1677 950 1726 παρόντος.
1051 1692 1103 1727 ¹7·
1127 1681 1280 1715 ΣΧΟΛ.
1302 1678 1325 1715 o‘
1345 1679 1554 1726 βουλευτής.

327 1769 500 1803 balneum
517 1795 528 1811 ,
565 1775 603 1804 et
627 1769 772 1816 quando
797 1770 888 1804 illuc
912 1771 1127 1814 accesserit,
1150 1771 1216 1805 ubi
1243 1776 1340 1806 stant
1367 1770 1550 1805 candidati
1575 1771 1616 1804 in
1641 1770 1768 1814 armis,

327 1817 382 1850 ibi
407 1816 547 1851 tribuni
571 1819 774 1863 praesentis
810 1817 964 1865 [nempe
990 1818 1144 1865 militiae
1169 1824 1232 1853 aut
1254 1818 1463 1866 comitatus]
1491 1818 1641 1852 adorant
1665 1829 1770 1859 eum,

327 1869 366 1897 et
400 1875 479 1897 cum
512 1865 601 1908 ipsis
633 1866 862 1910 primicerius
896 1865 1191 1902 domesticorum.
1253 1866 1342 1900 Inde
1377 1866 1494 1900 intrat
1530 1866 1569 1899 in
1609 1865 1768 1906 circum,

328 1916 366 1944 et
390 1910 442 1943 ibi
469 1910 639 1946 adoratur
669 1924 689 1945 a
716 1912 922 1946 domesticis
950 1918 987 1946 et
1009 1913 1302 1958 protectoribus,
1327 1925 1432 1959 quam
1456 1912 1612 1958 primum
1637 1911 1768 1958 pedem

328 1958 368 1990 in
393 1959 469 1991 eius
507 1965 612 2003 porta
647 1961 822 2004 posuerit.
869 1959 957 1993 Inde
990 1960 1066 1994 exit
1100 1963 1139 1994 in
1172 1962 1343 1994 comitatu
1376 1970 1563 2006 procerum
1597 1969 1617 1991 e
1650 1959 1768 1998 circo,
1871 1963 1878 1993 i

329 2005 433 2049 cquis
459 2005 710 2050 imperialibus
741 2007 887 2040 interim
924 2018 1042 2040 coram
1067 2008 1146 2051 ipso
1173 2019 1278 2041 manu
1303 2007 1511 2053 productis,
1546 2012 1583 2040 et
1606 2005 1769 2038 ascendit

329 2051 369 2084 in
394 2053 611 2086 carrucham.
659 2054 701 2087 In
734 2065 776 2087 ea
805 2053 979 2088 residenti
1012 2054 1219 2087 osculantur
1256 2055 1464 2090 accedentes
1499 2065 1565 2098 pro
1597 2051 1768 2098 gradibus

332 2097 548 2141 dignitatum
575 2111 763 2144 procerum
789 2101 922 2146 singuli
947 2112 1060 2146 genua
1087 2106 1123 2134 et
1147 2107 1348 2146 postremus
1370 2100 1467 2134 idem
1482 2100 1568 2133 facit
1589 2098 1765 2144 eparchus

330 2154 394 2176 seu
420 2147 620 2189 praefectus
646 2148 930 2190 praetoriorum,
955 2153 996 2180 ut
1021 2148 1085 2193 qui
1108 2148 1264 2181 Domino
1292 2149 1330 2181 in
1350 2159 1454 2180 curru
1470 2145 1627 2180 assidere
1646 2143 1767 2179 debet.

329 2191 382 2225 Eo
407 2191 573 2226 absoluto
597 2192 732 2232 officio,
778 2194 842 2227 dat
863 2195 1080 2237 Imperator,
1114 2195 1144 2227 si
1179 2195 1277 2235 vult,
1313 2191 1525 2239 proceribus
1547 2192 1691 2226 veniam
1729 2194 1769 2225 iu

331 2248 446 2283 equos
477 2250 558 2272 suos
588 2240 837 2274 inscendendi.
886 2241 1089 2274 Praefectus
1120 2245 1239 2274 autem
1270 2241 1554 2286 praetoriorum,
1587 2239 1769 2274 osculatus

330 2284 482 2318 Domini
507 2297 642 2330 genua,
667 2287 828 2320 ascendit
850 2287 889 2321 in
914 2286 1131 2329 can-ucham,
1156 2287 1219 2321 scd
1244 2298 1263 2319 a
1289 2287 1435 2321 sinistro
1461 2288 1593 2328 latere,
1620 2291 1658 2319 et
1680 2286 1769 2319 sub-

331 2331 430 2366 sistit
465 2332 504 2365 in
529 2343 572 2365 ea
595 2339 665 2366 tam
693 2333 755 2366 diu
782 2340 943 2374 erectus,
986 2333 1101 2367 donec
1130 2336 1328 2378 Imperator
1361 2335 1432 2379 ipsi
1466 2334 1609 2367 veniam
1645 2334 1767 2366 consi-

332 2377 445 2412 dendi
466 2377 619 2413 dederit.
667 2381 877 2427 Priusquam
900 2393 984 2415 vero
1010 2381 1196 2414 consideat
1210 2382 1296 2422 ille,
1321 2381 1502 2414 osculatur
1517 2380 1674 2414 secunda
1689 2381 1768 2413 vice

330 2424 566 2470 Imperatoris
605 2438 729 2472 genua.
779 2428 917 2462 Pariter
954 2432 1025 2462 stat
1055 2437 1174 2462 coram
1210 2429 1428 2473 Imperatore
1463 2429 1576 2462 mulio
1615 2427 1681 2471 [id
1714 2432 1770 2460 est
1872 2455 1878 2470 ξ

334 2473 484 2517 equis0‚
515 2473 675 2521 auriga];
711 2474 775 2520 qui
810 2474 999 2509 considero
1032 2475 1169 2516 iussus,
1205 2477 1412 2521 priusquam
1442 2475 1481 2508 id
1507 2475 1640 2514 saciat,
1677 2474 1768 2522 imos
1870 2477 1878 2509 ἐ

332 2519 444 2564 pedes
468 2521 700 2566 Imperatoris
724 2523 916 2556 osculatur.
966 2522 1092 2556 Coram
1118 2522 1286 2557 carrucha
1312 2524 1522 2567 praeferunt
1544 2521 1770 2566 curopalates

326 2570 373 2599 ·et
399 2567 546 2601 decurio
570 2570 684 2614 virgas
709 2579 852 2613 aure-‘21³3
888 2568 934 2602 ad
961 2575 1154 2614 utrumque
1176 2569 1334 2603 vehiculi
1367 2570 1461 2603 latus
1495 2574 1616 2602 autem
1641 2567 1770 2602 ambu-

334 2613 414 2647 lant
445 2615 595 2648 comites
626 2615 845 2657 scholarum,
877 2627 966 2662 quos
999 2617 1198 2661 Imperator
1233 2616 1426 2662 delegerit,
1463 2621 1770 2660 tenentes-poma

336 2659 414 2707 [scu
440 2660 565 2707 globos
591 2664 790 2697 metallicos
815 2664 852 2696 in
875 2662 991 2710 aditu]
1022 2664 1224 2698 carruchae.
1272 2665 1321 2698 Ea
1346 2665 1484 2698 ratione
1503 2667 1544 2696 ut
1558 2665 1770 2707 perventum

339 2714 395 2741 cst
418 2709 457 2740 iu
481 2708 628 2750 horrea,
651 2710 838 2744 descendit
862 2712 1017 2756 primum
1042 2710 1243 2756 praefectus
1267 2712 1423 2745 Domino
1453 2708 1652 2744 identidem
1677 2707 1769 2740 assi-

337 2753 443 2796 dens,
469 2755 555 2790 dein
565 2757 851 2803 lmpcratorrcui
883 2759 922 2792 in
938 2758 1066 2795 horrea
1084 2757 1235 2795 intranti
1257 2757 1401 2794 obviam
1426 2758 1456 2792 it
1479 2767 1595 2791 comes
1618 2755 1769 2791 horren-

1870 2300 1878 2450 .<-.,m,.‹.uu
1871 2267 1878 2283 a·
1872 2102 1878 2242 ..-.-.......
1876 2076 1878 2081 .
1871 2037 1878 2051 =„
