1884 3112
867 0 902 35 Ι

287 100 393 155 170
588 101 944 144 CONSTANTINI
979 101 1462 147 PORPHYROGENITI

96 209 162 243 Ms.
179 208 264 247 81.b
279 200 400 243 θείαν
429 201 691 258 λειτουργίαν
700 236 713 255 ,
748 202 822 244 καί
846 201 972 246 πάλιν
993 205 1052 255 εἰς
1074 204 1130 247 τὰ
1154 207 1352 249 παλάτιον
1377 205 1601 262 εἷσελθαὶν,
1633 225 1722 263 χω-

279 270 344 323 ρίς
373 270 455 310 τῶν
479 266 716 320 ἆλλαξιζιιων
745 267 827 310 ἀπὸ
853 267 1021 322 ἱματίου
1050 274 1273 324 καθέζεται
1303 273 1376 316 ἐπὶ
1399 275 1474 331 τῆς
1494 276 1722 332 τραπέζης·

417 328 438 344 21

279 333 369 375 ἀλλ’
387 350 478 377 ουτε
498 336 544 377 δὲ
566 333 613 375 τὸ
639 335 931 389 κουβούκλειον
957 338 1278 394 παραστάσιμον
1301 346 1424 383 ποιεῖ.

884 452 1024 493 ΚΕΦ.
1052 449 1116 494 λά.

419 536 512 572 Ὅσα
537 536 598 573 δεῖ
618 539 929 588 παραφυλάττειν
951 541 996 589 τῇ
1013 544 1217 589 παραμονῇ
1238 543 1303 586 τῆς
1327 544 1552 591 βαῖοφόρου.
1719 529 1746 573 5

240 641 267 675 c
391 630 458 689 Τῷ
490 632 688 690 σαββάτῳ
719 634 797 675 τοῦ
823 631 1031 689 Λαζάρου
1065 635 1203 690 δείλης
1232 630 1498 690 ἀνοιγομένου
1529 636 1608 677 τοῦ
1637 652 1720 677 πα-

276 696 436 751 λατίου,
466 698 703 753 εἰσέρχεται
727 700 844 741 πᾶσα
873 696 899 755 ἦ
923 698 1159 756 σύγκλητος,
1193 697 1431 756 μὰγιστροι,
1468 700 1718 754 ἆνθύπατοι,

276 765 483 820 πατρίκιοι
507 763 580 806 καί
605 763 644 805 οἱ
670 766 746 806 τοῦ
769 764 1063 819 κουβουκλείου
1091 762 1172 807 ἀπὸ
1207 767 1531 822 σκαραμαγγίων
1551 768 1624 808 καί
1643 766 1720 820 μό-

260 844 369 882 ’νον,
418 826 439 871 ὅ
461 829 508 871 δὲ
538 829 737 883 βασιλεὺς
770 832 934 874 ἵσταται
958 833 1002 874 ἒν
1041 833 1100 890 τῷ
1121 833 1208 890 ναῷ
1238 833 1314 874 τοῦ
1335 831 1456 888 ἇγίου
1478 833 1720 888 Δημητρίου

277 895 356 951 πρὸ
382 897 453 952 τῆς
473 901 701 952 χειμευτῆς
731 896 888 947 εἰκόνος
924 900 994 953 τῆς
1024 896 1228 941 Θεοτόκου
1261 897 1365 955 πρὸς
1388 897 1462 955 τὴν
1491 895 1775 953 ἑξάγουσανιο

275 960 416 1016 θύραν
443 962 503 1011 εἷς
521 959 568 1003 τὸ
592 959 772 1018 ἡλιακὸν.
809 963 883 1006 καί
909 967 990 1007 τῶν
1019 967 1296 1021 συγκλητικῶν
1335 964 1528 1017 ἐξιόντων
1545 962 1621 1014 τὰς
1643 960 1722 1020 ἆρ-

274 1030 407 1083 γυρᾶς
435 1024 685 1085 ἆνατολικὰς
711 1028 869 1084 πύλας,
901 1031 1142 1087 σημαίνειῆ
1169 1032 1387 1086 ἐκκλησία,
1417 1029 1490 1072 καὶ
1512 1030 1723 1086 εἰσέρχον-

274 1110 348 1136 ται
374 1091 412 1136 oi
439 1095 514 1149 τῆς
535 1095 764 1151 συγκλήτου
795 1096 1006 1152 στιχηὸὸν,
1043 1093 1103 1146 εἷς
1121 1101 1221 1139 καθ’
1241 1093 1314 1150 εἷς,
1354 1097 1413 1148 εἷς
1437 1094 1505 1140 τὸν
1526 1094 1625 1138 ναὸν
1644 1095 1723 1138 τοῦ

278 1160 399 1215 ἁγίου
435 1160 682 1216 Δημητρίου
720 1162 794 1204 καί
829 1160 1116 1216 λαμβάνουσιν
1149 1164 1196 1206 ἐκ
1225 1161 1366 1220 χειρὸς
1403 1162 1480 1204 τοῦ
1517 1162 1722 1216 βασιλέως

235 1225 356 1274 Davo}
382 1228 506 1280 βαΐου
531 1223 632 1279 ἑνὸς,
665 1225 829 1282 ἔχοντος
854 1226 1162 1286 φοινικόφυλλα
1185 1231 1259 1272 καί
1275 1229 1486 1284 σαμψυχα
1506 1229 1581 1270 καί
1601 1230 1778 1284 ἓτεραιὸ

273 1293 412 1349 εὖώὸη
450 1287 584 1349 ἄνθη,
621 1289 689 1336 οἷα
721 1290 860 1337 ὅτότε
896 1296 1072 1350 παρέχει
1093 1292 1257 1347 καιρός.
1311 1297 1386 1337 καί
1422 1293 1462 1336 οἱ
1491 1295 1571 1348 μὲν
1596 1290 1724 1348 μὰγι-

274 1374 394 1416 στροι
422 1358 496 1401 καί
515 1358 778 1415 πραιπὸσιτοι
803 1359 884 1403 (ἕνα
907 1359 998 1412 ἑνὸς
1020 1362 1210 1418 ἀργυροῦ
1238 1362 1424 1419 σταυροῦ
1449 1358 1648 1416 μεγάλου,
1684 1358 1725 1401 οἳ

277 1427 325 1468 δὲ
356 1421 621 1482 ὄφφικιάλιοι
647 1428 720 1468 καί
744 1426 783 1469 οἱ
807 1429 947 1470 λοιποί
968 1425 1116 1477 πάντες
1146 1426 1227 1470 ἀνά
1254 1424 1346 1477 ἑνὸς
1380 1426 1567 1489 ἀργυροῦ
1593 1442 1724 1468 σταυ-

277 1492 355 1548 ροῦ
381 1493 550 1547 μικροῦ,
594 1491 634 1534 οἱ
663 1494 709 1534 δὲ
737 1489 976 1537 ἀνθύπατοι
1011 1493 1084 1536 καί
1118 1496 1328 1550 πατρίκιοι
1357 1492 1437 1536 ἀντὶ
1475 1489 1564 1542 ἑνὸς
1591 1492 1724 1549 ἄργυ-

276 1559 355 1614 ροῦ
385 1559 574 1615 σταυροῦ
593 1557 804 1614 μεγάλου·
860 1562 900 1604 εἶ
931 1562 978 1602 δέ
1011 1563 1091 1604 εἰσι
1127 1560 1234 1602 κατὰ
1268 1562 1509 1616 περίσσειαν
1540 1558 1778 1614 σταυρίααο

278 1619 447 1681 ἀργυρᾶ
467 1623 620 1683 μικρὰ,
664 1626 830 1668 δίδοται
865 1627 940 1669 καί
967 1632 1054 1676 τοῖς
1075 1626 1472 1684 πρωτοσπαθαρίοις
1493 1620 1724 1680 εὖνούχοις.

369 1750 401 1773 2.
428 1739 494 1772 καὶ
521 1738 586 1773 ἐπὶ
609 1740 674 1782 τῆς
693 1750 747 1786 τρ.
774 1739 829 1774 ed.

279 1827 407 1870 abeat,
442 1830 505 1864 sed
527 1832 565 1864 in
589 1832 728 1877 tropice
756 1832 790 1866 S.
811 1832 975 1877 Sepulcri
997 1837 1094 1866 stans
1111 1859 1120 1874 ,
1151 1832 1311 1865 divinam
1340 1831 1524 1875 liturgiam
1548 1827 1727 1862 celebret’

280 1881 318 1909 et
346 1877 385 1910 in
407 1877 584 1922 palatium
602 1879 782 1923 ingressus
801 1879 879 1912 sine
900 1881 1129 1921 mutatoriis,
1153 1885 1252 1913 veste
1277 1890 1342 1912 sua
1377 1878 1548 1918 indutus,
1579 1884 1726 1909 mensae

280 1923 455 1978 assitlcat:
494 1935 614 1973 neque
638 1936 724 1961 vero
753 1931 841 1959 tune
872 1926 1082 1960 cubiculum
1109 1927 1253 1962 solenni
1271 1927 1344 1959 ritu
1370 1925 1466 1959 latus
1494 1921 1726 1970 Imperatoris

281 1976 404 2017 cingit.

913 2031 1010 2066 CAP.
1036 2034 1091 2067 31.

661 2100 903 2136 Observanda
925 2102 966 2135 in
982 2101 1119 2147 vigilia
1137 2101 1357 2148 palmarum.

381 2180 424 2212 In
448 2178 599 2212 sabbato
616 2179 742 2213 Lazari
771 2181 910 2226 palatio
942 2180 1084 2224 vesperi
1117 2184 1263 2224 aperto,
1287 2178 1404 2211 omnis
1421 2181 1564 2210 senatus
1579 2201 1589 2217 ‚
1613 2176 1727 2221 magi-

291 2227 380 2267 stri,
406 2227 638 2272 proconsules
653 2253 662 2269 ‚
698 2228 843 2272 patricii
871 2232 909 2260 et
935 2226 1152 2260 cubicularii
1172 2231 1313 2259 tantum
1342 2226 1381 2257 in
1399 2223 1651 2267 scaramangiis
1668 2224 1727 2255 in-

289 2278 388 2307 trant
401 2300 411 2316 ,
434 2275 635 2320 Imperator
655 2275 694 2307 in
714 2275 850 2320 templo
881 2274 914 2308 S.
932 2274 1108 2307 Demetrii
1134 2284 1253 2306 coram
1273 2273 1352 2305 fusa
1373 2272 1528 2316 imagine
1546 2270 1727 2315 Deiparae

290 2321 338 2353 ad
357 2326 499 2366 portam
524 2322 562 2354 in
583 2321 756 2355 solarium
780 2321 970 2355 ducentem
996 2321 1172 2354 subsistit.
1222 2321 1356 2353 Senatu
1382 2330 1447 2364 per
1467 2322 1588 2363 portas
1600 2327 1727 2361 argen-

289 2373 366 2401 teas
389 2368 583 2402 orientales
605 2379 768 2414 egressO,
801 2369 951 2403 ecclesia
971 2369 1112 2413 signum
1132 2367 1212 2408 dat,
1238 2372 1275 2400 et
1291 2367 1430 2399 intrant
1461 2369 1644 2397 senatores
1668 2374 1728 2396 or-

290 2414 376 2448 dine
391 2441 399 2457 ,
425 2427 518 2449 unus
541 2421 625 2462 post
647 2416 821 2457 alterum,
846 2418 886 2449 in
904 2416 1080 2461 templum
1102 2416 1135 2449 S.
1158 2415 1358 2454 Demetrii,
1385 2419 1421 2446 ct
1442 2411 1575 2456 singuli
1592 2410 1638 2443 ab
1655 2412 1728 2443 Im-

287 2467 456 2508 peratore
469 2474 608 2496 ramum
628 2475 740 2497 unum
762 2475 842 2497 cum
866 2464 1008 2509 palmae
1036 2462 1134 2495 soliis
1150 2488 1159 2503 ‚
1194 2461 1406 2506 sampsucho
1429 2459 1585 2504 aliisque
1606 2457 1730 2490 odoris

289 2509 462 2551 floribus,
490 2521 581 2556 quos
613 2516 701 2545 tunc
722 2516 863 2556 tempus
894 2510 984 2552 fert,
1020 2510 1213 2554 accipiunt.
1270 2508 1432 2552 Magistri
1461 2510 1648 2550 praeterea
1690 2509 1730 2537 et

289 2558 489 2602 praepositi
523 2558 656 2603 singuli
688 2569 853 2603 magnam
888 2562 1093 2603 argenteam
1130 2567 1288 2596 crucem,
1334 2553 1507 2588 officiales
1545 2556 1582 2585 et
1618 2551 1729 2584 ceteri

292 2615 415 2637 omnes
439 2616 585 2650 parvam
606 2610 824 2650 argenteam,
847 2605 1080 2651 proconsules
1106 2609 1143 2636 ct
1166 2604 1309 2648 patricii
1331 2601 1464 2645 singuli
1485 2609 1648 2644 magnam
1672 2608 1729 2630 ar-

292 2655 457 2694 genteam
493 2663 634 2686 crucem
682 2654 883 2698 accipiunt:
918 2653 946 2685 si
974 2662 1060 2686 vcro
1084 2651 1285 2683 cruciculae
1307 2653 1497 2693 argenteae
1519 2643 1729 2683 abundant,

294 2698 402 2732 ctiam
434 2699 736 2746 protospathariis
769 2699 944 2735 eunuchis
979 2698 1256 2733 distribuuntur.
1317 2698 1383 2732 Per
1409 2695 1558 2728 alteram
1589 2695 1730 2738 portam
