1832 3112
314 88 484 128 XXVIII
772 90 846 132 10.
887 90 995 131 IAC.
1037 90 1234 133 REISKII

313 191 548 232 Botoniatae
566 223 578 243 ‚
608 202 648 234 et
669 202 842 248 quatuor
877 208 1094 248 procerum
1124 196 1201 249 ipsi
1239 195 1495 237 adstantium
1516 197 1777 251 imaginibus

313 260 629 311 conspiciuntur.
706 261 828 312 Quod
858 263 993 314 itaque
1039 262 1267 316 Imperator
1293 264 1337 302 in
1375 265 1511 316 capite
1544 264 1677 317 gerit,
1706 271 1769 304 est

260 317 265 322 ¹
313 322 480 375 στέμμα
515 340 693 375 corona,
726 327 808 378 vel,
837 335 883 366 ut
920 327 1160 382 plerumque
1192 330 1314 379 verti,
1354 327 1512 382 infida.
1577 329 1647 369 Ad
1673 343 1765 370 eam

314 389 486 430 formam
515 401 746 447 comparata
780 400 866 433 erat
907 407 1058 433 corona
1093 402 1347 434 caeterorum
1375 398 1558 435 omnium
1586 397 1769 450 Byzantii
1828 413 1832 420 ·

316 457 623 510 Imperatorum.
682 460 797 510 Quae
819 459 871 498 ab
900 460 1064 500 auribus
1093 462 1284 514 utrinque
1310 461 1539 514 dependent
1566 461 1636 502 fila
1657 476 1770 501 mar-

315 526 551 578 garitarum,
571 525 704 579 qualia
735 528 778 565 in
816 528 950 566 numis
972 526 1203 580 Byzantinis
1217 527 1326 581 apud
1336 527 1592 582 Ducangium
1612 529 1770 568 etBan-

319 590 482 630 durium
510 591 734 645 frequentia
769 600 1029 647 comparent,
1057 601 1152 633 sunt
1185 590 1464 647 κατάσειστα,
1505 595 1770 649 quemadmo-
1828 581 1832 596 ⁴

315 656 414 695 dum
437 659 481 696 in
505 657 610 697 libro
626 667 764 698 nostro
797 659 1069 713 appellantur.
1126 660 1280 710 Vestis,
1306 673 1411 714 quae
1441 662 1649 702 sinistrum
1674 661 1776 701 bra*
1810 671 1832 715 ξ

314 722 453 762 chium
503 731 637 764 totum
674 724 847 765 involvit
862 755 874 776 ,
916 725 1101 765 dextrum
1137 725 1355 765 humerum
1390 725 1535 766 leviter
1569 729 1682 782 tegit,
1713 733 1773 767 est
1812 715 1832 769 7⁴ss

312 788 510 844 chlamys.
565 791 629 830 De
656 791 797 832 dextra
817 793 902 831 eius
924 791 1071 831 lacinia
1097 792 1199 831 nihil
1228 792 1401 846 amplius
1425 800 1551 847 patet,
1579 807 1704 848 quam
1725 807 1775 834 ea
1827 795 1832 839 i

313 867 422 908 pars,
446 871 527 909 qua
554 871 627 911 per
647 857 814 898 fibulam
843 872 964 912 super
988 858 1158 898 humero
1187 859 1327 899 dextro
1349 860 1533 899 sinistrae
1560 860 1777 900 commissa·
1824 894 1832 918 ⁷.

319 930 396 962 est.
452 923 671 978 Reliquum
691 939 810 965 omne
843 927 886 964 in
904 933 1064 979 tergum
1091 927 1284 965 reiectum
1309 924 1420 966 latet.
1475 926 1556 966 Sed
1573 933 1687 966 tanto
1708 925 1774 967 lu-

317 988 516 1029 culentius
537 998 648 1044 patet
666 990 812 1031 lacinia
835 993 1026 1044 sinistra3
1055 993 1098 1031 in
1125 1006 1207 1046 qua
1225 992 1402 1032 notanda
1421 994 1601 1047 primum
1621 990 1648 1047 ἧ
1670 984 1775 1046 ὅρνα

315 1068 386 1094 seu
406 1069 500 1108 ora,
530 1060 756 1111 margaritis
785 1059 932 1111 obsita,
961 1058 1184 1099 secundum
1215 1057 1471 1099 latitudinem
1495 1060 1669 1114 pectoris
1701 1058 1774 1098 de-
1814 1098 1823 1104 ,

314 1122 509 1163 scendens
529 1126 709 1177 primum
737 1126 789 1164 ad
815 1127 945 1165 imum
975 1133 1186 1177 ventrem,
1216 1125 1311 1166 dein
1330 1125 1383 1166 ad
1412 1127 1515 1166 imos
1532 1125 1671 1180 pedes,
1700 1125 1774 1166 de-

121 1195 306 1232 Ed.L.X11
319 1191 443 1243 nique
471 1191 655 1231 revoluta
683 1192 810 1231 ambit
833 1193 1039 1232 sinistrum
1063 1207 1249 1251 carpum,
1277 1199 1317 1232 et
1342 1191 1548 1233 descendit
1581 1205 1705 1246 porro
1721 1191 1774 1231 ad
1820 1188 1822 1190 ’

319 1258 531 1310 posticam.
571 1258 773 1301 >Secunda
804 1273 898 1312 pars
930 1258 1121 1299 notabilis
1156 1267 1219 1299 est
1249 1258 1494 1313 inaequabili
1532 1258 1603 1299 illa
1651 1271 1780 1313 paene

319 1323 716 1378 parallelogrammos
735 1325 863 1379 figura
880 1339 954 1380 per
980 1333 1120 1380 pectus
1139 1325 1328 1377 deducta,
1354 1327 1398 1366 in
1411 1339 1570 1366 summo
1591 1331 1778 1376 curvata5
1814 1359 1819 1364 .

319 1389 364 1429 in
391 1391 473 1430 imo
502 1398 619 1431 acuta
633 1421 646 1443 ‚
675 1406 749 1445 per
771 1405 863 1431 oras
888 1394 1115 1446 margaritis
1140 1394 1271 1432 cincta
1288 1421 1300 1444 ,
1341 1394 1386 1432 in
1418 1391 1552 1432 medio
1579 1390 1777 1433 helicibus

319 1458 444 1510 picta,
476 1471 552 1497 acu
582 1471 720 1498 aurea.
779 1459 893 1499 Haec
910 1466 970 1498 est
995 1458 1065 1498 illa
1092 1473 1201 1512 pars,
1230 1473 1336 1512 quae
1364 1458 1514 1499 Nostro
1546 1458 1778 1512 saepissime

319 1531 568 1563 memoratur
578 1524 750 1576 wfflc'ov
776 1525 842 1566 vel
859 1520 1048 1578 ταυλίον,
1081 1539 1152 1565 seu
1173 1525 1352 1576 tabella,
1377 1532 1472 1579 apta
1496 1523 1779 1579 appellatione.

318 1591 427 1631 Nam
456 1592 490 1630 si
509 1590 636 1631 altera
660 1593 737 1645 ipsi
761 1591 1007 1646 respondens
1040 1605 1134 1645 pars
1159 1592 1203 1630 in
1230 1590 1368 1630 dextra
1402 1590 1628 1644 chlamydis
1662 1597 1779 1644 parte

321 1658 398 1710 ipsi
422 1665 666 1711 apponatur,
695 1665 864 1712 apparet
881 1666 1076 1711 tanquam
1093 1656 1232 1697 tabula
1249 1657 1404 1710 pectori
1431 1657 1636 1711 imposita,
1665 1656 1778 1711 quod

323 1722 551 1763 luculenter
594 1726 840 1777 conspicitur
878 1725 921 1762 in
957 1724 1090 1763 tribus
1128 1723 1207 1763 illis
1245 1723 1486 1777 Imperatori
1525 1722 1780 1765 adstantibus

321 1790 574 1843 proceribus.
636 1791 768 1831 Vestis
796 1790 980 1842 inferior,
1007 1789 1211 1844 chlamydi
1237 1790 1470 1844 supposita,
1498 1802 1603 1843 quae
1633 1787 1686 1828 ad
1705 1779 1779 1842 pe-
1811 1823 1815 1826 .

323 1855 396 1894 des
430 1870 558 1909 usque
586 1856 791 1896 descendit
806 1884 818 1906 ‚
854 1863 895 1895 et
935 1863 1132 1909 quatenus
1162 1856 1348 1896 dextrum
1378 1854 1592 1896 bmchium
1623 1854 1778 1906 ambit,

326 1923 586 1974 angustisque
610 1923 778 1961 manicis
807 1935 975 1974 carpum
999 1922 1183 1962 dextrum
1215 1921 1368 1962 claudit
1384 1950 1398 1972 ,
1426 1919 1652 1961 luculenter
1676 1934 1777 1962 con-

328 1988 522 2040 spicitur,
551 2002 599 2027 ea
632 1995 691 2027 est
720 1985 871 2039 χλανίς
896 1986 962 2027 vel
1001 1983 1248 2038 xlam‘d‘tom
1302 1987 1480 2041 Figurae
1507 1994 1549 2026 et
1573 1986 1778 2041 chlamydi

332 2061 372 2092 et
401 2053 578 2093 chlanidi
591 2083 603 2104 ,
634 2053 701 2094 vel
723 2054 910 2100 tunicae,
940 2054 1114 2094 intextae
1143 2052 1399 2106 appellantur
1417 2053 1567 2093 Nostro
1585 2051 1779 2104 ἐξέμπλι-

331 2132 377 2158 ον
402 2119 657 2173 exemplum.
733 2120 856 2171 Quod
880 2121 923 2158 in
948 2133 1072 2159 manu
1101 2120 1263 2160 sinistra
1292 2126 1420 2171 tenet,
1447 2119 1598 2159 Nostro
1621 2120 1778 2172 promi-

330 2198 426 2223 scue
449 2178 604 2224 ἆκακία
627 2193 667 2226 et
689 2184 925 2235 α’νεξικακάι
936 2186 1177 2240 appellatur,
1206 2185 1398 2227 volumen
1410 2185 1779 2237 membranaceum,

332 2257 403 2290 aut
435 2251 616 2291 sacculus
634 2253 825 2303 sericeus,
853 2252 905 2292 de
932 2267 1014 2306 quo
1045 2254 1088 2293 in
1120 2251 1428 2293 Commentariis
1442 2251 1562 2306 plura
1577 2250 1785 2294 dicentum·

443 2317 492 2356 In
534 2319 770 2371 proceribus
808 2325 1027 2372 utrumque
1070 2319 1176 2359 latus
1228 2319 1488 2372 Imperatoris
1535 2315 1781 2370 stipantibus
1804 2367 1806 2370 Ι

331 2383 594 2424 observamus
623 2386 814 2424 vestitum
839 2384 969 2424 tribus
995 2384 1192 2425 barbatis
1211 2397 1484 2434 communem,
1512 2383 1584 2422 uni
1607 2382 1777 2436 spadoni

332 2448 588 2503 peculiarem.
655 2450 818 2490 Primus
851 2451 902 2490 ad
930 2451 1111 2490 dextram
1140 2449 1386 2490 Prohedrus
1422 2447 1489 2488 vel
1521 2449 1706 2497 Praestos
1734 2454 1778 2488 et
1803 2463 1807 2504 j

334 2515 561 2567 Oeniden,
591 2516 656 2557 vel
683 2518 861 2558 vasculo
889 2519 1006 2557 sacri
1039 2515 1259 2564 encausti,
1295 2514 1570 2571 praefectus,
1613 2513 1778 2555 indutus

333 2589 392 2620 est
406 2612 418 2631 ,
449 2590 488 2622 et
516 2591 611 2624 sunt
639 2597 800 2638 quoque
815 2585 990 2634 caeteri,
1020 2583 1310 2635 scaramangio,
1340 2596 1411 2621 seu
1445 2582 1586 2634 stricto
1619 2579 1748 2634 pallio
1764 2608 1778 2630 ‚
1804 2596 1805 2599 ¹

334 2648 439 2689 circa
479 2649 662 2704 iugulum
691 2649 814 2691 fibula
851 2647 1042 2704 singulari
1070 2649 1278 2703 geminave
1315 2647 1479 2701 clauso,
1519 2660 1612 2687 cum
1642 2643 1779 2687 tabliis
1805 2696 1808 2698 Ι
