<?xml version="1.0" encoding="UTF-8"?>
<!DOCTYPE html PUBLIC "-//W3C//DTD XHTML 1.0 Transitional//EN"
    "http://www.w3.org/TR/xhtml1/DTD/xhtml1-transitional.dtd">
<html xmlns="http://www.w3.org/1999/xhtml" xml:lang="en" lang="en">
 <head>
  <title>
</title>
<meta http-equiv="Content-Type" content="text/html;charset=utf-8" />
  <meta name='ocr-system' content='tesseract 3.04.00' />
  <meta name='ocr-capabilities' content='ocr_page ocr_carea ocr_par ocr_line ocrx_word'/>
</head>
<body>
  <div class='ocr_page' id='page_1' title='image "./corpusscriptorum07niebuoft_0154.png"; bbox 0 0 1832 3112; ppageno 0'>
   <div class='ocr_carea' id='block_1_1' title="bbox 281 111 1446 178">
    <p class='ocr_par' dir='ltr' id='par_1_1' title="bbox 281 111 1446 178">
     <span class='ocr_line' id='line_1_1' title="bbox 281 111 1446 178; baseline -0.001 -9"><span class='ocrx_word' id='word_1_1' title='bbox 281 111 355 178; x_wconf 84' lang='lat'><em>88</em></span> <span class='ocrx_word' id='word_1_2' title='bbox 557 127 919 173; x_wconf 68' lang='lat' dir='ltr'><strong>coNsT-ANnm</strong></span> <span class='ocrx_word' id='word_1_3' title='bbox 957 115 1446 169; x_wconf 65' lang='lat' dir='ltr'><strong>PORPHYROGENITi</strong></span> 
     </span>
    </p>
   </div>
   <div class='ocr_carea' id='block_1_2' title="bbox 105 223 1800 1806">
    <p class='ocr_par' dir='ltr' id='par_1_2' title="bbox 105 223 1800 1806">
     <span class='ocr_line' id='line_1_2' title="bbox 279 223 1730 289; baseline -0.003 -14"><span class='ocrx_word' id='word_1_4' title='bbox 279 230 562 289; x_wconf 82' lang='grc' dir='ltr'><em>χουμενείοις,</em></span> <span class='ocrx_word' id='word_1_5' title='bbox 589 227 712 272; x_wconf 75' lang='grc' dir='ltr'><em>ἅπτει</em></span> <span class='ocrx_word' id='word_1_6' title='bbox 734 226 886 284; x_wconf 79' lang='grc' dir='ltr'><em>κηροὺς</em></span> <span class='ocrx_word' id='word_1_7' title='bbox 923 223 1121 271; x_wconf 81' lang='grc' dir='ltr'><em>ἇπέναντι</em></span> <span class='ocrx_word' id='word_1_8' title='bbox 1160 230 1236 271; x_wconf 82' lang='grc' dir='ltr'><em>τοῦ</em></span> <span class='ocrx_word' id='word_1_9' title='bbox 1263 228 1569 284; x_wconf 76' lang='grc' dir='ltr'><strong><em>θυσιαστηρίου</em></strong></span> <span class='ocrx_word' id='word_1_10' title='bbox 1597 223 1730 284; x_wconf 67' lang='grc' dir='ltr'><em>ὅπερ·</em></span> 
     </span>
     <span class='ocr_line' id='line_1_3' title="bbox 281 289 1734 351; baseline -0.004 -10"><span class='ocrx_word' id='word_1_11' title='bbox 281 302 357 341; x_wconf 98' lang='grc' dir='ltr'><em>θεν</em></span> <span class='ocrx_word' id='word_1_12' title='bbox 393 297 476 345; x_wconf 70' lang='grc' dir='ltr'><em>τῶν</em></span> <span class='ocrx_word' id='word_1_13' title='bbox 508 296 735 351; x_wconf 78' lang='grc' dir='ltr'><em>βασιλικῶν</em></span> <span class='ocrx_word' id='word_1_14' title='bbox 775 293 917 337; x_wconf 74' lang='grc' dir='ltr'><em>πυλῶν</em></span> <span class='ocrx_word' id='word_1_15' title='bbox 953 295 1026 336; x_wconf 80' lang='grc' dir='ltr'>καί</span> <span class='ocrx_word' id='word_1_16' title='bbox 1044 289 1214 348; x_wconf 72' lang='grc' dir='ltr'><em>εὔχεται</em></span> <span class='ocrx_word' id='word_1_17' title='bbox 1239 294 1383 336; x_wconf 78' lang='grc' dir='ltr'><em>ἐκεῖσε·</em></span> <span class='ocrx_word' id='word_1_18' title='bbox 1439 290 1664 347; x_wconf 72' lang='grc' dir='ltr'><em>εὐξάμενος</em></span> <span class='ocrx_word' id='word_1_19' title='bbox 1685 293 1734 335; x_wconf 77' lang='grc' dir='ltr'><em>δὲ</em></span> 
     </span>
     <span class='ocr_line' id='line_1_4' title="bbox 281 357 1734 420; baseline -0.005 -14"><span class='ocrx_word' id='word_1_20' title='bbox 281 365 328 406; x_wconf 73' lang='grc' dir='ltr'><em>ἐν</em></span> <span class='ocrx_word' id='word_1_21' title='bbox 352 364 408 420; x_wconf 78' lang='grc' dir='ltr'><em>τῷ</em></span> <span class='ocrx_word' id='word_1_22' title='bbox 438 357 521 404; x_wconf 63' lang='lat' dir='ltr'><strong>{im</strong></span> <span class='ocrx_word' id='word_1_23' title='bbox 544 362 628 402; x_wconf 79' lang='grc' dir='ltr'><em>τῶν</em></span> <span class='ocrx_word' id='word_1_24' title='bbox 655 361 1015 414; x_wconf 61' lang='grc' dir='ltr'><em>κατηχουμενειῖον</em></span> <span class='ocrx_word' id='word_1_25' title='bbox 1043 360 1245 417; x_wconf 76' lang='grc' dir='ltr'><em>εὖκτηρίῳ</em></span> <span class='ocrx_word' id='word_1_26' title='bbox 1275 360 1347 414; x_wconf 82' lang='grc' dir='ltr'><em>τῆς</em></span> <span class='ocrx_word' id='word_1_27' title='bbox 1379 357 1610 415; x_wconf 77' lang='grc' dir='ltr'><em>ὕπεραγίας</em></span> <span class='ocrx_word' id='word_1_28' title='bbox 1628 360 1734 402; x_wconf 89' lang='grc' dir='ltr'><em>Θεο-</em></span> 
     </span>
     <span class='ocr_line' id='line_1_5' title="bbox 288 422 1738 482; baseline -0.003 -11"><span class='ocrx_word' id='word_1_29' title='bbox 288 429 435 482; x_wconf 87' lang='grc' dir='ltr'><em>τόκου,</em></span> <span class='ocrx_word' id='word_1_30' title='bbox 480 424 596 480; x_wconf 77' lang='grc' dir='ltr'><em>ἅψας</em></span> <span class='ocrx_word' id='word_1_31' title='bbox 622 426 668 468; x_wconf 78' lang='grc' dir='ltr'><em>δὲ</em></span> <span class='ocrx_word' id='word_1_32' title='bbox 693 425 858 468; x_wconf 72' lang='grc' dir='ltr'><em>κάκεῖσε</em></span> <span class='ocrx_word' id='word_1_33' title='bbox 887 423 1040 481; x_wconf 78' lang='grc' dir='ltr'><em>κηρούς</em></span> <span class='ocrx_word' id='word_1_34' title='bbox 1066 426 1139 470; x_wconf 82' lang='grc' dir='ltr'><em>καί</em></span> <span class='ocrx_word' id='word_1_35' title='bbox 1164 423 1386 478; x_wconf 79' lang='grc' dir='ltr'><em>εὕξάμενος</em></span> <span class='ocrx_word' id='word_1_36' title='bbox 1407 426 1636 480; x_wconf 83' lang='grc' dir='ltr'><em>ἐξέρχεται,</em></span> <span class='ocrx_word' id='word_1_37' title='bbox 1664 422 1738 468; x_wconf 75' lang='grc' dir='ltr'><em>καὶ</em></span> 
     </span>
     <span class='ocr_line' id='line_1_6' title="bbox 105 485 1760 550; baseline -0.002 -15"><span class='ocrx_word' id='word_1_38' title='bbox 105 495 241 531; x_wconf 77' lang='grc' dir='ltr'><strong>Μ3-52·</strong></span> <span class='ocrx_word' id='word_1_39' title='bbox 257 488 454 545; x_wconf 65' lang='grc' dir='ltr'><em>ἶῑῖσταται</em></span> <span class='ocrx_word' id='word_1_40' title='bbox 478 495 522 537; x_wconf 75' lang='grc' dir='ltr'><em>ἐν</em></span> <span class='ocrx_word' id='word_1_41' title='bbox 546 493 603 550; x_wconf 76' lang='grc' dir='ltr'><em>τῷ</em></span> <span class='ocrx_word' id='word_1_42' title='bbox 624 493 952 548; x_wconf 75' lang='grc' dir='ltr'><em>παρακυμπτικῷ</em></span> <span class='ocrx_word' id='word_1_43' title='bbox 978 491 1055 532; x_wconf 79' lang='grc' dir='ltr'><em>τοῦ</em></span> <span class='ocrx_word' id='word_1_44' title='bbox 1079 492 1388 547; x_wconf 72' lang='grc' dir='ltr'><em>θυσιαστηρίου</em></span> <span class='ocrx_word' id='word_1_45' title='bbox 1417 492 1462 533; x_wconf 83' lang='grc' dir='ltr'><em>ἐν</em></span> <span class='ocrx_word' id='word_1_46' title='bbox 1483 485 1518 549; x_wconf 76' lang='grc' dir='ltr'><em>ᾦ</em></span> <span class='ocrx_word' id='word_1_47' title='bbox 1550 488 1760 534; x_wconf 56' lang='lat' dir='ltr'><strong>simo-mh</strong></span> 
     </span>
     <span class='ocr_line' id='line_1_7' title="bbox 284 554 1738 618; baseline -0.003 -15"><span class='ocrx_word' id='word_1_48' title='bbox 284 561 395 618; x_wconf 72' lang='grc' dir='ltr'><em>αὐτῷ</em></span> <span class='ocrx_word' id='word_1_49' title='bbox 415 562 513 601; x_wconf 64' lang='grc' dir='ltr'><em>καθ)</em></span> <span class='ocrx_word' id='word_1_50' title='bbox 538 555 714 612; x_wconf 75' lang='grc' dir='ltr'><em>ἑκάστην</em></span> <span class='ocrx_word' id='word_1_51' title='bbox 731 559 977 613; x_wconf 86' lang='grc' dir='ltr'><em>προέλευσιν</em></span> <span class='ocrx_word' id='word_1_52' title='bbox 1000 558 1203 600; x_wconf 77' lang='grc' dir='ltr'><em>ἵστασθαι</em></span> <span class='ocrx_word' id='word_1_53' title='bbox 1226 556 1298 598; x_wconf 81' lang='grc' dir='ltr'><strong><em>καί</em></strong></span> <span class='ocrx_word' id='word_1_54' title='bbox 1319 559 1498 602; x_wconf 78' lang='grc' dir='ltr'><em>ἐκτελεῖν</em></span> <span class='ocrx_word' id='word_1_55' title='bbox 1518 554 1595 612; x_wconf 66' lang='grc' dir='ltr'><em>τήν</em></span> <span class='ocrx_word' id='word_1_56' title='bbox 1614 557 1738 601; x_wconf 84' lang='grc' dir='ltr'><em>θείαν</em></span> 
     </span>
     <span class='ocr_line' id='line_1_8' title="bbox 115 619 1739 681; baseline -0.001 -16"><span class='ocrx_word' id='word_1_57' title='bbox 115 632 226 674; x_wconf 76' lang='lat' dir='ltr'><strong>Ed‚L.</strong></span> <span class='ocrx_word' id='word_1_58' title='bbox 241 632 283 672; x_wconf 86' lang='lat'><em>53</em></span> <span class='ocrx_word' id='word_1_59' title='bbox 294 627 575 681; x_wconf 71' lang='grc' dir='ltr'><em>λειτουργίαν,</em></span> <span class='ocrx_word' id='word_1_60' title='bbox 615 620 732 667; x_wconf 76' lang='grc' dir='ltr'><em>ἅπτει</em></span> <span class='ocrx_word' id='word_1_61' title='bbox 757 623 802 664; x_wconf 78' lang='grc' dir='ltr'><em>δὲ</em></span> <span class='ocrx_word' id='word_1_62' title='bbox 832 619 996 665; x_wconf 80' lang='grc' dir='ltr'><em>κᾶκεῖσε</em></span> <span class='ocrx_word' id='word_1_63' title='bbox 1018 620 1183 678; x_wconf 79' lang='grc' dir='ltr'><em>κηρούς.</em></span> <span class='ocrx_word' id='word_1_64' title='bbox 1229 623 1320 679; x_wconf 83' lang='grc' dir='ltr'>(Β.)</span> <span class='ocrx_word' id='word_1_65' title='bbox 1358 623 1425 681; x_wconf 73' lang='grc' dir='ltr'><em>Τῷ</em></span> <span class='ocrx_word' id='word_1_66' title='bbox 1446 624 1492 665; x_wconf 77' lang='grc' dir='ltr'><em>δὲ</em></span> <span class='ocrx_word' id='word_1_67' title='bbox 1513 623 1646 680; x_wconf 73' lang='grc' dir='ltr'><em>καιρῷ</em></span> <span class='ocrx_word' id='word_1_68' title='bbox 1665 623 1739 678; x_wconf 85' lang='grc' dir='ltr'><em>τῆς</em></span> 
     </span>
     <span class='ocr_line' id='line_1_9' title="bbox 292 685 1739 745; baseline -0.002 -11"><span class='ocrx_word' id='word_1_69' title='bbox 292 693 412 742; x_wconf 87' lang='grc' dir='ltr'><em>θείας</em></span> <span class='ocrx_word' id='word_1_70' title='bbox 441 688 659 738; x_wconf 76' lang='grc' dir='ltr'><em>κοινωνίας</em></span> <span class='ocrx_word' id='word_1_71' title='bbox 693 685 914 745; x_wconf 75' lang='grc' dir='ltr'><em>ἀνέρχεται</em></span> <span class='ocrx_word' id='word_1_72' title='bbox 946 685 1129 744; x_wconf 77' lang='grc' dir='ltr'><em>ὃὶερεὺς</em></span> <span class='ocrx_word' id='word_1_73' title='bbox 1163 686 1268 741; x_wconf 75' lang='grc' dir='ltr'><em>μετὰ</em></span> <span class='ocrx_word' id='word_1_74' title='bbox 1299 687 1371 731; x_wconf 78' lang='grc' dir='ltr'><em>καὶ</em></span> <span class='ocrx_word' id='word_1_75' title='bbox 1403 691 1557 731; x_wconf 76' lang='grc' dir='ltr'><em>λοιπῶν</em></span> <span class='ocrx_word' id='word_1_76' title='bbox 1579 687 1739 745; x_wconf 78' lang='grc' dir='ltr'><em>ἱερέων,</em></span> 
     </span>
     <span class='ocr_line' id='line_1_10' title="bbox 291 753 1740 814; baseline -0.001 -15"><span class='ocrx_word' id='word_1_77' title='bbox 291 758 544 814; x_wconf 77' lang='grc' dir='ltr'><em>προσφέρων</em></span> <span class='ocrx_word' id='word_1_78' title='bbox 571 754 617 797; x_wconf 86' lang='grc' dir='ltr'><em>τὸ</em></span> <span class='ocrx_word' id='word_1_79' title='bbox 637 755 774 808; x_wconf 89' lang='grc' dir='ltr'><em>τίμιον</em></span> <span class='ocrx_word' id='word_1_80' title='bbox 794 756 951 810; x_wconf 76' lang='grc' dir='ltr'><em>δῶρον,</em></span> <span class='ocrx_word' id='word_1_81' title='bbox 981 753 1054 796; x_wconf 83' lang='grc' dir='ltr'><em>καί</em></span> <span class='ocrx_word' id='word_1_82' title='bbox 1077 754 1331 804; x_wconf 76' lang='grc' dir='ltr'><em>εἰσελθόντος</em></span> <span class='ocrx_word' id='word_1_83' title='bbox 1356 755 1432 796; x_wconf 77' lang='grc' dir='ltr'><em>τοῦ</em></span> <span class='ocrx_word' id='word_1_84' title='bbox 1463 753 1607 811; x_wconf 75' lang='grc' dir='ltr'><em>ἱερέως</em></span> <span class='ocrx_word' id='word_1_85' title='bbox 1631 753 1740 809; x_wconf 75' lang='grc' dir='ltr'><em>μετὰ</em></span> 
     </span>
     <span class='ocr_line' id='line_1_11' title="bbox 291 818 1790 879; baseline -0.003 -12"><span class='ocrx_word' id='word_1_86' title='bbox 291 826 367 868; x_wconf 80' lang='grc' dir='ltr'><em>τοῦ</em></span> <span class='ocrx_word' id='word_1_87' title='bbox 387 825 526 876; x_wconf 84' lang='grc' dir='ltr'><em>τιμίου</em></span> <span class='ocrx_word' id='word_1_88' title='bbox 555 819 694 877; x_wconf 74' lang='grc' dir='ltr'><em>δώρου</em></span> <span class='ocrx_word' id='word_1_89' title='bbox 708 855 720 874; x_wconf 89' lang='grc'><em>,</em></span> <span class='ocrx_word' id='word_1_90' title='bbox 760 827 952 862; x_wconf 80' lang='grc' dir='ltr'><em>κοινωνεῖ</em></span> <span class='ocrx_word' id='word_1_91' title='bbox 974 819 997 861; x_wconf 81' lang='grc' dir='ltr'>ὅ</span> <span class='ocrx_word' id='word_1_92' title='bbox 1018 818 1218 874; x_wconf 72' lang='grc' dir='ltr'><em>βασιλεύς</em></span> <span class='ocrx_word' id='word_1_93' title='bbox 1241 821 1286 863; x_wconf 82' lang='grc' dir='ltr'><em>ἐν</em></span> <span class='ocrx_word' id='word_1_94' title='bbox 1317 822 1376 878; x_wconf 76' lang='grc' dir='ltr'><em>τῷ</em></span> <span class='ocrx_word' id='word_1_95' title='bbox 1406 821 1630 879; x_wconf 76' lang='grc' dir='ltr'><em>εὗκτηρίῳ,</em></span> <span class='ocrx_word' id='word_1_96' title='bbox 1669 821 1790 862; x_wconf 69' lang='lat' dir='ltr'><strong>natm</strong></span> 
     </span>
     <span class='ocr_line' id='line_1_12' title="bbox 293 884 1743 943; baseline -0.001 -12"><span class='ocrx_word' id='word_1_97' title='bbox 293 888 472 942; x_wconf 79' lang='grc' dir='ltr'><em>ἐξελθών</em></span> <span class='ocrx_word' id='word_1_98' title='bbox 500 889 735 941; x_wconf 82' lang='grc' dir='ltr'><em>εἰσέρχεται</em></span> <span class='ocrx_word' id='word_1_99' title='bbox 760 887 805 928; x_wconf 80' lang='grc' dir='ltr'><em>ἐν</em></span> <span class='ocrx_word' id='word_1_100' title='bbox 826 888 882 943; x_wconf 72' lang='grc' dir='ltr'><em>τῷ</em></span> <span class='ocrx_word' id='word_1_101' title='bbox 898 885 1162 943; x_wconf 77' lang='grc' dir='ltr'><em>μητατωρίῳ.</em></span> <span class='ocrx_word' id='word_1_102' title='bbox 1200 885 1519 942; x_wconf 84' lang='grc' dir='ltr'><em>κοινωνήσαντες</em></span> <span class='ocrx_word' id='word_1_103' title='bbox 1542 887 1589 930; x_wconf 78' lang='grc' dir='ltr'><em>δὲ</em></span> <span class='ocrx_word' id='word_1_104' title='bbox 1611 884 1683 928; x_wconf 81' lang='grc' dir='ltr'><strong><em>καί</em></strong></span> <span class='ocrx_word' id='word_1_105' title='bbox 1702 884 1743 930; x_wconf 75' lang='grc' dir='ltr'><em>οἱ</em></span> 
     </span>
     <span class='ocr_line' id='line_1_13' title="bbox 291 949 1741 1009; baseline -0.002 -12"><span class='ocrx_word' id='word_1_106' title='bbox 291 958 370 1000; x_wconf 81' lang='grc' dir='ltr'><em>τοῦ</em></span> <span class='ocrx_word' id='word_1_107' title='bbox 386 952 674 1008; x_wconf 85' lang='grc' dir='ltr'><em>κουβουκλείου</em></span> <span class='ocrx_word' id='word_1_108' title='bbox 701 949 894 1005; x_wconf 80' lang='grc' dir='ltr'><em>ἅπαντες,</em></span> <span class='ocrx_word' id='word_1_109' title='bbox 926 952 1176 1007; x_wconf 74' lang='grc' dir='ltr'><em>ἀπέρχονται</em></span> <span class='ocrx_word' id='word_1_110' title='bbox 1196 949 1381 1007; x_wconf 9' lang='grc' dir='ltr'><em>οἱηὶερεῖς</em></span> <span class='ocrx_word' id='word_1_111' title='bbox 1398 954 1470 996; x_wconf 81' lang='grc' dir='ltr'><strong><em>καί</em></strong></span> <span class='ocrx_word' id='word_1_112' title='bbox 1494 954 1741 1009; x_wconf 79' lang='grc' dir='ltr'><em>προτιθέασι</em></span> 
     </span>
     <span class='ocr_line' id='line_1_14' title="bbox 292 1012 1741 1077; baseline -0.003 -13"><span class='ocrx_word' id='word_1_113' title='bbox 292 1021 340 1064; x_wconf 86' lang='grc' dir='ltr'><em>τὸ</em></span> <span class='ocrx_word' id='word_1_114' title='bbox 363 1021 500 1075; x_wconf 87' lang='grc' dir='ltr'><em>τίμιον</em></span> <span class='ocrx_word' id='word_1_115' title='bbox 522 1022 656 1075; x_wconf 77' lang='grc' dir='ltr'><em>δῶρον</em></span> <span class='ocrx_word' id='word_1_116' title='bbox 681 1019 726 1062; x_wconf 85' lang='grc' dir='ltr'><em>έν</em></span> <span class='ocrx_word' id='word_1_117' title='bbox 749 1021 806 1077; x_wconf 75' lang='grc' dir='ltr'><em>τῷ</em></span> <span class='ocrx_word' id='word_1_118' title='bbox 832 1015 1053 1076; x_wconf 77' lang='grc' dir='ltr'><em>ἆντιμισίῳ</em></span> <span class='ocrx_word' id='word_1_119' title='bbox 1076 1020 1130 1075; x_wconf 76' lang='grc' dir='ltr'><em>τῷ</em></span> <span class='ocrx_word' id='word_1_120' title='bbox 1152 1012 1238 1059; x_wconf 74' lang='grc' dir='ltr'><em>ὄντι</em></span> <span class='ocrx_word' id='word_1_121' title='bbox 1263 1014 1459 1063; x_wconf 73' lang='grc' dir='ltr'><em>ἀπέναντι</em></span> <span class='ocrx_word' id='word_1_122' title='bbox 1486 1021 1564 1061; x_wconf 81' lang='grc' dir='ltr'><em>τοῦ</em></span> <span class='ocrx_word' id='word_1_123' title='bbox 1585 1022 1741 1061; x_wconf 84' lang='grc' dir='ltr'><em>θυσια-</em></span> 
     </span>
     <span class='ocr_line' id='line_1_15' title="bbox 295 1082 1741 1143; baseline -0.001 -16"><span class='ocrx_word' id='word_1_124' title='bbox 295 1088 468 1143; x_wconf 80' lang='grc' dir='ltr'><em>στηρίου</em></span> <span class='ocrx_word' id='word_1_125' title='bbox 497 1082 678 1138; x_wconf 73' lang='grc' dir='ltr'><em>ὕπερθεν</em></span> <span class='ocrx_word' id='word_1_126' title='bbox 698 1086 780 1127; x_wconf 78' lang='grc' dir='ltr'><em>τῶν</em></span> <span class='ocrx_word' id='word_1_127' title='bbox 804 1085 1032 1137; x_wconf 80' lang='grc' dir='ltr'><em>βασιλικῶν</em></span> <span class='ocrx_word' id='word_1_128' title='bbox 1056 1084 1222 1137; x_wconf 75' lang='grc' dir='ltr'><em>πυλῶν,</em></span> <span class='ocrx_word' id='word_1_129' title='bbox 1251 1082 1323 1129; x_wconf 81' lang='grc' dir='ltr'><em>καὶ</em></span> <span class='ocrx_word' id='word_1_130' title='bbox 1349 1086 1680 1140; x_wconf 82' lang='grc' dir='ltr'><em>προσκληθέντες</em></span> <span class='ocrx_word' id='word_1_131' title='bbox 1701 1083 1741 1126; x_wconf 85' lang='grc' dir='ltr'><em>οἱ</em></span> 
     </span>
     <span class='ocr_line' id='line_1_16' title="bbox 297 1144 1796 1209; baseline -0.004 -14"><span class='ocrx_word' id='word_1_132' title='bbox 297 1156 526 1209; x_wconf 80' lang='grc' dir='ltr'><em>πατρίκιοι,</em></span> <span class='ocrx_word' id='word_1_133' title='bbox 555 1149 785 1207; x_wconf 81' lang='grc' dir='ltr'><em>στρατηγοί</em></span> <span class='ocrx_word' id='word_1_134' title='bbox 800 1166 843 1191; x_wconf 89' lang='grc' dir='ltr'><em>τε</em></span> <span class='ocrx_word' id='word_1_135' title='bbox 864 1151 938 1195; x_wconf 84' lang='grc' dir='ltr'><em>καί</em></span> <span class='ocrx_word' id='word_1_136' title='bbox 963 1149 988 1205; x_wconf 82' lang='grc' dir='ltr'><em>ἦ</em></span> <span class='ocrx_word' id='word_1_137' title='bbox 1029 1149 1254 1205; x_wconf 78' lang='grc' dir='ltr'><em>σύγκλητος</em></span> <span class='ocrx_word' id='word_1_138' title='bbox 1283 1148 1400 1207; x_wconf 80' lang='grc' dir='ltr'><em>παρὰ</em></span> <span class='ocrx_word' id='word_1_139' title='bbox 1421 1152 1494 1193; x_wconf 78' lang='grc' dir='ltr'><em>τοῦ</em></span> <span class='ocrx_word' id='word_1_140' title='bbox 1523 1150 1595 1205; x_wconf 82' lang='grc' dir='ltr'><em>τῆς</em></span> <span class='ocrx_word' id='word_1_141' title='bbox 1619 1144 1796 1192; x_wconf 72' lang='grc' dir='ltr'><em>κατα-15</em></span> 
     </span>
     <span class='ocr_line' id='line_1_17' title="bbox 299 1213 1745 1273; baseline -0.003 -11"><span class='ocrx_word' id='word_1_142' title='bbox 299 1219 484 1268; x_wconf 82' lang='grc' dir='ltr'><em>στάσεως</em></span> <span class='ocrx_word' id='word_1_143' title='bbox 497 1253 508 1272; x_wconf 87' lang='grc'><em>,</em></span> <span class='ocrx_word' id='word_1_144' title='bbox 530 1219 782 1270; x_wconf 78' lang='grc' dir='ltr'><em>κοινωνοῦσι,</em></span> <span class='ocrx_word' id='word_1_145' title='bbox 803 1215 877 1259; x_wconf 82' lang='grc' dir='ltr'><em>καί</em></span> <span class='ocrx_word' id='word_1_146' title='bbox 897 1213 978 1259; x_wconf 79' lang='grc' dir='ltr'><em>εἶθ’</em></span> <span class='ocrx_word' id='word_1_147' title='bbox 993 1213 1126 1266; x_wconf 71' lang='grc' dir='ltr'><em>οὕτως</em></span> <span class='ocrx_word' id='word_1_148' title='bbox 1144 1217 1415 1273; x_wconf 88' lang='grc' dir='ltr'><em>κατέρχονται</em></span> <span class='ocrx_word' id='word_1_149' title='bbox 1433 1214 1473 1259; x_wconf 82' lang='grc' dir='ltr'><em>οἱ</em></span> <span class='ocrx_word' id='word_1_150' title='bbox 1493 1216 1619 1273; x_wconf 84' lang='grc' dir='ltr'><em>ἱερεῖς</em></span> <span class='ocrx_word' id='word_1_151' title='bbox 1642 1213 1745 1272; x_wconf 84' lang='grc' dir='ltr'><em>πρὸς</em></span> 
     </span>
     <span class='ocr_line' id='line_1_18' title="bbox 299 1282 1747 1342; baseline -0.003 -13"><span class='ocrx_word' id='word_1_152' title='bbox 299 1283 346 1329; x_wconf 86' lang='grc' dir='ltr'><em>τὸ</em></span> <span class='ocrx_word' id='word_1_153' title='bbox 367 1287 577 1328; x_wconf 77' lang='grc' dir='ltr'><em>ἐκτελέσαι</em></span> <span class='ocrx_word' id='word_1_154' title='bbox 601 1282 678 1342; x_wconf 69' lang='grc' dir='ltr'><em>τὴν</em></span> <span class='ocrx_word' id='word_1_155' title='bbox 699 1285 820 1327; x_wconf 66' lang='grc' dir='ltr'><em>θείαν</em></span> <span class='ocrx_word' id='word_1_156' title='bbox 849 1283 1121 1338; x_wconf 80' lang='grc' dir='ltr'><em>λειτουργίαν.</em></span> <span class='ocrx_word' id='word_1_157' title='bbox 1150 1284 1222 1324; x_wconf 82' lang='grc' dir='ltr'><em>καί</em></span> <span class='ocrx_word' id='word_1_158' title='bbox 1245 1284 1318 1338; x_wconf 82' lang='grc' dir='ltr'><em>τῆς</em></span> <span class='ocrx_word' id='word_1_159' title='bbox 1343 1284 1463 1332; x_wconf 78' lang='grc' dir='ltr'><em>θείοις</em></span> <span class='ocrx_word' id='word_1_160' title='bbox 1485 1282 1747 1338; x_wconf 75' lang='grc' dir='ltr'><em>λειτουργίας</em></span> 
     </span>
     <span class='ocr_line' id='line_1_19' title="bbox 269 1345 1748 1406; baseline -0.002 -12"><span class='ocrx_word' id='word_1_161' title='bbox 269 1352 591 1406; x_wconf 82' lang='grc' dir='ltr'><em>Βτελεσθείσης,</em></span> <span class='ocrx_word' id='word_1_162' title='bbox 640 1350 852 1404; x_wconf 76' lang='grc' dir='ltr'><em>διέρχεται</em></span> <span class='ocrx_word' id='word_1_163' title='bbox 888 1345 910 1390; x_wconf 82' lang='grc' dir='ltr'><strong><em>ὅ</em></strong></span> <span class='ocrx_word' id='word_1_164' title='bbox 940 1348 1137 1402; x_wconf 83' lang='grc' dir='ltr'><em>βασιλεὺς</em></span> <span class='ocrx_word' id='word_1_165' title='bbox 1179 1346 1249 1390; x_wconf 77' lang='grc' dir='ltr'><em>διὰ</em></span> <span class='ocrx_word' id='word_1_166' title='bbox 1283 1350 1368 1390; x_wconf 77' lang='grc' dir='ltr'><em>τῶν</em></span> <span class='ocrx_word' id='word_1_167' title='bbox 1400 1350 1748 1404; x_wconf 87' lang='grc' dir='ltr'><em>κατηχουμενίων,</em></span> 
     </span>
     <span class='ocr_line' id='line_1_20' title="bbox 303 1414 1750 1472; baseline -0.002 -13"><span class='ocrx_word' id='word_1_168' title='bbox 303 1417 376 1459; x_wconf 80' lang='grc' dir='ltr'><em>καί</em></span> <span class='ocrx_word' id='word_1_169' title='bbox 401 1414 617 1458; x_wconf 74' lang='grc' dir='ltr'><em>κατελθών</em></span> <span class='ocrx_word' id='word_1_170' title='bbox 645 1417 691 1459; x_wconf 79' lang='grc' dir='ltr'><em>ἐν</em></span> <span class='ocrx_word' id='word_1_171' title='bbox 720 1417 778 1472; x_wconf 80' lang='grc' dir='ltr'><em>τῷ</em></span> <span class='ocrx_word' id='word_1_172' title='bbox 806 1414 1025 1472; x_wconf 75' lang='grc' dir='ltr'><em>τρικλίνῳ,</em></span> <span class='ocrx_word' id='word_1_173' title='bbox 1068 1416 1290 1466; x_wconf 84' lang='grc' dir='ltr'><em>καθέζεται</em></span> <span class='ocrx_word' id='word_1_174' title='bbox 1328 1416 1399 1457; x_wconf 72' lang='grc' dir='ltr'><em>ἐπὶ</em></span> <span class='ocrx_word' id='word_1_175' title='bbox 1425 1417 1500 1471; x_wconf 79' lang='grc' dir='ltr'><em>τῆς</em></span> <span class='ocrx_word' id='word_1_176' title='bbox 1527 1415 1661 1461; x_wconf 76' lang='grc' dir='ltr'><em>αὐτοῦ</em></span> <span class='ocrx_word' id='word_1_177' title='bbox 1686 1431 1750 1468; x_wconf 83' lang='grc' dir='ltr'><em>τι-</em></span> 
     </span>
     <span class='ocr_line' id='line_1_21' title="bbox 303 1474 1800 1538; baseline -0.002 -15"><span class='ocrx_word' id='word_1_178' title='bbox 303 1484 406 1535; x_wconf 83' lang='grc' dir='ltr'><em>μίας</em></span> <span class='ocrx_word' id='word_1_179' title='bbox 431 1483 634 1538; x_wconf 84' lang='grc' dir='ltr'><em>τραπέζης</em></span> <span class='ocrx_word' id='word_1_180' title='bbox 657 1479 764 1534; x_wconf 79' lang='grc' dir='ltr'><em>μετά</em></span> <span class='ocrx_word' id='word_1_181' title='bbox 796 1482 869 1522; x_wconf 84' lang='grc' dir='ltr'>καί</span> <span class='ocrx_word' id='word_1_182' title='bbox 895 1480 1058 1538; x_wconf 81' lang='grc' dir='ltr'><em>φίλων,</em></span> <span class='ocrx_word' id='word_1_183' title='bbox 1089 1474 1147 1522; x_wconf 72' lang='grc' dir='ltr'><em>ὧν</em></span> <span class='ocrx_word' id='word_1_184' title='bbox 1174 1476 1227 1526; x_wconf 68' lang='grc' dir='ltr'><em>ἂν</em></span> <span class='ocrx_word' id='word_1_185' title='bbox 1253 1481 1399 1537; x_wconf 81' lang='grc' dir='ltr'><em>κελεύῃ</em></span> <span class='ocrx_word' id='word_1_186' title='bbox 1429 1483 1618 1526; x_wconf 82' lang='grc' dir='ltr'><em>καλέσαι.</em></span> <span class='ocrx_word' id='word_1_187' title='bbox 1644 1493 1800 1537; x_wconf 63' lang='lat' dir='ltr'><strong>upa-20</strong></span> 
     </span>
     <span class='ocr_line' id='line_1_22' title="bbox 305 1544 1752 1603; baseline 0 -14"><span class='ocrx_word' id='word_1_188' title='bbox 305 1549 485 1603; x_wconf 86' lang='grc' dir='ltr'><em>ματίσας</em></span> <span class='ocrx_word' id='word_1_189' title='bbox 523 1549 569 1590; x_wconf 83' lang='grc' dir='ltr'><em>δὲ</em></span> <span class='ocrx_word' id='word_1_190' title='bbox 607 1547 680 1590; x_wconf 76' lang='grc' dir='ltr'><em>καὶ</em></span> <span class='ocrx_word' id='word_1_191' title='bbox 716 1545 923 1600; x_wconf 72' lang='grc' dir='ltr'><em>ἀναστάς,</em></span> <span class='ocrx_word' id='word_1_192' title='bbox 965 1545 1259 1602; x_wconf 79' lang='grc' dir='ltr'><em>περιβάλλεται</em></span> <span class='ocrx_word' id='word_1_193' title='bbox 1285 1544 1331 1588; x_wconf 82' lang='grc' dir='ltr'><em>τὸ</em></span> <span class='ocrx_word' id='word_1_194' title='bbox 1360 1546 1636 1600; x_wconf 78' lang='grc' dir='ltr'><em>τζιτζιάκιον,</em></span> <span class='ocrx_word' id='word_1_195' title='bbox 1678 1547 1752 1590; x_wconf 81' lang='grc' dir='ltr'><strong><em>καί</em></strong></span> 
     </span>
     <span class='ocr_line' id='line_1_23' title="bbox 309 1610 1752 1670; baseline -0.001 -16"><span class='ocrx_word' id='word_1_196' title='bbox 309 1615 626 1669; x_wconf 75' lang='grc' dir='ltr'><em>ὃηριγευόμενος</em></span> <span class='ocrx_word' id='word_1_197' title='bbox 654 1610 734 1654; x_wconf 80' lang='grc' dir='ltr'><em>ὗπὸ</em></span> <span class='ocrx_word' id='word_1_198' title='bbox 770 1615 851 1655; x_wconf 76' lang='grc' dir='ltr'><em>τῶν</em></span> <span class='ocrx_word' id='word_1_199' title='bbox 879 1613 1096 1670; x_wconf 77' lang='grc' dir='ltr'><em>ἀρχόντων</em></span> <span class='ocrx_word' id='word_1_200' title='bbox 1123 1614 1199 1654; x_wconf 81' lang='grc' dir='ltr'><em>τοῦ</em></span> <span class='ocrx_word' id='word_1_201' title='bbox 1226 1611 1547 1666; x_wconf 83' lang='grc' dir='ltr'><em>κουβουκλείου,</em></span> <span class='ocrx_word' id='word_1_202' title='bbox 1585 1615 1752 1666; x_wconf 80' lang='grc' dir='ltr'><em>μαγλα-</em></span> 
     </span>
     <span class='ocr_line' id='line_1_24' title="bbox 308 1675 1753 1735; baseline -0.003 -14"><span class='ocrx_word' id='word_1_203' title='bbox 308 1682 434 1735; x_wconf 79' lang='grc' dir='ltr'><em>βιτῶν</em></span> <span class='ocrx_word' id='word_1_204' title='bbox 469 1695 512 1722; x_wconf 90' lang='grc' dir='ltr'><em>τε</em></span> <span class='ocrx_word' id='word_1_205' title='bbox 539 1679 612 1723; x_wconf 77' lang='grc' dir='ltr'><em>καὶ</em></span> <span class='ocrx_word' id='word_1_206' title='bbox 637 1681 790 1722; x_wconf 79' lang='grc' dir='ltr'><em>λοιπῶν</em></span> <span class='ocrx_word' id='word_1_207' title='bbox 818 1680 1058 1733; x_wconf 80' lang='grc' dir='ltr'><em>οἷκειακῶν,</em></span> <span class='ocrx_word' id='word_1_208' title='bbox 1104 1681 1315 1735; x_wconf 77' lang='grc' dir='ltr'><em>διέρχεται</em></span> <span class='ocrx_word' id='word_1_209' title='bbox 1340 1675 1410 1721; x_wconf 77' lang='grc' dir='ltr'><em>διὰ</em></span> <span class='ocrx_word' id='word_1_210' title='bbox 1437 1678 1520 1720; x_wconf 78' lang='grc' dir='ltr'><em>τῶν</em></span> <span class='ocrx_word' id='word_1_211' title='bbox 1547 1691 1753 1732; x_wconf 48' lang='grc' dir='ltr'><em>κατηχουη</em></span> 
     </span>
     <span class='ocr_line' id='line_1_25' title="bbox 309 1743 1755 1806; baseline -0.001 -18"><span class='ocrx_word' id='word_1_212' title='bbox 309 1745 476 1803; x_wconf 84' lang='grc' dir='ltr'><em>μενίων·</em></span> <span class='ocrx_word' id='word_1_213' title='bbox 538 1745 561 1788; x_wconf 80' lang='grc' dir='ltr'>ὅ</span> <span class='ocrx_word' id='word_1_214' title='bbox 592 1747 638 1790; x_wconf 79' lang='grc' dir='ltr'><em>δὲ</em></span> <span class='ocrx_word' id='word_1_215' title='bbox 663 1745 889 1802; x_wconf 78' lang='grc' dir='ltr'><em>ἡγούμενος</em></span> <span class='ocrx_word' id='word_1_216' title='bbox 915 1749 1052 1806; x_wconf 70' lang='grc' dir='ltr'><em>θυμιᾷ</em></span> <span class='ocrx_word' id='word_1_217' title='bbox 1089 1744 1323 1805; x_wconf 67' lang='grc' dir='ltr'><em>ἔμπροσθεν</em></span> <span class='ocrx_word' id='word_1_218' title='bbox 1348 1745 1425 1789; x_wconf 77' lang='grc' dir='ltr'><em>τοῦ</em></span> <span class='ocrx_word' id='word_1_219' title='bbox 1452 1743 1657 1806; x_wconf 81' lang='grc' dir='ltr'><em>βασιλέως</em></span> <span class='ocrx_word' id='word_1_220' title='bbox 1678 1743 1755 1798; x_wconf 81' lang='grc' dir='ltr'><em>με’-</em></span> 
     </span>
    </p>
   </div>
   <div class='ocr_carea' id='block_1_3' title="bbox 403 1847 748 1883">
    <p class='ocr_par' dir='ltr' id='par_1_3' title="bbox 403 1847 748 1883">
     <span class='ocr_line' id='line_1_26' title="bbox 403 1847 748 1883; baseline 0 0"><span class='ocrx_word' id='word_1_221' title='bbox 403 1849 438 1883; x_wconf 90' lang='grc'><em>6.</em></span> <span class='ocrx_word' id='word_1_222' title='bbox 465 1847 529 1882; x_wconf 79' lang='grc' dir='ltr'><em>καὶ</em></span> <span class='ocrx_word' id='word_1_223' title='bbox 550 1848 668 1883; x_wconf 77' lang='grc' dir='ltr'><em>τελεῖν</em></span> <span class='ocrx_word' id='word_1_224' title='bbox 691 1848 748 1883; x_wconf 86' lang='lat' dir='ltr'><strong>ed.</strong></span> 
     </span>
    </p>
   </div>
   <div class='ocr_carea' id='block_1_4' title="bbox 316 1939 1765 2784">
    <p class='ocr_par' dir='ltr' id='par_1_4' title="bbox 316 1939 1765 2784">
     <span class='ocr_line' id='line_1_27' title="bbox 316 1939 1749 1986; baseline -0.001 -12"><span class='ocrx_word' id='word_1_225' title='bbox 316 1946 481 1986; x_wconf 77' lang='lat' dir='ltr'>precatus</span> <span class='ocrx_word' id='word_1_226' title='bbox 509 1946 629 1975; x_wconf 90' lang='lat' dir='ltr'><strong>autem</strong></span> <span class='ocrx_word' id='word_1_227' title='bbox 656 1941 694 1974; x_wconf 90' lang='lat' dir='ltr'><em>in</em></span> <span class='ocrx_word' id='word_1_228' title='bbox 721 1942 878 1976; x_wconf 87' lang='lat' dir='ltr'><strong>oratorio</strong></span> <span class='ocrx_word' id='word_1_229' title='bbox 911 1943 1156 1976; x_wconf 77' lang='lat' dir='ltr'><strong>sanctissimae</strong></span> <span class='ocrx_word' id='word_1_230' title='bbox 1180 1941 1357 1986; x_wconf 88' lang='lat' dir='ltr'><strong>Deiparae</strong></span> <span class='ocrx_word' id='word_1_231' title='bbox 1391 1942 1432 1975; x_wconf 90' lang='lat' dir='ltr'><em>in</em></span> <span class='ocrx_word' id='word_1_232' title='bbox 1459 1939 1749 1981; x_wconf 84' lang='lat' dir='ltr'><strong>catechumenis,</strong></span> 
     </span>
     <span class='ocr_line' id='line_1_28' title="bbox 318 1986 1754 2035; baseline -0.001 -15"><span class='ocrx_word' id='word_1_233' title='bbox 318 1999 440 2028; x_wconf 82' lang='lat' dir='ltr'><strong>cereos</strong></span> <span class='ocrx_word' id='word_1_234' title='bbox 478 1987 644 2022; x_wconf 83' lang='lat' dir='ltr'><strong>accendit</strong></span> <span class='ocrx_word' id='word_1_235' title='bbox 674 1993 712 2021; x_wconf 82' lang='lat' dir='ltr'><em>et</em></span> <span class='ocrx_word' id='word_1_236' title='bbox 742 1988 796 2021; x_wconf 90' lang='lat' dir='ltr'><em>ibi</em></span> <span class='ocrx_word' id='word_1_237' title='bbox 820 2000 965 2035; x_wconf 85' lang='lat' dir='ltr'><strong>quoque</strong></span> <span class='ocrx_word' id='word_1_238' title='bbox 1003 1993 1192 2033; x_wconf 82' lang='lat' dir='ltr'><strong>precatur,</strong></span> <span class='ocrx_word' id='word_1_239' title='bbox 1223 1993 1349 2033; x_wconf 85' lang='lat' dir='ltr'><strong>postea</strong></span> <span class='ocrx_word' id='word_1_240' title='bbox 1379 1998 1563 2032; x_wconf 86' lang='lat' dir='ltr'><strong>egressus,</strong></span> <span class='ocrx_word' id='word_1_241' title='bbox 1598 1988 1639 2022; x_wconf 86' lang='lat' dir='ltr'><em>in</em></span> <span class='ocrx_word' id='word_1_242' title='bbox 1663 1986 1754 2019; x_wconf 69' lang='lat' dir='ltr'><strong>emi-1</strong></span> 
     </span>
     <span class='ocr_line' id='line_1_29' title="bbox 318 2032 1756 2080; baseline 0 -14"><span class='ocrx_word' id='word_1_243' title='bbox 318 2035 478 2067; x_wconf 85' lang='lat' dir='ltr'><strong>nentiori</strong></span> <span class='ocrx_word' id='word_1_244' title='bbox 511 2039 613 2077; x_wconf 81' lang='lat' dir='ltr'><strong>parte</strong></span> <span class='ocrx_word' id='word_1_245' title='bbox 650 2035 818 2075; x_wconf 86' lang='lat' dir='ltr'><strong>sacrarii,</strong></span> <span class='ocrx_word' id='word_1_246' title='bbox 854 2035 918 2068; x_wconf 89' lang='lat' dir='ltr'><em>ubi</em></span> <span class='ocrx_word' id='word_1_247' title='bbox 953 2035 993 2068; x_wconf 89' lang='lat' dir='ltr'><em>in</em></span> <span class='ocrx_word' id='word_1_248' title='bbox 1017 2035 1166 2080; x_wconf 85' lang='lat' dir='ltr'><strong>singulis</strong></span> <span class='ocrx_word' id='word_1_249' title='bbox 1201 2033 1492 2080; x_wconf 80' lang='lat' dir='ltr'><strong>processionibus</strong></span> <span class='ocrx_word' id='word_1_250' title='bbox 1531 2039 1625 2067; x_wconf 86' lang='lat' dir='ltr'><strong>stare</strong></span> <span class='ocrx_word' id='word_1_251' title='bbox 1658 2032 1756 2067; x_wconf 81' lang='lat' dir='ltr'><strong>divi-</strong></span> 
     </span>
     <span class='ocr_line' id='line_1_30' title="bbox 319 2079 1756 2127; baseline -0.001 -13"><span class='ocrx_word' id='word_1_252' title='bbox 319 2091 480 2125; x_wconf 84' lang='lat' dir='ltr'><strong>numque</strong></span> <span class='ocrx_word' id='word_1_253' title='bbox 506 2079 664 2113; x_wconf 85' lang='lat' dir='ltr'><strong>officinm</strong></span> <span class='ocrx_word' id='word_1_254' title='bbox 689 2081 871 2114; x_wconf 84' lang='lat' dir='ltr'><strong>celebrare</strong></span> <span class='ocrx_word' id='word_1_255' title='bbox 898 2083 1007 2124; x_wconf 88' lang='lat' dir='ltr'><strong>solet,</strong></span> <span class='ocrx_word' id='word_1_256' title='bbox 1041 2082 1207 2115; x_wconf 84' lang='lat' dir='ltr'><strong>subsistit</strong></span> <span class='ocrx_word' id='word_1_257' title='bbox 1232 2087 1269 2115; x_wconf 87' lang='lat' dir='ltr'><em>et</em></span> <span class='ocrx_word' id='word_1_258' title='bbox 1295 2081 1349 2114; x_wconf 92' lang='lat' dir='ltr'><em>ibi</em></span> <span class='ocrx_word' id='word_1_259' title='bbox 1374 2091 1520 2127; x_wconf 88' lang='lat' dir='ltr'><strong>quoque</strong></span> <span class='ocrx_word' id='word_1_260' title='bbox 1546 2091 1667 2114; x_wconf 84' lang='lat' dir='ltr'><strong>cereos</strong></span> <span class='ocrx_word' id='word_1_261' title='bbox 1693 2091 1756 2117; x_wconf 83' lang='lat' dir='ltr'><em>ac-</em></span> 
     </span>
     <span class='ocr_line' id='line_1_31' title="bbox 322 2126 1760 2172; baseline 0 -12"><span class='ocrx_word' id='word_1_262' title='bbox 322 2126 454 2166; x_wconf 75' lang='lat' dir='ltr'><strong>cendit.</strong></span> <span class='ocrx_word' id='word_1_263' title='bbox 502 2126 576 2172; x_wconf 90' lang='lat'><em>(11.)</em></span> <span class='ocrx_word' id='word_1_264' title='bbox 602 2127 779 2172; x_wconf 88' lang='lat' dir='ltr'>Tempore</span> <span class='ocrx_word' id='word_1_265' title='bbox 803 2134 922 2162; x_wconf 85' lang='lat' dir='ltr'><strong>autem</strong></span> <span class='ocrx_word' id='word_1_266' title='bbox 945 2141 1060 2163; x_wconf 87' lang='lat' dir='ltr'><strong>sacrae</strong></span> <span class='ocrx_word' id='word_1_267' title='bbox 1092 2129 1354 2162; x_wconf 88' lang='lat' dir='ltr'><strong>communionis</strong></span> <span class='ocrx_word' id='word_1_268' title='bbox 1379 2127 1542 2162; x_wconf 84' lang='lat' dir='ltr'><strong>sacerdos</strong></span> <span class='ocrx_word' id='word_1_269' title='bbox 1566 2138 1647 2161; x_wconf 86' lang='lat' dir='ltr'><em>cum</em></span> <span class='ocrx_word' id='word_1_270' title='bbox 1670 2126 1760 2164; x_wconf 79' lang='lat' dir='ltr'><strong>reli-</strong></span> 
     </span>
     <span class='ocr_line' id='line_1_32' title="bbox 323 2173 1759 2223; baseline 0.001 -17"><span class='ocrx_word' id='word_1_271' title='bbox 323 2175 405 2223; x_wconf 80' lang='lat' dir='ltr'><strong>quis</strong></span> <span class='ocrx_word' id='word_1_272' title='bbox 431 2173 568 2207; x_wconf 80' lang='lat' dir='ltr'><strong>clericis</strong></span> <span class='ocrx_word' id='word_1_273' title='bbox 594 2173 753 2215; x_wconf 86' lang='lat' dir='ltr'><strong>accedit,</strong></span> <span class='ocrx_word' id='word_1_274' title='bbox 788 2174 949 2208; x_wconf 88' lang='lat' dir='ltr'><strong>divinum</strong></span> <span class='ocrx_word' id='word_1_275' title='bbox 972 2188 1099 2210; x_wconf 90' lang='lat' dir='ltr'><strong>munus</strong></span> <span class='ocrx_word' id='word_1_276' title='bbox 1126 2178 1298 2215; x_wconf 82' lang='lat' dir='ltr'><strong>afferens,</strong></span> <span class='ocrx_word' id='word_1_277' title='bbox 1326 2187 1397 2220; x_wconf 88' lang='lat' dir='ltr'><em>quo</em></span> <span class='ocrx_word' id='word_1_278' title='bbox 1426 2175 1560 2215; x_wconf 87' lang='lat' dir='ltr'><strong>allato,</strong></span> <span class='ocrx_word' id='word_1_279' title='bbox 1597 2174 1759 2218; x_wconf 85' lang='lat' dir='ltr'><strong>Impera-</strong></span> 
     </span>
     <span class='ocr_line' id='line_1_33' title="bbox 321 2221 1759 2268; baseline 0 -15"><span class='ocrx_word' id='word_1_280' title='bbox 321 2225 380 2259; x_wconf 77' lang='lat' dir='ltr'><em>tor</em></span> <span class='ocrx_word' id='word_1_281' title='bbox 403 2221 692 2254; x_wconf 88' lang='lat' dir='ltr'><strong>communionem</strong></span> <span class='ocrx_word' id='word_1_282' title='bbox 715 2221 753 2254; x_wconf 90' lang='lat' dir='ltr'><em>in</em></span> <span class='ocrx_word' id='word_1_283' title='bbox 777 2223 933 2256; x_wconf 87' lang='lat' dir='ltr'><strong>oratorio</strong></span> <span class='ocrx_word' id='word_1_284' title='bbox 959 2224 1108 2268; x_wconf 90' lang='lat' dir='ltr'><strong>accipit,</strong></span> <span class='ocrx_word' id='word_1_285' title='bbox 1135 2228 1172 2256; x_wconf 89' lang='lat' dir='ltr'><em>et</em></span> <span class='ocrx_word' id='word_1_286' title='bbox 1196 2233 1354 2268; x_wconf 84' lang='lat' dir='ltr'><strong>egressus</strong></span> <span class='ocrx_word' id='word_1_287' title='bbox 1378 2221 1607 2255; x_wconf 79' lang='lat' dir='ltr'><strong>metatorium</strong></span> <span class='ocrx_word' id='word_1_288' title='bbox 1632 2221 1759 2260; x_wconf 75' lang='lat' dir='ltr'><strong>intrat.</strong></span> 
     </span>
     <span class='ocr_line' id='line_1_34' title="bbox 321 2267 1759 2313; baseline -0.001 -11"><span class='ocrx_word' id='word_1_289' title='bbox 321 2268 516 2313; x_wconf 88' lang='lat' dir='ltr'><strong>Postquam</strong></span> <span class='ocrx_word' id='word_1_290' title='bbox 538 2278 623 2300; x_wconf 85' lang='lat' dir='ltr'><strong>vero</strong></span> <span class='ocrx_word' id='word_1_291' title='bbox 650 2267 815 2302; x_wconf 85' lang='lat' dir='ltr'><strong>omnibus</strong></span> <span class='ocrx_word' id='word_1_292' title='bbox 841 2268 1071 2304; x_wconf 88' lang='lat' dir='ltr'><strong>cubiculariis</strong></span> <span class='ocrx_word' id='word_1_293' title='bbox 1110 2267 1207 2305; x_wconf 77' lang='lat' dir='ltr'><strong>sacra</strong></span> <span class='ocrx_word' id='word_1_294' title='bbox 1246 2268 1451 2303; x_wconf 88' lang='lat' dir='ltr'><strong>communio</strong></span> <span class='ocrx_word' id='word_1_295' title='bbox 1477 2267 1660 2312; x_wconf 88' lang='lat' dir='ltr'><strong>impertita</strong></span> <span class='ocrx_word' id='word_1_296' title='bbox 1683 2272 1759 2307; x_wconf 85' lang='lat' dir='ltr'><strong>est,</strong></span> 
     </span>
     <span class='ocr_line' id='line_1_35' title="bbox 323 2312 1762 2358; baseline 0 -12"><span class='ocrx_word' id='word_1_297' title='bbox 323 2313 526 2356; x_wconf 78' lang='lat' dir='ltr'><strong>sacerdotes</strong></span> <span class='ocrx_word' id='word_1_298' title='bbox 558 2313 718 2354; x_wconf 88' lang='lat' dir='ltr'><strong>abeunt,</strong></span> <span class='ocrx_word' id='word_1_299' title='bbox 756 2315 995 2350; x_wconf 89' lang='lat' dir='ltr'><strong>venerandum</strong></span> <span class='ocrx_word' id='word_1_300' title='bbox 1036 2317 1170 2352; x_wconf 85' lang='lat' dir='ltr'><strong>donum</strong></span> <span class='ocrx_word' id='word_1_301' title='bbox 1207 2316 1246 2350; x_wconf 86' lang='lat' dir='ltr'><em>in</em></span> <span class='ocrx_word' id='word_1_302' title='bbox 1272 2315 1509 2355; x_wconf 85' lang='lat' dir='ltr'><strong>antimensio,</strong></span> <span class='ocrx_word' id='word_1_303' title='bbox 1545 2312 1644 2358; x_wconf 85' lang='lat' dir='ltr'><strong>quod</strong></span> <span class='ocrx_word' id='word_1_304' title='bbox 1675 2317 1762 2346; x_wconf 79' lang='lat' dir='ltr'><strong>ante</strong></span> 
     </span>
     <span class='ocr_line' id='line_1_36' title="bbox 325 2360 1763 2408; baseline 0 -15"><span class='ocrx_word' id='word_1_305' title='bbox 325 2361 516 2403; x_wconf 80' lang='lat' dir='ltr'><strong>sacrarium</strong></span> <span class='ocrx_word' id='word_1_306' title='bbox 551 2372 657 2405; x_wconf 84' lang='lat' dir='ltr'><strong>supra</strong></span> <span class='ocrx_word' id='word_1_307' title='bbox 683 2362 929 2405; x_wconf 77' lang='lat' dir='ltr'><strong>imperatorias</strong></span> <span class='ocrx_word' id='word_1_308' title='bbox 964 2365 1087 2398; x_wconf 87' lang='lat' dir='ltr'><strong>ianuas</strong></span> <span class='ocrx_word' id='word_1_309' title='bbox 1120 2370 1196 2405; x_wconf 88' lang='lat' dir='ltr'><strong>est,</strong></span> <span class='ocrx_word' id='word_1_310' title='bbox 1232 2366 1438 2408; x_wconf 88' lang='lat' dir='ltr'><strong>reponunt,</strong></span> <span class='ocrx_word' id='word_1_311' title='bbox 1481 2365 1519 2394; x_wconf 86' lang='lat' dir='ltr'><em>et</em></span> <span class='ocrx_word' id='word_1_312' title='bbox 1548 2360 1709 2394; x_wconf 86' lang='lat' dir='ltr'><strong>arcessiti</strong></span> <span class='ocrx_word' id='word_1_313' title='bbox 1740 2370 1763 2393; x_wconf 86' lang='lat' dir='ltr'><em>a</em></span> 
     </span>
     <span class='ocr_line' id='line_1_37' title="bbox 326 2405 1761 2454; baseline -0.001 -14"><span class='ocrx_word' id='word_1_314' title='bbox 326 2408 577 2441; x_wconf 88' lang='lat' dir='ltr'><strong>cerimoniario</strong></span> <span class='ocrx_word' id='word_1_315' title='bbox 604 2408 773 2451; x_wconf 84' lang='lat' dir='ltr'><strong>patricii,</strong></span> <span class='ocrx_word' id='word_1_316' title='bbox 804 2411 951 2454; x_wconf 80' lang='lat' dir='ltr'><strong>strategi</strong></span> <span class='ocrx_word' id='word_1_317' title='bbox 988 2416 1025 2444; x_wconf 84' lang='lat' dir='ltr'><em>et</em></span> <span class='ocrx_word' id='word_1_318' title='bbox 1047 2417 1214 2452; x_wconf 89' lang='lat' dir='ltr'><strong>senatus,</strong></span> <span class='ocrx_word' id='word_1_319' title='bbox 1241 2409 1530 2447; x_wconf 86' lang='lat' dir='ltr'><strong>communicant,</strong></span> <span class='ocrx_word' id='word_1_320' title='bbox 1559 2405 1761 2440; x_wconf 79' lang='lat' dir='ltr'><strong>sacerdotes</strong></span> 
     </span>
     <span class='ocr_line' id='line_1_38' title="bbox 327 2452 1762 2502; baseline -0.001 -15"><span class='ocrx_word' id='word_1_321' title='bbox 327 2454 373 2496; x_wconf 85' lang='lat' dir='ltr'><em>ad</em></span> <span class='ocrx_word' id='word_1_322' title='bbox 396 2452 632 2498; x_wconf 84' lang='lat' dir='ltr'><strong>peragendam</strong></span> <span class='ocrx_word' id='word_1_323' title='bbox 657 2453 813 2488; x_wconf 87' lang='lat' dir='ltr'><strong>divinam</strong></span> <span class='ocrx_word' id='word_1_324' title='bbox 836 2456 1017 2502; x_wconf 85' lang='lat' dir='ltr'><strong>liturgiam</strong></span> <span class='ocrx_word' id='word_1_325' title='bbox 1042 2459 1190 2493; x_wconf 82' lang='lat' dir='ltr'><strong>abeunt.</strong></span> <span class='ocrx_word' id='word_1_326' title='bbox 1239 2456 1321 2500; x_wconf 88' lang='lat' dir='ltr'><em>Quo</em></span> <span class='ocrx_word' id='word_1_327' title='bbox 1353 2455 1445 2488; x_wconf 85' lang='lat' dir='ltr'><strong>facto</strong></span> <span class='ocrx_word' id='word_1_328' title='bbox 1474 2455 1674 2498; x_wconf 76' lang='lat' dir='ltr'><strong>imperator</strong></span> <span class='ocrx_word' id='word_1_329' title='bbox 1694 2463 1762 2498; x_wconf 82' lang='lat' dir='ltr'><em>per</em></span> 
     </span>
     <span class='ocr_line' id='line_1_39' title="bbox 325 2499 1763 2549; baseline -0.001 -16"><span class='ocrx_word' id='word_1_330' title='bbox 325 2500 580 2542; x_wconf 83' lang='lat' dir='ltr'><strong>catechumena</strong></span> <span class='ocrx_word' id='word_1_331' title='bbox 603 2499 824 2545; x_wconf 84' lang='lat' dir='ltr'><strong>digreditur,</strong></span> <span class='ocrx_word' id='word_1_332' title='bbox 857 2507 893 2535; x_wconf 85' lang='lat' dir='ltr'><em>et</em></span> <span class='ocrx_word' id='word_1_333' title='bbox 917 2510 1102 2549; x_wconf 87' lang='lat' dir='ltr'><strong>postquam</strong></span> <span class='ocrx_word' id='word_1_334' title='bbox 1126 2516 1164 2538; x_wconf 87' lang='lat' dir='ltr'><em>se</em></span> <span class='ocrx_word' id='word_1_335' title='bbox 1187 2502 1232 2536; x_wconf 85' lang='lat' dir='ltr'><em>ad</em></span> <span class='ocrx_word' id='word_1_336' title='bbox 1255 2502 1454 2535; x_wconf 83' lang='lat' dir='ltr'><strong>triclinium</strong></span> <span class='ocrx_word' id='word_1_337' title='bbox 1479 2499 1657 2541; x_wconf 81' lang='lat' dir='ltr'><strong>contulit,</strong></span> <span class='ocrx_word' id='word_1_338' title='bbox 1681 2510 1763 2532; x_wconf 88' lang='lat' dir='ltr'><em>cum</em></span> 
     </span>
     <span class='ocr_line' id='line_1_40' title="bbox 327 2545 1764 2592; baseline -0.001 -12"><span class='ocrx_word' id='word_1_339' title='bbox 327 2548 450 2589; x_wconf 73' lang='lat' dir='ltr'><strong>amicis</strong></span> <span class='ocrx_word' id='word_1_340' title='bbox 466 2572 475 2587; x_wconf 93' lang='lat'><strong>‚</strong></span> <span class='ocrx_word' id='word_1_341' title='bbox 504 2558 592 2592; x_wconf 87' lang='lat' dir='ltr'><strong>quos</strong></span> <span class='ocrx_word' id='word_1_342' title='bbox 617 2545 734 2579; x_wconf 78' lang='lat' dir='ltr'><strong>vocari</strong></span> <span class='ocrx_word' id='word_1_343' title='bbox 759 2549 922 2589; x_wconf 85' lang='lat' dir='ltr'><strong>iusserit,</strong></span> <span class='ocrx_word' id='word_1_344' title='bbox 947 2551 1171 2584; x_wconf 74' lang='lat' dir='ltr'><strong>venerandae</strong></span> <span class='ocrx_word' id='word_1_345' title='bbox 1196 2560 1340 2582; x_wconf 86' lang='lat' dir='ltr'><strong>mensae</strong></span> <span class='ocrx_word' id='word_1_346' title='bbox 1365 2560 1448 2582; x_wconf 87' lang='lat' dir='ltr'><strong>suae</strong></span> <span class='ocrx_word' id='word_1_347' title='bbox 1473 2546 1624 2580; x_wconf 82' lang='lat' dir='ltr'><strong>adsidet.</strong></span> <span class='ocrx_word' id='word_1_348' title='bbox 1673 2547 1720 2579; x_wconf 84' lang='lat' dir='ltr'><em>Ut</em></span> <span class='ocrx_word' id='word_1_349' title='bbox 1740 2556 1764 2579; x_wconf 79' lang='lat' dir='ltr'><strong>a</strong></span> 
     </span>
     <span class='ocr_line' id='line_1_41' title="bbox 327 2593 1765 2639; baseline -0.001 -12"><span class='ocrx_word' id='word_1_350' title='bbox 327 2594 491 2634; x_wconf 80' lang='lat' dir='ltr'><strong>convivio</strong></span> <span class='ocrx_word' id='word_1_351' title='bbox 517 2595 690 2634; x_wconf 80' lang='lat' dir='ltr'><strong>surrexit,</strong></span> <span class='ocrx_word' id='word_1_352' title='bbox 725 2595 925 2628; x_wconf 89' lang='lat' dir='ltr'><strong>tzitzacium</strong></span> <span class='ocrx_word' id='word_1_353' title='bbox 949 2596 1095 2638; x_wconf 88' lang='lat' dir='ltr'><strong>induit,</strong></span> <span class='ocrx_word' id='word_1_354' title='bbox 1123 2603 1159 2631; x_wconf 88' lang='lat' dir='ltr'><em>et</em></span> <span class='ocrx_word' id='word_1_355' title='bbox 1185 2609 1204 2629; x_wconf 89' lang='lat' dir='ltr'><em>a</em></span> <span class='ocrx_word' id='word_1_356' title='bbox 1229 2595 1396 2629; x_wconf 85' lang='lat' dir='ltr'><strong>cubiculo</strong></span> <span class='ocrx_word' id='word_1_357' title='bbox 1421 2593 1634 2639; x_wconf 85' lang='lat' dir='ltr'><strong>praefectis,</strong></span> <span class='ocrx_word' id='word_1_358' title='bbox 1658 2603 1765 2625; x_wconf 86' lang='lat' dir='ltr'><strong>man-</strong></span> 
     </span>
     <span class='ocr_line' id='line_1_42' title="bbox 327 2638 1765 2689; baseline -0.001 -16"><span class='ocrx_word' id='word_1_359' title='bbox 327 2641 467 2679; x_wconf 82' lang='lat' dir='ltr'><strong>clavitis</strong></span> <span class='ocrx_word' id='word_1_360' title='bbox 495 2652 535 2673; x_wconf 87' lang='lat' dir='ltr'><em>ac</em></span> <span class='ocrx_word' id='word_1_361' title='bbox 559 2640 713 2685; x_wconf 88' lang='lat' dir='ltr'><strong>reliquis</strong></span> <span class='ocrx_word' id='word_1_362' title='bbox 741 2641 916 2675; x_wconf 87' lang='lat' dir='ltr'><strong>ministris</strong></span> <span class='ocrx_word' id='word_1_363' title='bbox 941 2645 1094 2688; x_wconf 83' lang='lat' dir='ltr'><strong>stipatus</strong></span> <span class='ocrx_word' id='word_1_364' title='bbox 1109 2669 1118 2685; x_wconf 94' lang='lat'>,</span> <span class='ocrx_word' id='word_1_365' title='bbox 1141 2655 1206 2689; x_wconf 87' lang='lat' dir='ltr'><em>per</em></span> <span class='ocrx_word' id='word_1_366' title='bbox 1230 2642 1488 2676; x_wconf 82' lang='lat' dir='ltr'><strong>catechumena</strong></span> <span class='ocrx_word' id='word_1_367' title='bbox 1520 2639 1672 2679; x_wconf 79' lang='lat' dir='ltr'><strong>transit,</strong></span> <span class='ocrx_word' id='word_1_368' title='bbox 1696 2638 1765 2672; x_wconf 85' lang='lat' dir='ltr'><strong>he-</strong></span> 
     </span>
     <span class='ocr_line' id='line_1_43' title="bbox 329 2685 1765 2735; baseline -0.001 -16"><span class='ocrx_word' id='word_1_369' title='bbox 329 2698 480 2732; x_wconf 86' lang='lat' dir='ltr'><strong>gumeno</strong></span> <span class='ocrx_word' id='word_1_370' title='bbox 507 2691 590 2719; x_wconf 87' lang='lat' dir='ltr'><strong>ante</strong></span> <span class='ocrx_word' id='word_1_371' title='bbox 616 2688 872 2732; x_wconf 83' lang='lat' dir='ltr'><strong>Imperatorem</strong></span> <span class='ocrx_word' id='word_1_372' title='bbox 899 2689 944 2722; x_wconf 79' lang='lat' dir='ltr'><strong>ad</strong></span> <span class='ocrx_word' id='word_1_373' title='bbox 971 2697 1111 2735; x_wconf 82' lang='lat' dir='ltr'><strong>portam</strong></span> <span class='ocrx_word' id='word_1_374' title='bbox 1137 2700 1250 2735; x_wconf 87' lang='lat' dir='ltr'><strong>usque</strong></span> <span class='ocrx_word' id='word_1_375' title='bbox 1276 2687 1612 2722; x_wconf 87' lang='lat' dir='ltr'><strong>catechumenorum</strong></span> <span class='ocrx_word' id='word_1_376' title='bbox 1637 2685 1765 2718; x_wconf 87' lang='lat' dir='ltr'><strong>incen-</strong></span> 
     </span>
     <span class='ocr_line' id='line_1_44' title="bbox 329 2733 1765 2784; baseline 0.003 -18"><span class='ocrx_word' id='word_1_377' title='bbox 329 2737 440 2773; x_wconf 75' lang='lat' dir='ltr'><strong>sante.</strong></span> <span class='ocrx_word' id='word_1_378' title='bbox 489 2734 678 2779; x_wconf 79' lang='lat' dir='ltr'><strong>Egressum</strong></span> <span class='ocrx_word' id='word_1_379' title='bbox 702 2733 788 2769; x_wconf 87' lang='lat' dir='ltr'><strong>inde</strong></span> <span class='ocrx_word' id='word_1_380' title='bbox 813 2735 1068 2781; x_wconf 83' lang='lat' dir='ltr'><strong>Imperatorem</strong></span> <span class='ocrx_word' id='word_1_381' title='bbox 1096 2737 1241 2784; x_wconf 83' lang='lat' dir='ltr'><strong>patricii</strong></span> <span class='ocrx_word' id='word_1_382' title='bbox 1267 2740 1304 2770; x_wconf 89' lang='lat' dir='ltr'><em>et</em></span> <span class='ocrx_word' id='word_1_383' title='bbox 1338 2734 1484 2780; x_wconf 83' lang='lat' dir='ltr'><strong>strategi</strong></span> <span class='ocrx_word' id='word_1_384' title='bbox 1508 2734 1548 2768; x_wconf 91' lang='lat' dir='ltr'><em>in</em></span> <span class='ocrx_word' id='word_1_385' title='bbox 1574 2743 1614 2766; x_wconf 85' lang='lat' dir='ltr'><em>ea</em></span> <span class='ocrx_word' id='word_1_386' title='bbox 1636 2735 1765 2781; x_wconf 63' lang='lat' dir='ltr'><strong>porta,</strong></span> 
     </span>
    </p>
   </div>
  </div>
 </body>
</html>
