1748 3126
154 122 247 165 XIV
620 120 694 162 10.
739 119 845 163 IAC.
887 122 1082 164 REISKII

156 223 434 264 Professorem
463 222 755 274 clarissimum,
796 224 865 276 qui
895 237 983 263 eam
1020 239 1043 263 a
1072 218 1203 278 prima
1232 225 1498 268 adolescentia
1525 229 1607 270 fre-

158 296 352 343 quentare
390 297 675 341 consueverat,
721 289 773 327 ad
810 289 1010 328 edendum
1049 304 1150 344 opus
1186 291 1380 334 hactenus
1414 294 1611 335 ineditum

159 358 362 395 excitaret.
407 357 492 394 Iam
511 363 626 394 antea
645 355 687 393 id
707 355 814 394 idem
834 355 996 395 molitus
1021 356 1152 397 fuerat
1179 358 1241 397 Io.
1265 359 1433 404 Htmuc.
1454 363 1611 415 Mirus,

159 425 202 462 in
235 422 454 462 Academia
489 421 680 461 Giessana
721 422 926 474 quondam
955 423 1132 463 Graecae
1153 431 1194 463 et
1223 425 1494 466 Orientalium
1530 428 1610 467 lin-

161 503 332 543 guarum
371 489 596 528 Professor.
666 488 856 527 Testatur
893 489 936 527 in
977 488 1184 542 Catalogo
1201 520 1213 540 ‚
1254 507 1375 545 quem
1411 496 1608 546 coniecit,

163 556 357 595 codicum
395 554 776 607 manuscriptorum
815 554 1095 595 bibliothecae
1139 556 1538 610 Uffenbachianae,
1569 573 1613 601 se

164 621 258 660 libri
282 621 401 660 huius
426 621 592 660 latinam
615 623 984 675 interpretationem
1005 622 1237 675 confecisse,
1275 618 1505 680 certamque
1525 627 1612 667 edi-

161 689 281 727 tionis
313 702 424 741 spem
455 688 564 726 facit.
623 686 681 726 At
705 687 751 727 ea
770 687 933 741 quidem
961 703 1054 727 cum
1082 690 1209 742 ipsius
1237 690 1351 731 obitu
1379 685 1611 745 decollavit,

162 766 308 807 neque,
330 768 411 808 quo
432 754 638 793 devenerit
662 755 746 793 eius
771 755 1064 807 interpretatio,
1081 763 1248 796 constat.
1275 757 1487 810 Specimen
1511 761 1614 812 eius,

162 821 271 859 unde
299 822 501 860 aestimari
529 828 676 874 queat,
707 821 881 860 habetur
910 822 951 859 in
979 821 1100 860 modo
1129 821 1292 861 laudato
1320 823 1501 878 catalogo
1519 853 1531 876 ,
1573 832 1614 865 et

161 888 270 941 apud
299 887 546 926 FAnmcmM.
607 887 756 926 Omine
784 888 907 940 igitur
942 887 1148 942 aliquanto
1175 890 1439 941 auspicatiore
1468 891 1613 930 editio-

159 968 255 993 nem
281 955 413 1007 operis
441 953 766 993 desideratissimi
794 955 967 1007 suscepit
994 954 1093 993 clar.
1123 955 1310 994 Lmemus
1331 985 1343 1007 ,
1370 957 1435 996 vir
1461 958 1616 997 Graece

161 1021 386 1074 Latineque
420 1020 672 1069 doctissimus
687 1050 699 1071 ,
743 1027 783 1059 et
818 1021 862 1059 in
901 1022 1012 1059 omni
1049 1029 1185 1060 vetere
1221 1035 1407 1076 novaque
1445 1022 1614 1063 historia

163 1087 472 1138 versatissimus,
497 1094 536 1126 et
555 1089 728 1140 primam
749 1086 912 1140 quidem
939 1089 1022 1126 eius
1043 1102 1155 1141 spem
1181 1088 1351 1128 faciebat
1376 1104 1483 1129 anno
1510 1090 1613 1145 1743

162 1155 206 1193 in
233 1153 370 1193 libello
398 1153 451 1192 de
475 1154 697 1208 Diptychis
724 1162 913 1193 veterum
935 1167 1036 1209 pag.
1075 1168 1123 1194 10
1155 1156 1244 1210 sqq,
1278 1155 1352 1194 ubi
1387 1163 1519 1195 totum
1545 1171 1616 1196 ca-

162 1227 238 1274 put
264 1219 618 1274 quadragesimum
654 1219 818 1259 secundi
846 1220 940 1260 libri
974 1226 1148 1274 utroque
1176 1235 1360 1261 sermone
1398 1221 1614 1276 vulgavit3

164 1288 295 1340 ipsam
323 1299 422 1326 vero
451 1285 667 1324 editionem
706 1285 941 1325 ordiebatur
966 1286 1129 1326 biennio
1156 1294 1264 1340 post.
1335 1287 1404 1327 Ab
1445 1302 1492 1328 eo
1520 1288 1618 1328 inde

16 1360 348 1407 Ed‚L,11tempore
384 1353 579 1406 processit
613 1353 822 1405 impressio
859 1354 982 1392 variis
1031 1355 1252 1407 intercepta
1289 1354 1616 1408 impedimentis,

165 1420 294 1459 donec
330 1418 498 1458 tandem
536 1419 754 1472 superioris
800 1420 895 1458 anni
938 1421 1102 1459 ineunte
1152 1427 1301 1460 aestate
1340 1420 1618 1461 doctissimum

164 1485 379 1535 editorem,
413 1485 498 1524 vita
518 1484 700 1538 longiore
725 1484 1020 1539 dignissimum,
1049 1493 1089 1525 et
1109 1487 1267 1540 egregia
1296 1489 1614 1540 promittentem,

163 1554 271 1593 acuti
300 1552 432 1591 morbi
466 1552 528 1591 vis
559 1552 601 1590 in
643 1553 783 1591 aetatis
824 1551 924 1591 flore
966 1552 1141 1592 tolleret.
1213 1553 1491 1593 Pervenerant
1526 1561 1617 1593 tum

164 1621 358 1673 temporis
382 1617 628 1672 typographi
656 1631 785 1672 usq-ue
820 1618 872 1657 ad
910 1620 1099 1672 paginam
1133 1619 1254 1658 huius
1293 1619 1480 1659 editionis
1518 1618 1615 1659 216.

164 1685 369 1726 Devoluta
397 1685 585 1738 deinceps
614 1698 659 1723 ex
687 1698 927 1738 magnorum
958 1688 1142 1725 virorum
1170 1686 1221 1725 de
1246 1687 1347 1726 meis
1373 1685 1620 1740 profectibus

164 1753 342 1806 benigno
369 1750 518 1790 iudicio
547 1750 732 1789 editionis
764 1750 1033 1791 absolvendae
1058 1766 1155 1790 cura
1183 1750 1236 1790 ad
1262 1765 1329 1791 me
1355 1751 1446 1790 fuit.
1503 1751 1623 1802 Quae

165 1819 291 1871 igitur
323 1831 385 1868 ea,
413 1831 494 1870 qua
512 1816 610 1867 dixi,
639 1817 786 1869 pagina
803 1819 1026 1870 posteriora
1050 1819 1160 1868 sunt,
1183 1831 1326 1858 excusa
1351 1817 1516 1856 fuerunt
1543 1817 1621 1856 sub

167 1885 268 1923 meis
283 1883 425 1934 oculis,
456 1888 496 1921 et
526 1882 770 1921 excudentur
795 1897 935 1935 porro,
957 1883 1115 1922 favente
1127 1884 1233 1933 Deo,
1264 1897 1367 1936 quae
1394 1889 1621 1936 supersunt.

280 1947 317 2002 §.
348 1963 389 1987 2.
445 1948 513 1987 De
551 1955 796 1999 argumento
834 1948 950 1988 libri.
1017 1948 1060 1987 si
1099 1951 1188 2002 quis
1234 1947 1312 1988 hoc
1353 1947 1539 1999 saeculo,
1581 1953 1623 1987 et

171 2029 299 2070 paene
337 2014 506 2053 dixerim
544 2027 724 2066 unquam
742 2042 754 2064 ,
793 2014 835 2052 in
873 2013 1005 2053 lucem
1043 2014 1173 2053 editus
1205 2013 1282 2053 suit
1322 2013 1621 2069 cognoscendae

170 2082 380 2135 Augustae
397 2080 602 2118 Romanae
621 2078 1149 2133 Byzantinaeque‘historiae
1167 2079 1277 2120 utilis
1301 2079 1423 2133 liber,
1444 2087 1503 2120 est
1525 2093 1622 2120 sane

173 2148 258 2187 hic.
314 2146 457 2200 Neque
483 2146 685 2184 immerito
712 2147 755 2184 in
783 2147 868 2185 eius
897 2145 1139 2185 desiderium
1176 2153 1408 2186 exarserunt
1445 2146 1591 2186 eruditi
1605 2173 1620 2197 ‚

176 2228 225 2253 ex
255 2227 336 2267 quo
364 2219 646 2266 argumentum
674 2218 713 2251 et
738 2213 914 2265 pretium
940 2212 1181 2254 intellexere.
1235 2213 1291 2252 Et
1318 2226 1414 2252 sane
1427 2241 1440 2264 ,
1470 2213 1504 2251 si
1529 2212 1622 2265 quis

179 2293 316 2320 secum
343 2285 519 2332 reputet,
546 2277 655 2317 hunc
683 2277 833 2317 librum
871 2278 922 2317 de
961 2280 1187 2318 cerimoniis
1228 2278 1343 2318 aulae
1380 2278 1624 2332 Byzantinae

179 2359 377 2400 exponere
395 2375 407 2397 ,
434 2343 663 2397 recolatque
690 2346 824 2383 animo
839 2374 850 2395 ,
891 2351 990 2398 quot
1018 2352 1058 2384 et
1100 2359 1222 2398 quam
1250 2345 1409 2384 diversa
1440 2346 1484 2383 in
1521 2342 1624 2383 aulis

181 2425 431 2452 summorum
461 2412 690 2464 principum
716 2425 794 2450 usu
825 2412 990 2450 veniant
1011 2441 1022 2462 ,
1053 2418 1092 2450 et
1117 2411 1158 2449 id
1189 2424 1350 2464 quoque
1374 2408 1536 2449 tandem
1557 2410 1624 2448 in-

181 2479 356 2532 telligat,
386 2477 516 2516 aulam
548 2478 808 2530 Byzantinam
822 2506 834 2527 ,
865 2477 994 2530 qualis
1027 2485 1135 2517 certe
1145 2477 1626 2531 Porphyrogennetorum

181 2538 364 2598 tempore
392 2551 494 2594 erat,
522 2543 710 2582 umbram
738 2545 884 2583 veteris
913 2542 1120 2597 Augustae
1146 2544 1351 2582 Romanae
1379 2543 1498 2582 filisse
1519 2556 1532 2581 :
1562 2541 1624 2580 fa-

184 2610 260 2650 cile
286 2609 355 2649 ille
382 2608 596 2649 affirmanti
616 2609 768 2660 credat,
793 2623 924 2663 neque
943 2624 1100 2648 sacrum
1121 2624 1220 2660 esse,
1242 2623 1372 2663 neque
1391 2608 1625 2663 profanum,

184 2676 374 2716 historiae
410 2677 557 2717 veteris
590 2683 869 2729 argumentum
883 2705 896 2727 ,
936 2675 1044 2729 quod
1072 2675 1137 2714 hic
1172 2675 1276 2715 liber
1302 2690 1385 2715 non
1424 2675 1592 2726 attingat
1609 2698 1626 2723 ‚
