1832 3112
285 106 305 143 1
317 105 391 143 00
551 105 910 149 consum-lm
965 78 1451 150 PORPHYROGENm
1511 111 1514 113 ’

232 207 550 268 Ββαστάζοντες
574 208 626 252 τά
654 209 800 265 βεργία
829 208 993 262 αὖτῶν,
1021 210 1170 260 πάντες
1199 212 1245 252 δὲ
1274 204 1391 253 οὗτοι
1419 209 1540 254 ἔνθεν
1566 205 1729 254 κᾶκεῖσε

274 274 546 332 δηριγεύουσι
572 274 645 317 τὸν
671 276 876 329 βασιλέα,
915 276 960 316 ἐν
988 276 1035 317 δὲ
1064 278 1121 333 τῷ
1147 276 1262 334 μέσῳ
1293 273 1434 319 αὖτῶν
1460 277 1729 333 σιλεντιάριοι

275 345 505 396 τέσσαρες,
533 340 809 394 βαστάζοντες
833 343 978 398 χρυσᾶ
1006 339 1180 383 διάλιθα
1207 344 1368 398 βεργία,
1398 344 1624 399 φοροῦντες
1650 359 1730 385 σα-

274 407 346 462 yla
374 405 573 462 ἅληθινά.
645 408 663 464 <
673 410 757 464 Β.)
801 406 1135 464 Δηριγευόμενος
1164 409 1211 450 δὲ
1239 406 1309 449 ὑπ’
1339 409 1482 451 αὐτῶν
1509 408 1674 451 πάντων
1704 404 1728 450 ὅ

274 470 474 527 βασιλεῦς
501 471 583 514 ὑπό
611 489 658 515 τε
688 475 822 525 πεζῶν
849 473 923 515 καί
950 474 1172 530 ἐφίππων,
1216 474 1433 530 διέρχεται
1471 473 1543 517 διά
1578 490 1624 518 τε
1651 475 1753 520 τοῢό

276 539 411 596 φόρου
436 538 508 585 καί
533 540 608 581 τοῦ
627 538 802 596 ταύρου,
830 541 908 581 τοῦ
937 541 1232 596 φιλαδελφίου,
1259 542 1334 582 τοῦ
1362 540 1474 595 βοὸς,
1502 542 1582 583 τοῦ
1608 543 1732 598 ξηρο-

275 606 409 662 λόφου
438 604 512 647 καί
538 607 613 648 τοῦ
639 604 892 657 ἑξακιονίου.
928 604 1180 660 καταλαβών
1207 607 1255 648 δὲ
1282 607 1328 650 ἐν
1353 610 1406 664 τῇ
1432 606 1598 667 τριόδῳ,
1624 605 1732 650 ἔνθα

277 669 298 713 ὁ
334 670 434 722 ναὸς
473 674 550 714 τοῦ
578 671 697 727 άγὼυ
738 670 970 714 ἀποστόλου
1011 667 1254 727 Ὀινησιζιιου,
1300 670 1459 715 ἐκνεύει
1494 674 1611 730 δεξιᾷ
1661 674 1736 715 καί
1786 702 1788 704 v

277 738 488 793 διέρχεται
516 735 586 780 διὰ
615 740 694 779 τοῦ
721 737 839 792 ἁγίου
866 736 1064 792 Ἰακώβου
1093 740 1169 779 τοῦ
1195 740 1398 794 Πέρσου·
1452 734 1535 781 ἇπό
1575 740 1622 781 δὲ
1648 740 1734 780 τῶν

277 805 408 846 ἐκεῖσε
435 805 671 859 εἰσέρχεται
699 805 745 845 ἐν
772 806 830 862 τῷ
858 805 994 861 σεπτιῖι
1022 806 1108 862 ναῷ
1134 806 1209 846 τοῦ
1238 802 1357 859 ἁγίου
1383 806 1599 862 μάρτυρος
1620 807 1787 848 Μω-ιο

101 868 394 917 Ed.L.60ut'ov.
450 868 650 911 εἰσελθών
690 871 737 910 δὲ
775 868 798 910 ὁ
827 868 1026 922 βασιλεῦς
1065 871 1110 912 ἐν
1149 871 1207 928 τῷ
1242 872 1416 926 λουτῆρι
1456 871 1530 913 καί
1556 868 1735 913 διελθών

278 935 408 990 μέχρι
435 938 520 976 τῶν
555 933 789 990 γραδηλίων
817 937 901 976 τῶν
929 934 1218 990 ἅνερχομένων
1245 937 1291 978 ἐν
1326 938 1384 995 τῷ
1421 934 1624 994 νάρθηκι,
1659 936 1736 978 κᾶ-

280 1007 388 1043 κεῐσε
417 1000 643 1054 νιψάμενος
652 1034 664 1054 ,
708 1002 922 1056 διέρχεται
952 1001 1024 1042 διά
1054 1003 1130 1042 τοῦ
1158 1001 1388 1058 νάρθηκος,
1426 1001 1602 1052 στάντες·
1620 1002 1667 1044 δὲ
1696 1001 1736 1043 οἱ

277 1067 488 1122 πατρίκιοι
514 1065 587 1107 καὶ
611 1069 836 1122 στρατηγοί
860 1064 964 1120 μετὰ
993 1068 1069 1122 τῆς
1097 1068 1322 1124 συγκλήτου
1350 1067 1523 1124 πλησίον
1546 1071 1620 1124 τῆς
1649 1070 1737 1110 εἰσ-

280 1133 459 1188 αγοὺσης
508 1132 642 1188 πύλης
689 1133 749 1183 εἰς
792 1130 861 1175 τὸν
901 1132 1100 1187 κοχλιάν,
1146 1132 1394 1189 ἐπεύχονται
1437 1133 1509 1177 τὸν
1543 1135 1790 1188 βασιλέα,15

283 1201 457 1249 ἕκαστος
485 1199 625 1241 αὐτῶν
653 1198 711 1249 ὥς
739 1199 1012 1255 προείρηται.
1070 1198 1091 1242 ὃ
1121 1201 1168 1242 δὲ
1195 1199 1395 1254 βασιλεῦς
1421 1199 1738 1256 δηριγευόμενος

109 1276 173 1309 Ms.
190 1266 366 1310 56.1)ὖπό
396 1281 442 1307 τε
469 1266 552 1307 τῶν
580 1263 799 1320 ἀρχόντων
827 1267 903 1306 τοῦ
938 1264 1231 1319 κουβουκλείου
1261 1265 1334 1308 καί
1357 1267 1587 1320 βασιλικῶν
1615 1267 1739 1307 οἰκει-

286 1333 420 1385 ακῶν,
465 1333 540 1373 τοῦ
566 1332 637 1386 τῆς
665 1329 959 1380 καταστάσεώς
992 1347 1036 1373 τε
1063 1334 1135 1373 καί
1160 1332 1473 1388 σιλεντιαρίων,
1516 1328 1739 1386 ἀνέρχεται

285 1397 357 1440 διὰ
386 1398 462 1438 τοῦ
490 1397 664 1450 κοχλιοῦ
676 1430 689 1449 ,
737 1397 810 1438 καί
833 1394 987 1452 μικρὸν
1014 1397 1202 1447 ἐκκλίνας
1230 1395 1478 1453 α’ριστερὸν,
1526 1397 1740 1451 διέρχεται

285 1461 358 1505 διὰ
387 1464 469 1505 τῶν
497 1461 834 1517 κατηχουμενίων
861 1462 937 1503 τοῦ
963 1460 1172 1518 νάρθηκος
1214 1463 1286 1504 καί
1322 1463 1558 1518 εἰσέρχεται
1583 1462 1642 1512 εἷς
1669 1460 1794 1504 τὸναο

286 1531 466 1571 κοιτῶνα
497 1528 658 1582 αὑτοῦ,
684 1529 756 1570 καί
782 1525 983 1570 εἰσελθών
1010 1525 1271 1570 α’παλλάσσει
1300 1526 1538 1583 διβητήσιον
1565 1522 1739 1584 ἇσπρον,

254 1594 334 1636 Boi
371 1595 419 1637 δὲ
458 1590 654 1648 εὐνοῦχοι
692 1592 1061 1650 πρωτοσπαθάριοι
1097 1590 1659 1649 ὖπαλλάσσουσιδιβητὴσια
1689 1587 1741 1634 ἇ-

288 1676 402 1716 σπρα
439 1661 512 1702 καὶ
538 1660 746 1714 σαβάνια,
788 1658 1066 1713 βαστάζοντες
1093 1659 1167 1702 καί
1192 1658 1244 1702 τὰ
1272 1658 1563 1712 σπαθοβάκλια
1590 1658 1740 1713 αῧτῶν,

289 1727 518 1783 φοροῦντες
544 1728 618 1769 καί
639 1724 692 1769 τὰ
723 1724 888 1768 σπαθία
917 1725 1072 1781 αὐτῶν,
1101 1726 1341 1783 διέρχονται
1365 1718 1539 1769 ὄπισθεν
1564 1725 1642 1768 τοῦ
1658 1726 1740 1780 βα·-

383 1859 440 1885 22.
466 1854 505 1885 et
527 1850 578 1884 sic
599 1849 768 1898 deinceps
794 1850 944 1899 ubique.

290 1956 359 1993 tes,
386 1952 573 1987 candidati
598 1954 708 1987 simili
730 1952 872 1994 habitu,
896 1953 1079 1987 scribones
1105 1965 1124 1988 e
1164 1952 1388 1987 mandatores
1414 1961 1495 1986 cum
1519 1950 1626 1996 virgis
1650 1950 1738 1991 suis,

292 2011 416 2033 omncs
441 2001 695 2045 Imperatorem
719 2001 889 2045 utrinque
915 2001 1115 2034 ambientes
1179 2002 1218 2034 iu
1246 1999 1367 2034 medio
1394 2010 1516 2032 eorum
1544 1997 1738 2030 silentiar-ii

293 2051 463 2091 quatuor,
488 2048 599 2091 virgas
624 2058 746 2080 aureas
769 2047 915 2092 gemmis
941 2053 1082 2082 ornatas
1107 2059 1127 2093 g
1154 2053 1300 2087 stantes,
1324 2045 1536 2091 procedunt.
1583 2044 1660 2090 (ΙΙ.)
1681 2043 1738 2076 Ab

291 2091 350 2125 his
374 2092 541 2126 omnibus
564 2094 696 2137 partim
723 2095 838 2139 equis,
861 2095 991 2138 partim
1016 2094 1126 2139 pedib
1160 2106 1174 2127 s
1204 2093 1375 2127 euntibus
1399 2092 1551 2137 stipatus
1577 2093 1739 2135 Impera·-

292 2143 362 2179 tor,
386 2150 450 2184 per
474 2139 605 2179 sorum,
631 2144 783 2181 taurum,
813 2139 1126 2185 philadelphium,
1154 2141 1271 2174 forum
1295 2141 1415 2180 bovis,
1440 2137 1679 2183 xerolophum
1701 2141 1740 2170 et

292 2184 546 2220 hexacionium
571 2187 708 2220 transit.
734 2187 924 2232 Postquam
945 2198 1027 2221 vero
1052 2188 1091 2221 in
1114 2193 1130 2220 t
1154 2188 1275 2227 ivium,
1302 2187 1365 2219 ubi
1389 2186 1562 2230 templum
1587 2185 1621 2217 S.
1650 2194 1740 2229 apo-

293 2231 379 2265 stoli
403 2232 565 2266 Onesimi
589 2233 699 2266 situm
722 2237 787 2274 est,
811 2235 994 2277 pervenit,
1011 2233 1114 2267 dextr
1146 2245 1239 2267 rsum
1264 2233 1472 2273 deflectens,
1495 2243 1559 2276 per
1581 2230 1615 2264 S.
1641 2231 1742 2263 Iaco-

292 2278 335 2312 bi
360 2279 484 2313 Persae
511 2281 659 2320 transit,
697 2280 785 2313 inde
817 2282 990 2326 templum
1017 2281 1052 2318 S,
1077 2293 1109 2314 m
1142 2281 1246 2324 rtyris
1271 2280 1382 2313 Mocii
1407 2279 1513 2324 petit.
1559 2277 1741 2322 Baptiste-

294 2326 387 2359 rium
414 2332 532 2360 autem
558 2326 758 2371 ingressus,
788 2326 852 2359 ubi
877 2327 922 2359 ad
948 2328 1057 2361 scalas
1082 2339 1126 2360 na
1153 2327 1265 2360 thecis
1303 2326 1468 2371 pervenit
1504 2324 1632 2371 ibique
1662 2330 1742 2356 mzt-

293 2383 362 2405 nus
386 2373 494 2413 lavit,
519 2383 583 2417 per
607 2371 811 2406 narthecem
835 2374 986 2415 transit,
1022 2375 1115 2418 patri
1146 2374 1174 2407 ii
1195 2379 1314 2406 autem
1339 2378 1376 2405 et
1407 2371 1552 2416 strategi
1575 2381 1656 2404 cum
1684 2380 1744 2402 se-

293 2424 383 2452 natu
409 2430 520 2468 prope
544 2424 681 2464 portam
706 2420 745 2452 in
770 2420 954 2453 cochleam
981 2421 1114 2455 ducent
1144 2432 1178 2453 m
1201 2419 1404 2458 adstantes,
1440 2419 1557 2452 fausta
1582 2417 1742 2461 Impera-

293 2466 366 2500 tori
391 2477 458 2507 co,
483 2477 554 2511 quo
580 2466 733 2500 diximus
760 2467 865 2500 modo
892 2473 1119 2513 appi-ecantu·
1139 2493 1146 2499 .
1206 2466 1349 2499 Deinde
1373 2477 1393 2498 a
1417 2464 1610 2510 praefectis
1638 2461 1742 2495 cubi-

294 2513 376 2546 culo
411 2518 448 2546 et
472 2513 714 2557 Imperator-iis
749 2514 944 2554 ministris,
989 2516 1121 2547 cerimo
1158 2514 1248 2547 iario
1285 2518 1322 2546 et
1349 2512 1558 2545 silentiariis
1591 2510 1743 2549 cinctus,

292 2570 359 2603 per
383 2559 562 2593 cochleam
585 2558 783 2597 adscendit,
808 2565 844 2592 et
869 2562 975 2603 paulo
997 2561 1040 2594 ad
1066 2561 1253 2594 sinistram
1271 2559 1465 2597 declinans,
1492 2568 1556 2601 per
1573 2553 1742 2588 catechu-

293 2617 398 2638 mena
423 2606 602 2639 nartliccis
627 2605 673 2638 ad
697 2617 798 2639 suum
824 2607 1030 2640 cubiculum
1055 2613 1107 2640 tra
1145 2608 1210 2647 sit,
1246 2605 1344 2650 quod
1369 2606 1565 2650 ingressus,
1599 2601 1744 2635 dibele-

293 2652 385 2684 sium
412 2653 537 2687 album
560 2658 697 2691 mutat,
732 2652 889 2686 cunuchi
919 2653 1114 2698 protospatl
1138 2654 1203 2686 arii
1229 2651 1408 2685 (libctcsia
1433 2650 1516 2683 alba
1541 2654 1579 2682 ct
1607 2647 1743 2682 sabana

294 2703 457 2742 mutant,
491 2710 647 2747 suosque
671 2698 950 2747 spathobaeulos
981 2706 1018 2735 ct
1042 2713 1104 2749 spa
1156 2711 1193 2742 as
1217 2704 1416 2745 gestantes,
1453 2708 1474 2732 a
1497 2701 1595 2741 tergo
1621 2694 1742 2740 Inpe-
