1884 3112
291 95 402 151 282
561 116 920 159 CONSTANTlNl
964 117 1450 161 PORPHYROGENITI

285 216 411 278 ἐλαίῳ
440 217 542 276 ἁγίῳ
571 217 685 274 παρὰ
715 217 896 275 Κυρίου,
939 219 1187 277 ἐβραβεύθη
1216 219 1358 279 εἰρήνη
1384 223 1435 280 τῇ
1461 223 1644 282 πολιτείᾳ
1669 225 1730 282 τῷ

244 284 508 342 ρρυσαμένῳ
535 286 580 335 ἐξ
605 286 774 341 ἐχθρῶν
803 284 902 336 τοὺς
931 284 1243 341 αἰχμαλώτους.
1304 289 1412 346 (Γ.)
1456 287 1730 332 Ἀπελατικόν

287 347 368 392 α’πὸ
396 352 537 407 φωνῆς
563 344 631 405 ἦχ.
661 368 704 393 π.
730 350 792 392 δ’·
847 351 1020 409 ,,χαίρει
1053 352 1076 394 ὅ
1114 351 1268 408 κόσμος
1307 351 1417 409 ὄρῶν
1444 370 1493 398 σε
1520 351 1730 411 αὔτοκροὶ-

284 431 387 472 τορα
414 414 641 472 δεσπότην,
685 418 759 459 καί
785 417 810 474 ἦ
838 416 958 468 πόλις
986 433 1064 461 σου
1091 422 1302 476 τέρπεται,
1332 418 1561 463 θεόστεπτε
1590 417 1613 461 ὅ
1643 421 1730 463 δεῖ·

284 498 358 524 va·
414 481 642 536 ὦραῗζεται
667 482 692 538 ἦ
720 483 855 538 τάξις,
900 500 948 527 σε
975 485 1191 539 βλέπουσα
1217 486 1467 543 ταξιάρχην,
1506 487 1582 528 καί
1606 481 1756 541 dcv-5

280 548 408 601 χοῦσι
430 543 482 589 τά
509 549 722 605 σκῆπτρα,
765 550 1026 606 σκηπτοῦχόν
1066 567 1115 594 σε
1152 554 1405 608 κεκτημένα.
1457 555 1731 605 κατακοσμεῖς

281 611 362 670 γὰρ
400 611 472 656 τὸν
507 613 658 671 θρόνον
693 618 768 672 τῆς
804 615 1004 675 πατρῴας
1044 618 1260 673 βασιλείας
1301 617 1379 662 σὺν
1420 621 1474 676 τῇ
1502 617 1730 675 αὔγούστῃ,

279 681 537 736 προπέμπων
563 681 849 739 μαρμαρυγὰς
876 683 1081 738 εὐταξίας,
1123 682 1225 727 ὅθεν
1253 685 1520 743 εὐημεροῦσα
1550 683 1621 728 διά
1649 699 1729 727 σου

283 746 310 800 ἦ
336 749 521 790 πολιτεία
549 750 623 804 τῆς
647 750 724 805 σῆς
755 745 1086 807 αὐτοκρατορίας
1111 748 1300 807 ἑορτάζει
1322 750 1396 808 τὴν
1424 752 1622 809 ἧμέραν.”
1657 751 1732 793 καὶ

238 812 366 857 Βᾶπό
393 813 540 856 τούτου
569 816 759 870 λέγουσιν
787 815 826 859 οἱ
853 817 1051 874 κράκται·
1107 818 1304 874 ,,Κύριε,
1339 820 1476 862 σῶσον
1515 815 1618 868 τούς
1659 818 1785 861 ὃε-ιο

281 877 437 930 σπότας
450 880 722 934 ιΡωμαίωνΨ
762 881 804 925 ’ὅ
829 882 934 934 λαὸς
964 885 1009 925 ἐκ
1039 884 1071 940 γ’
1103 882 1298 941 ,,Κυ’ριε,
1328 886 1503 928 σῶσον.”
1559 881 1600 926 οἱ
1627 881 1734 940 κρά-

282 961 389 988 κται·
442 944 624 1004 ,,Κυ’ριε,
654 950 790 991 σῶσον
817 947 917 999 τούς
943 951 989 991 ἑκ
1014 951 1092 992 σοῦ
1119 952 1445 1004 ἐστεμμένους·”
1503 949 1527 991 6
1556 947 1658 1000 λαός
1684 950 1733 991 ἐκ

281 1010 315 1066 γ’
344 1009 542 1068 ,,Κυ’ριε,
572 1015 747 1057 σῶσον.”
803 1013 843 1057 οἱ
869 1014 1068 1072 κράκται·
1123 1014 1321 1073 ,,1ίύριε,
1350 1031 1488 1060 σωσον
1523 1013 1625 1064 τους
1663 1015 1735 1056 δε-

283 1074 439 1128 σπότας
477 1077 556 1122 σὺν
597 1085 690 1129 ταῖς
723 1080 979 1136 αὕγούσταις
1009 1081 1083 1124 καί
1109 1089 1192 1132 τοῖς
1219 1079 1656 1140 πορφυρογεννῆτοις·”
1710 1077 1734 1122 ὅ

284 1141 383 1195 λαός
410 1148 456 1189 ἐκ
481 1145 516 1200 γ’
545 1143 738 1204 ,,Κυ’ριε,
781 1149 957 1194 σῶσον.”
1029 1150 1140 1207 (A.)
1172 1151 1266 1191 Καὶ
1292 1146 1375 1191 dn«)
1405 1149 1564 1192 τούτων
1592 1147 1787 1201 δέχου-15

285 1227 358 1253 ται
386 1211 423 1254 οἱ
444 1211 672 1269 Πράσινοι,
699 1211 775 1255 καί
797 1213 905 1267 μετὰ
939 1213 985 1262 τό
1020 1217 1242 1271 πληρῶσαι
1268 1213 1367 1266 τούς
1387 1213 1635 1271 Πρασίνους
1663 1211 1733 1255 λε’-

278 1294 427 1335 ,γουσιν
463 1277 502 1320 οἱ
539 1277 719 1335 κράκται
743 1281 828 1322 τῶν
863 1278 940 1322 δυό
966 1283 1110 1337 μερῶν
1136 1280 1196 1324 ἔσ·
1252 1283 1405 1335 ,,τοῦτο
1432 1278 1477 1322 τὸ
1503 1277 1731 1334 βασίλειον,

285 1341 439 1402 Κύριε,
469 1347 736 1402 στερέωσον·”
766 1345 790 1387 ὅ
816 1345 919 1397 λαός
948 1346 1102 1401 ὁμοίως
1129 1349 1176 1390 ἐκ
1201 1345 1250 1402 γ’.
1278 1345 1318 1389 οἱ
1346 1345 1551 1404 κρὰκται·
1581 1345 1734 1399 „nv-527·-

92 1422 346 1465 Εᾱ.1,.,65μα
375 1410 422 1453 τὸ
461 1409 674 1467 πανάγιον,
703 1411 780 1462 τὰς
808 1411 1043 1468 αὖγούστας
1079 1414 1333 1457 σκέπασον·”
1390 1412 1416 1455 o‘
1446 1410 1547 1462 λαὸς
1574 1411 1731 1465 ὁμοίως

93 1478 329 1523 Mammas&
356 1476 405 1533 γ’.
433 1476 473 1520 οἱ
499 1475 698 1534 κράκται·
729 1478 891 1536 ,,μη’τηρ
921 1483 996 1524 τοῦ·
1027 1481 1140 1524 Θεοῦ
1166 1481 1302 1536 ἡμῶν,
1333 1477 1518 1538 φύλαττε
1544 1476 1594 1521 τὰ
1625 1492 1789 1534 noo-20

288 1545 612 1601 φυρογὲννητα·”
673 1543 697 1588 ὅ
725 1544 827 1595 λαός
854 1546 1023 1600 ὅμοίως.
1079 1546 1118 1589 οἱ
1145 1544 1340 1603 κράκται·
1397 1542 1591 1600 „Istoc-5,
1621 1541 1733 1597 ζωὴν

286 1610 426 1653 αΰτῶν
469 1610 539 1653 διὰ
578 1609 655 1668 τὴν
685 1610 796 1668 ζωήν
824 1612 985 1667 hyan-’⁷
1042 1612 1064 1655 ὅ
1091 1611 1192 1662 λαός
1230 1610 1383 1667 ὁμοίως
1411 1613 1457 1655 ἐκ
1482 1607 1532 1666 γ’.
1586 1608 1659 1651 καὶ
1683 1609 1736 1651 ἀ·-

285 1677 541 1732 νισταμένων
577 1680 662 1722 τῶν
687 1682 896 1734 βασιλέων
923 1676 1006 1722 cino
1035 1682 1109 1723 τοῦ
1135 1681 1331 1734 σε’ντζου,
1371 1680 1481 1735 λέγει
1504 1675 1526 1721 ὅ
1557 1674 1734 1734 κράκτης

381 1793 409 1816 ι.
436 1773 498 1816 διὰ
525 1782 594 1817 τοῦ
617 1779 832 1831 ῥυσαμένου
857 1782 912 1818 ed.
1007 1796 1063 1822 20.
1088 1783 1196 1826 Θεοῦ,
1219 1781 1328 1831 ἡμῶν
1352 1781 1407 1816 ed.

282 1875 468 1921 potentiae
484 1889 495 1909 .-
523 1888 544 1910 0
560 1875 818 1911 sanctissima!
841 1874 943 1924 quod
968 1876 1083 1923 ipsam
1100 1876 1224 1910 oriens
1253 1886 1298 1910 ex
1320 1873 1397 1909 alto
1427 1872 1563 1908 invisit
1589 1882 1659 1919 per
1673 1879 1733 1912 te,

283 1922 328 1956 Ν.
354 1922 578 1967 Imperator,
605 1925 672 1968 qui
690 1924 867 1957 amavisti
890 1923 1073 1957 iustitiam
1095 1932 1130 1957 et
1155 1932 1287 1957 unctus
1311 1933 1349 1956 es
1367 1922 1448 1956 oleo
1468 1927 1597 1954 sancto
1615 1931 1638 1952 a
1656 1918 1736 1952 Do-

284 1969 413 2002 mino!
439 1970 591 2004 civitati
614 1981 689 2016 pax
707 1981 774 2015 per
792 1982 890 2008 eum,
915 1972 982 2017 qui
1005 1971 1172 2015 captivos
1194 1970 1239 2003 ab
1257 1969 1419 2003 inimicis
1441 1965 1639 2004 liberavit,
1667 1962 1736 1997 do-

286 2023 378 2048 nata
396 2023 459 2049 est.
508 2016 608 2062 (111.)
634 2017 862 2061 Apelaticum
887 2018 966 2049 toni
983 2016 1056 2049 obl.
1091 2017 1162 2050 IV:
1200 2015 1344 2050 Gaudet
1375 2014 1498 2053 orbis,
1536 2013 1684 2045 intuens
1699 2018 1734 2045 te

279 2064 540 2106 Imperatorem
555 2064 820 2110 Dominamque
835 2089 844 2101 .
885 2064 1049 2098 laetatur
1073 2064 1158 2098 urbs
1183 2071 1272 2102 tua,
1312 2074 1335 2094 a
1356 2062 1435 2095 Deo
1461 2066 1636 2092 coronate
1665 2057 1709 2091 Ν.
1718 2082 1735 2097 ,

282 2110 443 2144 exsultat
461 2108 567 2151 ordo,
589 2118 624 2143 te
645 2110 790 2144 ordinis
802 2111 1042 2146 institutorem
1069 2109 1226 2149 videns,
1247 2108 1386 2155 felicia
1409 2114 1552 2151 sceptra
1572 2112 1677 2158 sunt,
1699 2111 1736 2138 te

283 2157 542 2202 sceptrigerum
573 2165 695 2190 nacta.
746 2159 864 2192 Ornas
900 2159 996 2191 enim
1027 2156 1197 2190 thronum
1210 2164 1391 2202 paternae
1415 2155 1618 2187 maiestatzs
1654 2161 1736 2183 cum

284 2205 451 2247 Augusta
465 2227 474 2243 ,
504 2202 671 2237 emittens
694 2203 920 2250 splendorem
940 2204 1028 2237 boni
1054 2201 1222 2243 ordinis,
1248 2212 1364 2248 quare
1381 2213 1448 2246 per
1462 2209 1496 2234 te
1521 2198 1737 2234 exhilarata

287 2261 347 2285 res
367 2249 517 2294 publica
535 2250 682 2295 imperii
704 2251 759 2283 tui
775 2250 869 2286 diem
887 2251 1058 2285 celebrat.
1073 2250 1198 2283 Postea
1217 2254 1380 2281 cantores
1394 2247 1538 2279 dicunt:
1564 2245 1735 2284 Domine,

286 2307 398 2331 serva
420 2296 597 2331 Dominus
616 2297 880 2340 Romanorum3
906 2297 1062 2342 populus
1081 2301 1159 2329 ter:
1187 2297 1363 2335 Domine,
1389 2305 1511 2329 serva.
1537 2293 1737 2327 cantores:

285 2343 457 2383 Domine,
481 2355 626 2379 servan
643 2351 678 2378 te
699 2353 912 2385 coronatos;
937 2344 1093 2389 populns
1112 2348 1185 2377 ter:
1208 2344 1377 2382 Domine,
1401 2352 1523 2376 serva.
1547 2339 1736 2374 cantores:

286 2391 442 2424 Domine
454 2415 464 2431 ,
489 2402 599 2427 serva
616 2390 791 2426 Dominos
809 2404 886 2426 cum
901 2393 1070 2438 Augustis
1094 2390 1311 2435 coniugibus
1335 2398 1370 2423 et
1418 2385 1716 2438 orphyrogenitig
1727 2395 1740 2427 ς

287 2437 447 2484 populus
464 2441 530 2471 ter.
578 2437 768 2471 cantores:
794 2440 962 2480 Domine,
979 2449 1099 2472 serva.
1148 2436 1254 2483 (lv.)
1282 2436 1374 2469 Dein
1403 2446 1422 2468 e
1442 2434 1579 2469 Prasini
1600 2441 1740 2475 exmpl-

289 2489 369 2526 unt,
389 2485 454 2530 qui
471 2490 664 2530 postquam
684 2485 868 2528 finierunt,
893 2491 1055 2518 cantores
1074 2484 1226 2517 duarum
1242 2483 1440 2516 factionum
1465 2480 1575 2514 simul
1592 2479 1737 2512 dieunt:

288 2533 374 2567 Hoc
402 2534 610 2580 imperium,
632 2534 810 2573 Domine,
847 2534 1047 2581 confirma3
1079 2530 1204 2564 eadem
1231 2529 1388 2575 populus
1416 2534 1481 2562 ter.
1542 2527 1736 2560 cantores:

287 2579 444 2624 Spiritus
473 2580 722 2620 sanctissime,
755 2582 937 2626 Augustas
973 2589 1092 2621 τηεν-ες
1125 2578 1282 2623 populus
1313 2577 1492 2609 similiter.
1542 2573 1735 2607 cantores:

287 2627 413 2661 Mater
432 2628 502 2662 Dei
523 2629 655 2667 nostri,
679 2638 790 2662 serva
805 2628 1144 2674 porphyrogenit053
1161 2625 1318 2670 populus
1339 2623 1517 2656 similiter.
1541 2621 1736 2656 cantores:

287 2673 460 2715 Domine,
485 2677 604 2710 vitam
618 2686 741 2709 eorum
752 2686 820 2720 per
836 2684 997 2709 nostram
1011 2674 1128 2708 vitam
1143 2685 1153 2716 ς
1176 2671 1302 2705 eadem
1312 2670 1468 2716 populus
1488 2673 1552 2701 ter.
1578 2667 1739 2720 Sargen·

289 2718 388 2754 tibus
408 2722 574 2756 Dominis
595 2731 616 2754 a
635 2721 740 2763 solio,
761 2721 850 2755 dicit
866 2727 1000 2755 cantor:
1013 2722 1147 2764 Nana3
1166 2725 1203 2752 et
1225 2719 1407 2764 incipiunt
1426 2716 1519 2750 duae
1538 2713 1730 2748 facnones:
