1878 3112
302 84 412 152 342
571 103 931 156 CONSTAerNl
971 104 1457 150 PoRPHYRoGENm

300 205 514 260 διέρχεται
540 203 611 247 διά
641 206 725 247 τῶν
754 206 1013 260 διαβατικῶν
1040 207 1118 248 τοῦ
1144 206 1393 264 τρικόγχου,
1423 207 1581 263 ᾱψίδος
1606 221 1655 256 τε
1681 207 1755 252 καὶ

299 272 372 326 τῆς
402 269 590 326 δάφνης,
640 271 713 312 καί
748 267 974 328 ἀνέρχεται
1013 271 1084 314 διὰ
1112 275 1190 315 τοῦ
1225 275 1434 328 μυστικοῦ
1461 275 1635 328 κοχλιοῦ
1661 267 1751 317 ἅνω

300 339 348 380 ἐν
374 342 460 387 τοῖς
498 342 831 392 παρακυπτικοῖς
858 340 938 379 τοῦ
976 341 1249 392 καθίσματος.
1305 340 1426 397 ἧνίκα
1454 341 1502 383 δὲ
1528 341 1697 396 γένηται
1723 336 1754 396 ἧ

300 398 444 444 ἅπασα
468 402 775 458 παρετοιμασία
803 404 849 445 ἐν
876 404 933 461 τῷ
961 402 1129 462 ἱππικῷ,
1161 407 1283 462 δηλοῖ
1305 406 1330 448 ὅ
1356 408 1432 462 τῆς
1458 403 1755 455 καταστάσεως

299 469 360 525 τῷ
386 467 667 526 πραιποσίτῳ,
704 465 893 520 κάκεῖνος
920 473 979 528 τῷ
1005 474 1183 524 βασιλεῖ.
1241 469 1264 513 ὅ
1294 473 1347 514 δὲ
1372 469 1575 525 βασιλεὺς
1602 471 1778 527 narbo-5

297 550 423 589 χεται
451 532 521 576 διὰ
550 536 625 591 τῆς
653 536 817 592 λιθίνης
844 537 1003 586 σκάλας
1030 536 1102 579 καὶ
1125 540 1235 592 λέγει
1261 538 1316 596 τῷ
1345 538 1606 596 πραιποσίτῳ
1648 535 1754 592 „1564-

298 599 649 655 μεταστάσιμον·”
677 598 864 653 κάκεῖνος
893 604 1002 658 λέγει
1029 601 1221 659 μεγάλως
1248 605 1624 658 ,,μεταστάσιμον.”
1680 604 1756 646 καί

297 664 559 717 εἰσελθόντος
585 670 662 710 τοῦ
687 667 895 723 βασιλέως
915 670 960 711 ἐν
987 671 1047 728 τῷ
1074 673 1239 714 κοιτῶνι
1267 667 1424 724 αὐτοῦ,
1452 674 1752 727 προσκαλεῖται

299 729 322 774 ὅ
359 732 636 790 πραιπόσιτος
673 733 774 784 τούς
810 735 1087 793 βεστήτορας,
1139 739 1216 779 καί
1251 734 1510 787 εἰσελθόντες
1549 733 1752 792 περιβάλ-

259 803 421 843 Ολουσι
455 798 531 855 τὴν
562 801 743 855 χλανίδα
780 800 855 844 τὸν
892 804 1094 857 βασιλέα,
1139 800 1218 846 εἷθ’
1262 799 1397 853 οὕτως
1415 843 1417 846 .
1437 804 1638 860 στέφεται
1664 799 1803 844 minoto

296 868 374 907 τοῦ
401 868 705 923 πραιποσίτου,
733 870 808 910 καί
832 870 1046 924 ἐξέρχεται
1074 866 1157 911 cim}
1186 871 1264 912 τοῦ
1292 870 1505 923 κοιτῶνος,
1536 866 1755 925 δηριγευό-

295 947 421 985 μενος
447 931 532 974 ὑπὸ
563 935 646 976 τῶν
670 931 888 990 ἀρχόντων
915 937 994 978 τοῦ
1021 935 1339 991 κουβουκλείου,
1369 937 1443 978 καί
1464 932 1595 984 ἑστώς
1621 935 1668 977 έν
1694 936 1756 991 τῷ

294 1000 411 1058 μέσῳ
435 1001 512 1041 τοῦ
540 1002 715 1054 στενοῦ,
753 1001 866 1043 νεύει
893 1002 951 1060 τῷ
978 1003 1238 1062 πραιποσίτῳ
1254 1035 1266 1058 ,
1308 1003 1494 1052 κιῖκεῖνος
1517 1002 1578 1060 τῷ
1609 999 1754 1044 ὄστια-

294 1067 398 1124 ρι’ῳ,
441 1061 626 1116 κᾶκεῖνος
653 1066 812 1121 εἰσάγει
844 1067 942 1124 τούς
970 1070 1232 1124 πατρικίους·
1259 1067 1307 1111 τὸ
1335 1070 1382 1111 δὲ
1408 1070 1536 1125 βῆλον
1566 1069 1642 1123 τῆς
1669 1065 1752 1108 7115-

297 1133 397 1186 λης,
430 1132 488 1172 δι’
514 1125 566 1187 ἧς
605 1133 892 1188 εἰσέρχονται,
921 1134 1194 1191 σιλεντιάριος
1225 1133 1355 1191 αἴρει.
1412 1130 1675 1182 εἰσελθόντες
1703 1130 1804 1174 ὃὲῐό

295 1196 336 1240 οἱ
379 1198 590 1254 πατρίκιοι
630 1197 738 1252 μετὰ
765 1201 851 1241 τῶν
890 1202 1132 1256 στρατηγῶν
1169 1203 1392 1256 πίπτουσι,
1434 1202 1508 1243 καί
1543 1195 1752 1241 ἀναστάν-

99 1275 166 1310 Ms.
182 1273 405 1322 ι39.1)των,
454 1262 567 1307 νεύει
611 1263 633 1306 ὃ
673 1264 875 1318 βασιλεύς
924 1268 982 1324 τῷ
1027 1269 1315 1325 πραιποσίτῳ,
1364 1267 1437 1309 καὶ
1475 1266 1595 1321 λέγει
1650 1279 1751 1319 ,,κε-

293 1330 510 1373 λεύσατε·”
565 1326 690 1373 mirol
717 1332 764 1373 δὲ
790 1330 1094 1387 ὖπερεύχονται
1121 1331 1166 1376 τὸ
1225 1335 1315 1387 ,,εἰς
1342 1331 1519 1382 πολλοὺς
1545 1332 1618 1373 καί
1644 1330 1750 1386 ἄγα-

291 1396 400 1446 θοὺς
423 1395 640 1452 χρόνους.”
695 1400 768 1440 καί
792 1399 952 1441 ἐκεῖθεν
980 1397 1295 1456 δηριγευόμενος
1322 1397 1344 1442 ὅ
1371 1395 1568 1454 βασιλευς
1595 1395 1678 1439 ‘rino'
1706 1411 1750 1439 τε

292 1464 378 1507 τῶν
419 1462 642 1518 ἀρχόντων
670 1465 748 1506 τοῦ
785 1467 1077 1519 κουβουκλείου
1093 1497 1105 1519 ,
1146 1468 1377 1523 πατρικίων
1403 1480 1447 1507 τε
1471 1462 1545 1506 καὶ
1568 1475 1801 1520 στρατη-20

291 1532 402 1585 γῶν,
441 1531 655 1586 διέρχεται
692 1532 821 1587 μέχρι
848 1531 922 1574 τοῦ
959 1533 1197 1588 τρικλίνου,
1234 1532 1280 1574 ἐν
1308 1526 1342 1590 ᾧ
1371 1526 1527 1588 ἆριστᾷ
1553 1530 1607 1588 τῇ
1636 1524 1748 1587 αὐτῇ

291 1594 430 1655 ἧμέρᾳ
444 1629 457 1649 ,
486 1594 561 1637 καὶ
582 1597 754 1638 ἵσταται
779 1598 932 1641 ἐκεῖσε·
980 1596 1237 1649 εἰσελθόντες
1264 1601 1311 1642 δὲ
1338 1594 1607 1652 σιλεντιάριοι
1633 1600 1747 1652 τρεῖς

250 1659 326 1719 Βῆ
352 1664 578 1717 τέσσαρες,
615 1661 655 1705 οἱ
693 1664 773 1717 μὲν
800 1669 913 1720 τρεῖς
954 1666 1195 1721 διέρχονται
1233 1659 1408 1707 ὄπισθεν
1444 1664 1519 1718 τῆς
1547 1661 1675 1717 δοχῆς
1702 1661 1748 1703 ἒν

296 1731 356 1787 τῷ
385 1729 506 1786 δεξιῷ
531 1729 678 1785 μέρει,
717 1727 742 1771 ὅ
771 1730 818 1772 δὲ
845 1731 985 1787 ἕτερος
1013 1731 1181 1774 ἵσταται
1201 1732 1356 1785 μέσον,
1384 1727 1458 1772 καί-
1482 1725 1626 1783 λαβιὸν
1652 1728 1747 1770 νεῦ-

289 1812 353 1851 μα
384 1793 407 1837 ὅ
428 1795 710 1852 γπραιπόσιτος
736 1794 851 1853 παρὰ
882 1798 956 1839 τοῦ
994 1797 1228 1854 βασιλέως,
1268 1795 1380 1840 νεύει
1406 1796 1465 1855 τῷ
1493 1791 1647 1837 ἑστῶτι
1668 1792 1799 1848 fui-25

290 1889 360 1924 dit.
410 1889 589 1924 Omnibus
628 1895 748 1925 autem
780 1891 826 1925 ad
858 1895 1026 1939 equestre
1057 1895 1244 1939 'certamen
1277 1890 1438 1936 paratis,
1467 1889 1743 1924 cerimoniarius

288 1936 331 1970 id
355 1938 587 1982 praeposito,
625 1937 686 1972 hic
710 1939 923 1983 Imperatori
959 1938 1108 1972 indicat.
1155 1938 1355 1983 Imperator
1384 1947 1450 1981 per
1484 1937 1613 1970 scalam
1644 1936 1743 1982 lapi-

289 1981 396 2016 deam
421 1983 628 2026 descendit,
667 1996 708 2018 ac
732 1987 938 2030 praeposito
964 1984 1076 2019 dicit:
1115 1985 1308 2020 Solennem
1334 1994 1539 2018 consessum
1568 1983 1742 2026 institue;

289 2029 393 2075 quod
418 2032 449 2063 is
475 2030 571 2064 elata
594 2042 682 2064 voce
707 2033 850 2077 repetit.
902 2031 1119 2066 Cubiculum
1146 2043 1230 2065 vero
1261 2042 1366 2064 suum
1390 2035 1432 2063 ut
1455 2030 1638 2075 ingressus
1663 2034 1741 2071 est,

288 2077 518 2122 praepositus
535 2077 725 2111 vestitores
747 2079 914 2120 arcessit,
940 2085 974 2113 et
994 2078 1146 2124 ingressi
1164 2078 1288 2111 tunica
1296 2077 1553 2122 Imperatorem
1570 2075 1742 2117 induunt,

288 2128 374 2169 post
396 2134 417 2156 a
440 2123 648 2168 praeposito
685 2130 878 2158 coronatur
895 2150 906 2166 ,
943 2137 1010 2171 per
1042 2124 1269 2165 cubiculum,
1305 2135 1327 2156 a
1350 2123 1544 2168 praefectis
1570 2123 1648 2157 eius
1673 2123 1742 2156 sti-

289 2175 419 2215 patus,
444 2170 625 2215 egreditur
650 2171 762 2217 inque
789 2171 910 2205 medio
935 2177 1107 2217 angustae
1131 2171 1291 2216 porticus
1316 2171 1536 2204 constitutus
1551 2194 1561 2210 ,
1585 2180 1742 2215 praepo-

290 2217 394 2258 sitos
420 2216 452 2250 is
476 2217 624 2250 ostiario
658 2218 798 2262 signum
826 2217 911 2260 dat,
948 2220 1010 2265 qui
1045 2218 1216 2263 patricios
1249 2217 1272 2250 d
1301 2216 1384 2250 inde
1417 2216 1584 2260 adducit3
1619 2217 1742 2250 velum

288 2269 440 2309 portae,
478 2275 551 2310 qua
575 2263 850 2309 ingrediuntur,
884 2265 1108 2299 silentiarius
1141 2264 1251 2302 tollit,
1298 2264 1466 2309 Dumque
1504 2264 1643 2297 intrant
1674 2272 1740 2308 pa·-

286 2311 388 2344 tricii
411 2321 491 2344 cum
514 2311 702 2356 strategis,
725 2311 978 2356 procumbunt,
1002 2317 1039 2345 et
1064 2311 1121 2345 his
1148 2310 1389 2356 surgentibus,
1408 2311 1607 2356 Imperator
1629 2321 1740 2355 prae-

286 2357 409 2402 posito
435 2357 582 2402 signum·
600 2357 686 2399 dat,
711 2358 740 2391 is
769 2357 869 2392 dicit:
890 2359 1032 2402 labem
1072 2358 1142 2404 ipsi
1176 2357 1274 2391 bona
1308 2368 1350 2390 ac
1382 2358 1554 2392 diuturna
1577 2362 1740 2402 tempora

287 2409 537 2449 apprecantur.
585 2404 674 2438 Inde
699 2405 891 2450 praefectis
916 2405 1105 2446 cubiculo,
1131 2405 1295 2451 patriciis
1317 2410 1354 2438 et
1373 2406 1539 2450 strategis
1559 2405 1739 2438 comitan-

286 2450 426 2493 tibus,v
445 2449 494 2484 ad
518 2452 738 2492 triclinium,
773 2453 812 2486 in
837 2464 910 2499 quo
937 2464 979 2486 eo
1004 2452 1064 2486 dic
1088 2452 1293 2486 convivium
1326 2451 1507 2492 celebrat,
1543 2450 1675 2484 transit
1696 2461 1739 2484 ac

287 2497 343 2532 ibi
370 2497 555 2540 subsistit3
580 2497 774 2532 silentiarii
792 2504 863 2533 tres
888 2505 950 2533 aut
966 2505 1122 2545 quatuor
1142 2499 1297 2539 intrant,
1323 2509 1343 2533 e
1367 2498 1500 2545 quibus
1527 2501 1617 2538 tres,
1639 2507 1736 2541 pone

285 2545 510 2590 excipientes
534 2545 813 2590 Imperatorem,
842 2547 887 2580 ad
914 2546 1078 2580 dextram
1103 2545 1374 2591 digrediuntur,
1407 2555 1500 2579 unus
1527 2545 1567 2580 in
1590 2543 1735 2584 medio,

287 2592 514 2632 consistunt,
556 2598 594 2627 et
616 2597 808 2639 postquam
835 2595 1062 2638 praepositus
1090 2593 1230 2638 signum
1255 2592 1301 2625 ab
1326 2593 1544 2638 Imperatore
1575 2591 1735 2635 accepit,

289 2638 492 2672 silentiario
517 2638 556 2672 iu
584 2638 705 2673 medio
741 2640 931 2674 comitatus
976 2640 1202 2685 imperatorii
1241 2640 1438 2673 constituto
1476 2639 1618 2684 signum
1652 2636 1733 2676 dat,

291 2685 356 2731 qui
382 2685 502 2722 velum
525 2686 728 2732 ingrcsnu,
754 2697 840 2722 voce
865 2687 959 2723 elata
984 2687 1094 2722 dicit:
1128 2686 1252 2728 Lava,
1292 2691 1329 2721 et
1352 2685 1646 2721 cerimoniarium
1668 2681 1736 2718 ad·
