1878 3112
249 150 276 205 7
289 129 362 185 56
522 146 882 190 CONSTANTml
931 132 1418 189 P'on'PnYRooENrn

221 296 223 298 ,
249 249 476 307 δομεστίκῳ
506 244 595 301 ἅμα
625 249 709 290 τῶν
737 249 910 301 ψαλτῶν
939 244 1134 290 ἁπάντων
1162 250 1363 303 στιχίζειν
1391 246 1463 291 ἐπὶ
1489 239 1699 304 τῆς”’δεξι“-’

249 319 300 366 ἅς
325 317 484 363 θέσεως
510 316 593 356 τῶν
621 315 813 368 τερπνῶν
835 310 1092 368 ἆκουβίτων·
1146 316 1204 372 τῷ
1231 315 1278 356 δὲ
1307 311 1432 372 ἑτέρῳ
1470 315 1699 375 δομεστιὸτῳ

251 379 394 425 αὐτῶν
422 379 502 423 σύν
531 376 730 435 ὀρφανῶν
755 378 973 433 ἁπάντων,
1021 381 1096 421 καί
1124 378 1255 422 αὐτὸν
1282 379 1354 422 ἐπὶ
1377 378 1455 422 τοῦ
1480 376 1699 432 εὗωνύμου

214 447 363 490 Dum&
393 444 615 501 πρόσωπον
643 446 802 496 θέσεως
824 440 951 501 οὔσης
971 447 1052 488 τῶν
1081 442 1317 501 ἆκουβίτων
1344 449 1560 501 στιχίζειν·
1617 447 1704 489 εἷσε

251 514 368 568 ἀγειν
407 514 454 555 δὲ
494 510 652 560 αὐτούς
692 513 764 568 ἐφ’
803 509 1015 568 ἑκατέρων
1055 514 1138 554 τῶν
1175 514 1317 570 μερῶν
1358 507 1487 568 ἄμφω
1528 511 1606 554 σύν
1649 514 1728 570 τῇ5

253 576 422 636 ἐὐλογίᾳ
449 581 526 620 τοῦ
555 578 851 633 πατριάρχου,χ
863 584 1134 634 χοροστατεῑν
1164 575 1353 628 ἅπαντας
1382 577 1489 635 πρὸς
1518 575 1705 635 ἆντίφω-

253 661 326 688 νον
360 645 592 703 μελῳδίαν.
646 643 721 685 καί
761 641 883 700 ἧνίκα
921 646 1006 686 τῶν
1047 643 1080 699 γ’
1123 645 1375 701 οἷντιφωνῶν
1419 643 1708 700 ἧέκφώνησις

255 711 382 766 λήξει,
411 710 573 765 ἐξάγειν
602 708 758 759 αὐτούς
784 712 946 752 ἐκεῖθεν
974 708 1063 764 ἅμα
1091 706 1191 753 ὅθεν
1218 712 1292 753 καί
1319 707 1594 767 ἐληλύθασιν.
1650 710 1708 751 ῶ-

255 777 384 834 ρίσθη
425 779 473 819 δὲ
512 778 584 818 καί
616 774 731 831 παρὰ
775 779 956 826 Λέοντος
994 779 1070 820 τοῦ
1111 774 1362 834 σοφωτάτου
1407 775 1610 819 δεσπότου
1649 778 1708 826 εἷς

255 844 425 886 πλείονα
457 842 584 893 δόξαν
612 844 685 885 καί
711 842 908 898 μεγίστην
938 839 1214 900 εὖχαριστίαν
1241 845 1317 899 τῆς
1342 844 1582 899 περιοδικῆς
1605 841 1762 886 razi-ro

259 914 334 966 της
359 912 432 952 καί
469 909 699 963 σεβασμίου
738 910 820 951 τῶν
848 906 1002 966 ἑορτῶν
1029 910 1238 964 εὐωχίας,
1277 911 1323 952 ἐν
1352 911 1404 967 τῇ
1433 905 1540 966 αὗτῇ
1567 912 1710 951 τελευ-

262 975 361 1034 ταίᾳ
391 978 472 1018 τῶν
500 972 736 1029 ἇκουβίτων
770 974 906 1033 ἡμέρᾳ
937 973 1043 1029 μετὰ
1073 973 1151 1030 τήν
1188 978 1418 1032 περαίωσιν
1444 976 1519 1030 τῆς
1546 977 1712 1029 λεχθεί-

265 1058 342 1097 σης
369 1043 454 1083 τῶν
482 1037 732 1098 ἆντιφωνῶν
761 1038 1162 1098 α’ρχαιοπαραδότου
1192 1043 1329 1096 κοινῆς
1358 1040 1582 1096 μελῳδίας,
1612 1047 1713 1082 συν-’-

62 1107 448 1165 Ει1.1,.438εισάγειν
475 1107 589 1161 ἡμᾶς
615 1109 658 1148 ἐν
686 1109 742 1163 τῷ
775 1108 908 1164 καιρῷ
936 1109 1019 1149 τῶν
1056 1107 1258 1150 δουλκίων
1298 1104 1398 1156 τούς
1425 1103 1461 1148 δ’
1487 1108 1563 1161 τῆς
1587 1107 1715 1161 μεγά-

263 1178 339 1229 λης
365 1173 585 1228 ἐκκλησίας
612 1179 859 1228 περιφανεῖς
875 1173 1157 1226 δομεστύιους,
1189 1170 1379 1228 δηλονότι
1406 1167 1768 1228 ἦμφιεσμένουςιό

262 1237 314 1282 τοὶ
355 1239 486 1280 οἰκεῖα
527 1234 666 1279 αὖτῶν
706 1240 883 1291 καμίσια
928 1237 1000 1280 καί
1041 1237 1223 1294 φελῶνια
1251 1237 1357 1291 μόνα
1394 1238 1469 1279 καί
1492 1237 1608 1295 ἱστᾷν
1635 1238 1716 1279 αὕ-

264 1303 363 1354 τοὺς
391 1305 436 1347 ἐν
463 1305 523 1362 τῷ
549 1306 665 1361 μέσῳ
692 1306 769 1345 τοῦ
800 1304 1072 1360 περιβλέπτου
1113 1302 1322 1360 τρικλίνου
1360 1301 1465 1345 κατὰ
1494 1302 1716 1345 διάστασιν

269 1367 426 1419 οὕτως·
481 1368 555 1412 τὸν
593 1372 672 1423 μὲν
717 1370 752 1411 α’
785 1370 1028 1422 δομέστικον
1064 1371 1137 1425 τῆς
1178 1367 1410 1424 ἑβδομάδος
1438 1367 1546 1411 κατὰ
1585 1371 1715 1423 μέσον

269 1439 354 1479 τῶν
383 1432 646 1491 ἑκατέρωθεν
673 1433 892 1492 τεσσάρων
917 1438 1124 1492 λαμπρῶν
1161 1432 1415 1489 ἇκουβίτων,
1464 1433 1539 1477 τὸν
1567 1437 1614 1478 δὲ
1645 1435 1713 1477 ἄπ’

269 1503 404 1544 αὐτοῦ
435 1500 629 1557 δεύτερον
657 1502 900 1554 δομὲστικον
928 1501 1029 1543 κατὰ
1068 1503 1197 1555 μέσον
1241 1499 1397 1554 ὁμοίως
1421 1503 1505 1543 τῶν
1533 1496 1608 1543 ἀπ’
1636 1500 1772 1543 ati-20

265 1569 347 1611 τῶν
375 1565 411 1610 δ’
440 1565 702 1623 ἑκατέρωθεν
729 1568 934 1622 λαμπρῶν
962 1568 1216 1624 ἀκουβίτων,
1243 1565 1314 1609 τὸν
1343 1569 1389 1609 δὲ
1416 1565 1450 1621 γ’
1480 1567 1721 1621 δομέοτικον

225 1676 227 1679 ,
267 1633 396 1676 πάλιν
435 1631 590 1687 ὁμοίως
626 1632 729 1676 κατὰ
757 1635 887 1687 μέσον
925 1634 1008 1675 τῶν
1036 1634 1108 1674 ἀπ’
1147 1634 1288 1675 αΰτῶν
1325 1629 1581 1689 ἑκατέρωθεν
1613 1636 1722 1686 λαμ-

367 1759 394 1781 ι.
422 1745 607 1781 ἁπάντων
633 1757 699 1780 em.
727 1746 786 1788 R.‚
820 1744 971 1779 ἅπαντα
995 1744 1072 1780 cod.
1103 1749 1150 1780 etv
1175 1743 1232 1780 ed.
1373 1745 1405 1780 3.
1432 1736 1507 1780 σὺν
1537 1741 1722 1791 ὀρφανῶν

360 1805 426 1829 cm.
455 1795 510 1835 R„
536 1795 601 1827 καὶ
625 1792 714 1840 ἀρφ.
743 1793 822 1827 cod.
849 1798 887 1827 et
911 1793 966 1827 ed.

271 1909 504 1943 accubituum
531 1913 622 1950 stat,
663 1919 783 1943 secum
816 1907 999 1955 orphanos
1035 1917 1159 1942 omnes
1191 1905 1344 1947 habeat,
1382 1904 1544 1939 seriatim
1577 1903 1616 1938 in
1649 1913 1723 1936 uno

272 1957 334 1990 filo
373 1961 520 1990 stantes.
578 1956 860 1990 Introducuntur
895 1955 940 1988 ab
977 1960 1131 2001 utraque
1168 1960 1270 2000 parte
1305 1957 1426 1999 partes
1464 1951 1592 1985 ambae
1624 1954 1724 1989 tum,

274 2014 386 2051 quum
413 2002 616 2046 patriarcha
642 2002 937 2037 benedictionem
961 2002 1196 2047 pronuntiat,
1234 2011 1307 2046 quo
1342 1999 1450 2034 simul
1482 2008 1606 2032 omnes
1631 1995 1726 2028 cho-

274 2060 354 2081 rum
381 2050 542 2082 efficiant
566 2055 765 2095 cantusque
790 2051 930 2083 vocales
955 2050 1149 2082 alternent.
1197 2047 1331 2081 Finitis
1357 2046 1474 2079 tribus
1500 2041 1726 2087 antiphonis,

276 2095 478 2128 educuntur
502 2096 611 2129 simul
636 2109 757 2130 rursus
783 2097 923 2137 eodem,
943 2095 1039 2128 unde
1060 2099 1246 2128 venerant.
1289 2091 1585 2137 sapientissimus
1603 2095 1726 2123 autem

275 2140 451 2175 Dominus
477 2148 598 2176 noster
623 2144 708 2184 Leo,
734 2155 806 2188 quo
833 2144 1005 2175 maiorem
1019 2141 1168 2185 gloriam
1195 2143 1549 2182 consummatamque
1574 2136 1726 2181 gratiam

277 2189 544 2222 anniversariae
570 2189 655 2222 huic
681 2194 718 2222 et
741 2189 943 2223 venerabili
967 2199 1032 2232 per
1067 2188 1143 2221 dies
1178 2187 1288 2220 festos
1325 2184 1574 2219 convivationi
1612 2182 1728 2216 adde-

279 2241 354 2276 ret,
380 2237 591 2276 constituit,
619 2240 660 2268 ut
683 2235 752 2268 hoc
776 2241 958 2279 postremo
985 2233 1217 2267 accubituum
1243 2232 1303 2265 die
1322 2237 1406 2277 post
1429 2232 1590 2272 finitam,
1617 2228 1728 2277 q‘uam

279 2282 458 2323 diximus,
491 2282 748 2315 alternantium
775 2287 811 2314 et
835 2282 906 2315 sibi
932 2280 1229 2325 respondentium
1255 2277 1451 2312 chororum
1478 2277 1580 2311 illam
1606 2280 1730 2310 a'ma-

279 2327 419 2363 ion-ibus
445 2328 491 2361 ad
509 2323 579 2361 'nos
604 2334 837 2374 propagatam
870 2328 1156 2362 modulationem
1191 2325 1505 2359 introduceremus
1539 2323 1607 2358 sub
1633 2327 1729 2357 tem-

279 2387 347 2421 pus
374 2374 574 2409 dulciorum
599 2381 755 2421 quatuor
788 2386 937 2421 magnae
971 2374 1144 2408 ecclesiae
1179 2373 1340 2406 illustres
1378 2371 1618 2410 domesticos,
1653 2369 1728 2403 suis

281 2422 439 2455 camisiis
465 2427 502 2455 et
525 2421 707 2466 pheloniis
733 2427 875 2455 tantum
900 2421 1068 2462 indutos,
1093 2431 1227 2466 eosque
1254 2419 1292 2452 in
1318 2419 1439 2452 medio
1465 2415 1756 2464 praefulgentis-

281 2469 437 2502 triclinii
462 2467 508 2501 ad
533 2469 692 2514 aliquam
717 2480 737 2501 a
771 2475 886 2504 semet
918 2468 1129 2502 distantiam
1164 2467 1456 2511 disponeremus,
1494 2465 1564 2499 hoc
1590 2462 1728 2509 modo:

282 2516 442 2561 primum
469 2515 617 2561 quidem
640 2515 896 2557 domesticum,
935 2521 971 2549 et
996 2516 1060 2561 qui
1087 2525 1129 2548 ea
1162 2513 1362 2558 septimana
1396 2512 1518 2550 officio
1542 2510 1729 2554 fungitur,

281 2563 321 2596 in
347 2562 467 2595 medio
494 2567 651 2608 quatuor
675 2563 868 2608 utrinque,
902 2562 941 2596 id
967 2568 1022 2596 est
1045 2561 1214 2595 binarum
1238 2571 1259 2592 a
1285 2560 1412 2605 quavis
1437 2560 1577 2605 parte‚'
1598 2556 1730 2600 splen-

282 2608 448 2643 didarum
474 2619 492 2640 a
521 2609 683 2643 Dominis
711 2611 954 2655 proximarum
980 2619 1202 2650 mensarum;
1227 2607 1432 2652 proximum
1458 2604 1503 2637 ab
1530 2615 1573 2638 eo
1600 2613 1731 2636 secun-

283 2655 369 2688 dum
396 2655 632 2689 domesticum
657 2657 792 2702 pariter
816 2657 855 2689 in
880 2656 1000 2689 medio
1027 2656 1180 2689 aliarum
1205 2654 1278 2687 illis
1304 2654 1552 2699 proximarum
1571 2654 1732 2696 quatuor

282 2700 555 2748 splendidarum
580 2713 804 2743 mensarum,
830 2703 869 2735 id
894 2708 947 2735 cst
973 2703 1124 2748 quintae
1152 2712 1264 2747 usque
1290 2700 1335 2732 ad
1361 2705 1540 2738 octavam3
1576 2695 1731 2730 tertium

283 2749 519 2783 domesticum
544 2751 681 2795 pariter
706 2750 744 2784 in
771 2750 890 2785 medio
917 2754 1073 2796 quatuor
1110 2748 1182 2783 illis
1215 2747 1458 2794 proximarum
1493 2744 1538 2777 ab
1572 2748 1729 2787 utraque

1865 3019 1878 3066 ,ε
