1884 3112
847 0 882 37 1

282 106 302 144 1
315 83 387 141 50
548 103 909 147 CONSTANTlNl
947 99 1436 154 Ponrnmofflmm

274 207 444 256 ἕκαστος
483 206 622 248 αὐτῶν
661 205 927 262 διερχόμενος
969 201 1051 246 ἀπὸ
1090 206 1164 260 τῆς
1191 206 1377 254 στάσεως
1405 202 1564 250 αὖτοῦ·
1615 208 1721 260 πλη-

277 269 448 331 ροῦντος
474 270 554 327 γάρ
583 273 658 313 τοῦ
685 269 794 323 ἑνὸς,
825 264 1004 326 ἄρχεται
1033 269 1054 312 ὅ
1090 273 1255 327 ἕτερος·
1312 268 1491 313 διελθών
1519 271 1565 312 δὲ
1593 269 1615 313 ὅ
1641 274 1722 337 Ba:

276 336 418 386 σιλεύς
452 340 623 392 πλησίον
665 339 743 378 τοῦ
778 338 912 387 κίονος
958 338 1035 378 τοῦ
1073 339 1264 390 κειμένου
1303 339 1533 393 ἐγκαρσίως
1580 337 1625 379 ἐν
1663 353 1719 394 τῳ

274 402 524 459 πληρώματι
552 405 630 443 τοῦ
657 401 858 456 ἐμβόλου,
899 404 1066 456 δέχεται
1093 404 1224 444 ἐκεῖσε
1252 401 1324 445 τὸν
1350 401 1618 459 πατριάρχην
1643 418 1720 456 με-

274 468 328 511 τά
359 471 431 524 τῆς
471 472 605 524 λιτῆς,
653 467 796 522 λαβών
833 471 879 511 δὲ
919 470 1044 524 κηρία
1092 468 1208 524 παρὰ
1239 471 1317 510 τοῦ
1344 471 1620 525 πραιποσίτου
1649 469 1746 514 καί5

274 534 510 588 εὐξάμενος,
540 536 782 578 ἐπιδίδωσιν
806 533 918 577 αὐτὰ
948 534 1075 577 πάλιν
1101 538 1156 592 τῷ
1186 537 1461 594 πραιποσίτῳ,
1489 537 1564 577 καί
1589 549 1720 591 προσ-

272 600 454 656 κυνήσας
481 599 527 642 τὸ
557 596 764 657 ἄχραντον
793 599 1030 656 εὕαγγέλιον
1058 600 1131 642 καί
1153 599 1222 643 τὸν
1255 603 1391 654 τίμιον
1414 599 1620 657 σταυρὸν,
1647 603 1723 643 καί

226 665 395 719 Βπάλιν
425 668 784 723 προσκυνήσαντες
813 665 1048 724 ἀμφότεροι
1075 667 1294 723 ἀλλήλους,
1322 664 1404 720 ὅ,τε
1433 665 1634 722 βασιλεύς
1648 664 1724 708 καὶ

273 734 295 780 ὅ
326 733 593 790 πατριάρχης
617 737 691 776 καί
716 733 1034 788 ἀσπασάμενοι,
1074 735 1280 788 λαμβάνει
1311 732 1332 775 ὃ
1367 731 1568 787 βασιλεῦς
1601 731 1720 791 παρὰ

272 803 350 843 τοῦ
376 803 651 857 πραιποσίτου
677 802 819 856 κηρίον
851 803 1090 854 λιτανίκιον,
1123 800 1197 842 καὶ
1222 800 1495 855 ὑποστρέψας
1504 833 1521 853 ,
1559 801 1776 856 διέρχε-ιο,

273 884 346 911 ται
381 866 453 911 διά
493 869 570 909 τοῦ
610 864 745 910 αῧτοῦ
785 866 989 921 ἐμβόλου.
1050 863 1230 922 ἄρχεται
1274 867 1320 908 δὲ
1354 864 1375 908 ὃ
1417 867 1492 922 τῆς
1517 866 1726 908 καταστά-

273 950 398 984 σεως·
447 941 602 990 ,,χαῖρε
635 936 948 990 κεχαριτωμένη
990 933 1168 976 Θεοτόκε
1206 934 1441 990 παρθένε·”
1495 932 1725 987 ψάλλοντες

275 1002 322 1051 δὲ
358 999 406 1042 τὸ
439 996 540 1042 αὐτὸ
584 1000 810 1056 τροπάριον
847 999 886 1043 οἱ
927 1003 1003 1056 τῆς
1028 999 1310 1056 προελεύσεως
1344 995 1544 1053 ἅπαντες,
1589 999 1725 1052 εἰσέρ-

270 1083 419 1122 χονται
447 1067 491 1109 ἐν
514 1069 570 1124 τῷ
599 1067 781 1123 νάρθηκι
809 1069 885 1110 τοῦ
909 1068 1094 1121 μεγάλου
1118 1068 1251 1119 ναοῦ,
1276 1064 1351 1107 καί
1377 1063 1399 1106 ὅ
1429 1067 1508 1119 μὲν
1525 1063 1726 1119 βασιλεύς

276 1135 501 1196 καθέζεται
531 1132 603 1175 ἐπὶ
633 1135 796 1175 σελλιόυ
825 1134 869 1176 ἒν
893 1136 950 1192 τῷ
986 1130 1187 1188 νάρθηκι,
1217 1133 1462 1186 προσμένων
1485 1132 1638 1186 μέχρις
1670 1126 1775 1172 ἂνιό

91 1211 156 1248 Ed.
169 1210 209 1245 L.
225 1215 270 1257 89
282 1199 499 1257 καταλάβῃ
533 1198 555 1240 ὃ
579 1199 842 1255 πατριάρχης
862 1194 970 1252 μετά
997 1201 1071 1254 τῆς
1094 1200 1222 1253 λιτῆς,
1258 1197 1296 1240 οἱ
1334 1199 1379 1239 δὲ
1409 1199 1619 1254 πατρίκιοι
1651 1197 1726 1239 καί

275 1264 302 1322 ἦ
333 1264 558 1321 σύγκλητος
590 1267 849 1322 εἰσέρχονται
871 1266 945 1307 καί
973 1266 1167 1306 ἵστανται
1197 1265 1242 1306 έν
1271 1266 1330 1322 τῷ
1359 1265 1466 1322 ναῷ,
1508 1261 1566 1312 αἷς
1591 1264 1638 1306 δὲ
1664 1260 1725 1304 εἴ-

98 1336 426 1386 Με.74.1)θισται
467 1333 638 1386 αὐτοῖς,
673 1333 971 1388 προσμένοντες
1009 1329 1081 1373 τὸν
1120 1331 1321 1384 βασιλέα..
1370 1330 1478 1388 (Δ.)
1523 1331 1724 1371 ,Καταλαε

274 1397 418 1454 βόντος
446 1399 491 1440 δὲ
520 1400 596 1440 τοῦ
628 1397 893 1454 πατριάρχου
929 1396 1034 1451 μετά
1065 1399 1137 1452 τῆς
1164 1398 1303 1452 λιτῆς,
1347 1395 1565 1438 ἀνίσταται
1593 1394 1615 1437 ὅ
1643 1398 1725 1449 βα.-

275 1463 439 1519 σιλεύς,
477 1465 551 1507 καί
590 1463 946 1520 προσκυνήσαντες
979 1462 1209 1520 ἀμφότεροι
1241 1460 1456 1518 ἀλλήλους,
1487 1457 1568 1515 δ’,τε
1598 1465 1777 1516 βασι-,ο

276 1529 375 1579 λεὺς
397 1531 471 1572 καί
500 1527 520 1571 ὃ
554 1530 842 1586 πατριάρχης,
882 1526 1140 1586 ἀπέρχονται
1170 1526 1405 1585 ἀμφότεροι
1429 1529 1504 1570 καί
1529 1529 1724 1570 ἵστανται

277 1599 322 1640 ἐν
342 1599 392 1655 τῇ
418 1593 526 1654 πύλῃ
559 1599 636 1639 τοῦ
659 1597 843 1651 μεγάλου
872 1598 997 1639 ναοῦ.
1054 1598 1127 1639 καί
1153 1593 1386 1652 ἀρξάμενος
1410 1591 1432 1636 ὃ
1459 1592 1724 1649 πατριάρχης

278 1662 355 1719 τὴν
383 1659 514 1720 εὖχὴν
537 1664 612 1719 τῆς
642 1661 808 1706 εἰσόδου
831 1665 903 1719 τῆς
926 1665 1047 1711 θείας
1072 1663 1347 1718 λειτουργίας,
1375 1657 1517 1716 λαβών
1547 1658 1571 1700 ὅ
1598 1662 1724 1715 βασις

373 1788 404 1812 2-
431 1768 509 1823 γὰρ
539 1787 606 1811 orn.
631 1777 686 1811 ed.

283 1890 369 1923 dum
395 1891 532 1923 interea
560 1891 712 1925 duarum
736 1890 935 1925 factionum
962 1897 1124 1925 cantores
1150 1891 1289 1924 iambos
1324 1890 1498 1930 recitant,
1542 1888 1676 1933 singuli
1702 1898 1723 1920 a

279 1938 434 1970 statione
461 1948 525 1969 sua
552 1937 715 1983 digressi,
741 1943 778 1971 et
802 1945 995 1984 postquam
1022 1944 1165 1971 cantum
1191 1948 1283 1970 unus
1309 1937 1438 1977 finivit,
1463 1937 1555 1969 alter
1579 1934 1723 1978 incipit.

278 1985 479 2028 Imperator
504 1990 642 2025 autem,
669 1996 749 2018 cum
775 1996 887 2030 prope
914 1987 1129 2025 columnam,
1155 1984 1194 2017 in
1219 1983 1449 2028 plenitudine
1473 1982 1632 2027 porticus
1658 1981 1726 2014 ob·

279 2030 380 2075 lique
406 2031 580 2074 positam,
620 2033 807 2072 transivit,
848 2031 1090 2076 patriarcham
1124 2042 1203 2062 cum
1240 2029 1470 2074 processione
1495 2028 1550 2062 ibi
1575 2027 1724 2072 excipit,

281 2077 480 2123 sumtisque
506 2088 525 2109 a
550 2078 758 2122 praeposito
785 2079 894 2111 cereis
921 2084 958 2111 et
981 2082 1158 2123 precatus,
1184 2087 1245 2109 eos
1270 2087 1392 2108 rursus
1417 2074 1623 2120 praeposito
1649 2079 1724 2107 tra-

283 2122 350 2166 dit,
375 2129 411 2156 et
435 2129 556 2159 sancto
583 2125 769 2170 evangelio
795 2136 836 2156 ac
860 2124 1064 2158 veneranda
1091 2134 1193 2156 cruce
1217 2121 1380 2163 adorata,
1405 2132 1443 2154 se
1467 2122 1600 2154 iterum
1624 2120 1720 2155 flexo.

282 2181 375 2217 genu
399 2171 597 2215 Imperator
623 2176 660 2204 et
683 2171 886 2216 patriarcha
911 2175 1128 2205 venerantur
1154 2175 1190 2203 et
1215 2169 1435 2210 osculantur,
1461 2180 1532 2215 quo
1558 2167 1676 2209 facto,
1700 2177 1722 2202 a

280 2217 487 2263 praeposito
514 2229 656 2250 cereum
681 2218 984 2263 processionalem
1009 2217 1161 2262 accipit,
1205 2222 1243 2250 et
1277 2226 1439 2250 reversus
1471 2226 1537 2260 per
1569 2214 1723 2248 eandem

280 2264 460 2309 porticum
487 2263 700 2309 digreditur„
747 2266 851 2298 Tunc
873 2276 956 2299 vero
983 2263 1254 2298 cerimoniarius
1281 2261 1435 2307 incipit.-
1471 2263 1606 2302 Salve,
1633 2274 1724 2306 gra-

282 2313 356 2355 tiae
388 2311 500 2358 plena
536 2313 646 2359 Virgo
679 2313 861 2358 Deipara:
906 2311 1004 2358 quod
1029 2311 1227 2355 troparium
1254 2320 1399 2349 omues,
1438 2309 1502 2355 qui
1536 2310 1723 2343 solennem

281 2369 450 2404 pompam
475 2358 684 2399 instituunt,
711 2364 856 2399 canunt,
882 2358 1014 2392 deinde
1040 2357 1247 2391 narthecem
1273 2356 1392 2402 magni
1418 2355 1546 2400 templi
1571 2356 1724 2399 intrant,

283 2404 346 2437 ubi
374 2406 573 2449 Imperator
598 2406 635 2438 iu
660 2404 792 2438 throno
819 2407 858 2438 in
883 2405 1054 2440 nal-thece
1080 2404 1263 2444 considet,
1290 2407 1326 2436 ct
1353 2413 1467 2448 usque
1493 2400 1580 2435 dum
1603 2402 1720 2447 patri-

284 2450 388 2483 archa
428 2463 507 2484 cum
545 2452 687 2486 solenni
715 2453 942 2497 processione
968 2452 1135 2492 advenit,
1173 2455 1376 2496 exspectat,
1407 2450 1551 2494 patricii
1575 2459 1660 2493 vero
1686 2452 1724 2482 et

285 2504 466 2532 senatores
494 2499 652 2540 intrant,
687 2505 723 2532 et
748 2500 786 2532 in
811 2500 970 2544 templo,
996 2505 1037 2534 ut
1061 2499 1149 2544 ipsis
1175 2509 1250 2531 mos
1278 2502 1352 2537 est,
1377 2498 1635 2541 Imperatorem
1661 2505 1724 2529 ex-

285 2550 486 2590 spectantes
503 2572 511 2586 ,
538 2545 748 2579 subsistunt.
808 2547 897 2593 (lv.)
924 2545 1127 2580 Patriarcha
1154 2552 1274 2579 autem
1300 2543 1635 2588 eumprocessione
1659 2553 1725 2586 apf-

284 2592 579 2638 propinquante,
605 2594 802 2638 Imperator
827 2594 961 2638 surgit,
986 2599 1023 2626 et
1046 2598 1130 2639 post
1153 2597 1315 2625 mutuam
1341 2589 1590 2623 adorationem
1615 2587 1724 2632 ambo

288 2637 479 2671 discedunt
504 2639 615 2684 inque
640 2645 743 2684 porta
769 2641 888 2685 magni
913 2641 1040 2686 templi
1066 2644 1173 2677 stant,
1222 2639 1347 2679 Tunc,
1371 2635 1576 2682 patriarcha
1598 2645 1723 2681 preces

287 2685 457 2730 introitus
485 2684 628 2731 (livinae
654 2687 820 2732 liturgiae
847 2685 993 2729 exorso,
1030 2688 1247 2734 Imperator,
1279 2684 1390 2719 cercis
1413 2683 1633 2730 precationis
1663 2690 1726 2726 ξος,
