1832 3112
555 129 979 175 PRAEFATmNFs.
1347 131 1501 173 xxvn

0 249 1 281 ;
50 234 211 276 nemine
234 232 442 283 wadium,
468 233 514 272 in
542 246 623 286 qua
659 240 794 272 tamen
820 247 967 287 magna
991 245 1087 287 pars
1113 233 1247 287 operis
1271 236 1399 275 nostri
1419 246 1580 281 ver-1311
1591 246 1688 282 Lxx

0 324 2 328 ν
49 298 394 355 sami-‚praeclare
409 297 645 351 illustraret3
674 306 714 338 et
735 299 846 353 quod
870 299 966 338 inde
993 298 1241 354 intelligam
1259 301 1358 355 quid
1377 302 1505 354 στέμ-

47 381 130 419 μα,
169 367 268 421 quid
299 364 587 406 camelaucium
601 395 614 416 ,
664 365 763 419 quid
796 366 1119 420 scaramangium
1135 395 1149 418 ,
1190 367 1291 422 quid
1318 367 1474 408 chlanis
1487 399 1501 421 ,

49 433 150 488 quid
177 431 459 478 λευκολέοντες
474 451 490 482 ,·
528 431 630 486 quid
669 431 795 471 tablia
834 431 1008 483 fuerint,
1044 434 1209 473 nomina
1245 448 1320 488 per
1361 449 1505 476 omnes

47 496 216 554 paginas
241 497 335 538 libri
353 499 480 538 nostri
509 512 648 552 sparsa
666 512 678 550 3
709 498 849 537 eadem
871 512 1035 552 quoque
1054 499 1211 551 doceat,
1238 508 1390 555 quanta
1407 516 1502 542 mu-

46 565 148 605 tatio
178 565 287 604 circa
306 563 520 618 dignitates
539 563 737 617 palatinas
766 565 811 603 in
840 563 976 604 aulam
1003 566 1265 619 Byzantinam
1284 567 1400 607 brevi
1427 567 1503 608 illo

46 638 245 686 tempore,
278 630 388 685 quod
408 629 460 670 ab
478 629 624 669 ultimo
643 629 908 670 Constantino
926 631 1314 686 Porphyrogenneto
1339 634 1391 673 ad
1415 634 1502 674 ,Ni-

47 697 271 752 cephorum
301 697 554 736 Botoniatem
583 697 733 736 effluxit
771 696 1050 751 (quadraginta
1070 697 1155 737 fere
1180 701 1276 738 anni
1301 700 1408 751 sunt)
1435 701 1502 739 in·-

48 765 215 804 vaserit.
287 761 468 803 Sufficiat
506 777 615 802 nunc
642 763 813 802 strictim
846 762 946 803 haec
990 765 1167 817 attigisse
1180 793 1193 815 ,
1234 765 1373 818 paullo
1410 774 1504 820 post

49 831 227 870 curatius
241 827 463 869 enarranda
487 836 608 882 atque
625 827 953 868 demonstranda.
1012 829 1227 870 leunculae
1244 845 1382 884 porro,
1400 846 1507 886 quae

47 895 309 935 Leichianam
326 895 696 948 interpretationem
713 896 959 949 auspicatur,
985 895 1157 951 insculpi
1172 899 1311 937 curavi
1331 912 1506 939 numum

46 975 72 1000 e
90 961 288 1016 Dncengii
311 960 492 1001 Familiis
515 961 746 1015 Byzantinis
788 961 1061 1016 depromtum,
1090 963 1161 1017 qui
1192 964 1503 1005 Constantinum

49 1017 234 1091 nostmin
259 1029 341 1067 iam
367 1028 567 1067 seniorem
582 1057 595 1079 ,
632 1029 797 1082 eiusque
825 1028 953 1068 filium
976 1028 1206 1070 Romanum
1220 1060 1233 1082 ,
1262 1031 1505 1084 spectandos

49 1092 225 1134 exhibet.
291 1093 468 1134 Litterae
482 1123 496 1145 ,
524 1108 629 1148 quae
667 1096 813 1134 Graeci
855 1102 986 1134 textus
1019 1097 1180 1136 initium
1217 1097 1389 1149 faceret,
1430 1099 1498 1137 in-

46 1157 176 1213 sculpi
204 1161 302 1200 iussi
340 1161 557 1215 imaginem
593 1161 702 1201 illius
738 1175 764 1200 a
786 1162 1056 1202 ‘sanctimonia
1082 1163 1247 1203 Graecis
1273 1164 1497 1204 celebratae

49 1225 363 1280 Theophanonis
390 1227 616 1281 Augustae,
642 1242 746 1282 quae
771 1228 915 1279 Leoni,
936 1229 1188 1268 Constantini
1218 1232 1346 1269 nostri
1371 1232 1499 1284 patri,

46 1293 182 1346 prima
199 1306 300 1333 uxor
326 1293 588 1334 cohabitavit.
644 1295 826 1349 Dignum
856 1303 944 1336 erat
961 1325 973 1347 ,
1004 1303 1052 1335 ut
1080 1296 1288 1350 Augustae
1316 1298 1499 1352 Byzanti-

45 1370 124 1398 nae
152 1372 315 1414 quoque
354 1361 505 1414 species
535 1368 705 1415 augusto
749 1360 892 1401 habitu
932 1369 1100 1402 ornatae
1131 1371 1266 1416 posset
1298 1366 1492 1418 conspici.

44 1422 234 1464 Desumsi
257 1431 392 1465 autem
416 1425 523 1466 hanc
550 1439 574 1466 e
602 1427 656 1466 T.
680 1427 738 1466 ΙΙ.
765 1441 807 1481 p.
827 1426 892 1479 34.
912 1428 1132 1483 Menologii
1158 1429 1364 1482 Basiliani,
1384 1431 1496 1485 quod

44 1488 397 1532 Eminentissimus
418 1492 643 1532 cardinalis
663 1492 849 1534 Albanus
861 1523 873 1545 ,
903 1496 1072 1547 Graece,
1099 1509 1194 1535 cum
1214 1497 1358 1536 Latina
1376 1499 1497 1537 inter-

6 1552 9 1553 ⁷
44 1557 270 1609 pretatione
295 1559 429 1611 patrui
456 1560 536 1610 sui,
566 1559 623 1598 10.
652 1559 871 1601 ancmcr
899 1561 1075 1612 Anum,
1103 1563 1181 1602 suh
1208 1565 1373 1604 nomine
1400 1564 1496 1603 Cle·-

46 1623 192 1662 mentis
217 1623 297 1663 XI.
325 1623 533 1664 Pontificis
553 1626 736 1677 Maximi,
763 1626 928 1666 tribus
916 1642 960 1666 m
988 1627 1086 1666 folio
1117 1628 1391 1669 voluminibus
1407 1631 1496 1669 Ur-

45 1686 131 1728 bini
153 1688 295 1728 edidit.
351 1687 587 1748 Profectum
612 1698 672 1730 est
702 1698 743 1730 et
770 1705 919 1731 nomen
946 1693 1069 1732 habet
1093 1707 1118 1732 a
1148 1694 1296 1734 Basilio
1321 1697 1498 1745 iuniore,

46 1752 344 1807 Bulgaroctono
371 1753 471 1794 alias
489 1755 615 1806 dicto,
633 1756 762 1795 nostri
794 1756 1047 1796 Constantini
1075 1766 1233 1811 nepote.
1263 1760 1498 1799 nolendum

45 1825 108 1859 est
121 1848 135 1872 ,
185 1819 295 1874 quod
332 1818 467 1858 Codex
500 1821 707 1860 Romanus
740 1821 861 1861 huius
896 1821 1117 1876 Menologii
1157 1825 1325 1879 picturis
1351 1825 1499 1866 illumi-

46 1891 165 1924 natus
206 1899 291 1925 non
324 1885 403 1925 nisi
430 1899 497 1925 sex
528 1887 683 1940 primos
701 1889 797 1927 anni
823 1889 966 1927 Graeci
990 1903 1173 1941 menses,
1222 1905 1413 1945 nempe-a
1431 1893 1496 1932 Se»

41 1950 230 2004 ptembre
255 1965 384 2006 usque
412 1952 464 1991 ad
477 1953 672 1992 Martium
697 1955 940 1994 continuerit
953 1984 966 2007 ‚
994 1969 1127 2010 neque
1157 1957 1380 1999 editoribus
1410 1960 1495 1999 Ro·

41 2017 175 2056 manis
199 2017 252 2057 ad
275 2031 418 2057 manus
449 2018 570 2058 fuerit
602 2018 735 2059 saltim
753 2017 891 2073 τρίταν
917 2017 1131 2074 τρίμηνον,
1147 2024 1358 2077 Martium,
1378 2024 1498 2079 Apri-

43 2080 127 2121 {em
157 2089 198 2123 et
231 2084 402 2135 Maium,
433 2086 665 2136 continens,
701 2085 812 2139 quod
835 2088 878 2126 in
906 2088 1011 2126 arcis
1047 2088 1318 2144 Tubingensis
1345 2091 1496 2131 biblio-

42 2146 164 2187 theca
190 2151 367 2202 servari,
397 2164 420 2190 e
450 2151 588 2190 Causa
609 2150 904 2206 Turcograecia
924 2167 1020 2206 pag.
1063 2167 1140 2209 ¹90
1163 2163 1207 2195 et
1230 2157 1309 2212 275
1353 2165 1394 2198 et
1415 2159 1496 2198 FA-

45 2226 164 2253 mucn
195 2214 298 2258 Bibl.
328 2216 400 2256 Gr.
426 2215 481 2256 Τ.
520 2217 598 2256 Vl.
629 2231 670 2271 p.
697 2216 780 2272 678
812 2217 1066 2272 intelligitur.
1154 2221 1298 2263 Adieci
1332 2238 1498 2279 quoque

44 2279 248 2332 specimen
285 2282 506 2334 scripturae
548 2283 878 2323 membranarum
913 2292 1147 2327 nostrarum
1187 2290 1270 2329 aeri
1302 2291 1492 2330 incisum.

45 2343 126 2384 Sed
147 2345 469 2388 dissertationem
494 2347 547 2387 de
572 2348 877 2403 orthographia,
916 2357 964 2390 ut
999 2353 1219 2407 appellant,
1256 2355 1323 2396 vel
1357 2358 1494 2410 potius

41 2406 295 2470 idiographia
322 2418 476 2458 Graeca
493 2419 823 2460 membranarum
850 2421 1069 2462 earundem
1093 2427 1133 2460 et
1164 2423 1335 2461 istorum
1362 2434 1494 2462 saecu·

42 2479 177 2520 lorum
202 2483 377 2522 seeundo
393 2484 591 2524 volumini
619 2499 798 2526 reservo.

155 2537 230 2586 His
251 2551 478 2600 praemissis
504 2565 551 2591 eo
583 2565 738 2592 memor
765 2553 886 2594 fidem
912 2554 1050 2609 paullo
1078 2562 1172 2594 ante
1197 2553 1332 2593 datam
1351 2552 1491 2592 libera-

41 2618 145 2652 tum.
213 2612 506 2656 Promittebam
540 2631 685 2671 nempe
718 2618 909 2671 brevem,
963 2615 1094 2675 qualis
1132 2621 1210 2660 hoc
1241 2618 1404 2672 quidem
1445 2620 1490 2659 in

41 2675 130 2718 loco
145 2677 324 2719 sufficere
339 2683 479 2734 possit,
513 2685 798 2736 expositionem
810 2686 861 2725 de
877 2688 1070 2740 vestibus,
1101 2686 1261 2741 quaein
1275 2684 1491 2739 Nicephori
