1884 3112
281 124 299 159 1
312 105 387 162 80
558 122 913 166 CONSTANTlNl
963 121 1445 167 PORPHYROGENm

271 226 469 281 α’νωτὲρω
493 225 718 280 εἰρημένων
742 224 788 265 ἐν
812 224 870 280 τῷ
893 223 1038 281 φάρῳ,
1085 226 1160 266 καί
1190 221 1272 267 εἶθ’
1314 221 1447 275 οὕτως
1483 227 1717 281 εἰσέρχεται

273 293 319 334 ἐν
352 293 410 348 τῷ
440 288 688 345 βεστιαρίφ,
740 288 812 330 καὶ
850 290 1041 343 ἐκβάλλει
1080 289 1131 332 τὰ
1174 289 1324 346 σκεύη,
1372 290 1429 340 ὥς
1458 294 1720 347 προείρηται.

277 359 411 400 ἰστέον
444 357 490 396 δὲ
531 356 603 396 καί
632 356 778 406 τοῦτο,
826 350 887 396 ὅτι
923 353 995 396 καὶ
1030 355 1155 405 πλοὸς
1188 356 1418 413 ἀπέρχεται
1455 356 1478 398 ὅ
1517 356 1718 409 βασιλεὺς

277 425 323 465 ἐν
355 422 631 475 βλαχέρναις,
673 415 763 461 ἄλλ’
795 415 873 462 οὖν
904 422 976 461 καί
1010 425 1233 476 φιλοκαλεῐ
1264 420 1309 464 τὸ
1344 419 1462 476 ἅγιον
1494 425 1610 477 βῆμα
1643 426 1718 478 τῆς

235 499 262 532 Β
276 488 398 542 ἁγίας
422 487 566 541 σοροῦ,
602 487 674 526 καί
693 485 963 542 ὑποστρέψας
985 482 1067 527 ἀπὸ
1089 486 1258 540 ἱματίου
1272 520 1285 541 ,
1321 489 1554 544 εἰσέρχεται
1576 491 1635 538 εἰς
1661 485 1739 531 τὰὄ

273 556 523 607 γηροκομεϊα
552 552 636 592 τῶν
667 549 824 607 κύφης,
873 553 946 593 καί
970 551 1133 607 ῥογεύει
1165 551 1262 602 τούς
1294 555 1492 610 γέροντας
1531 552 1604 596 καὶ
1635 557 1718 596 λω-

272 614 387 672 βοὺς,
415 617 488 659 καί
513 615 765 674 ὑποστρέφει
792 618 852 667 εἰς
879 615 926 658 τὸ
955 615 1173 661 παλάτιον.

868 718 1006 762 ΚΕΦ.
1036 713 1106 759 λε’.

392 806 486 843 Ὅσα
507 808 566 843 δεῖ
591 807 903 856 παραφυλάττειν
929 810 981 855 τῷ
1004 807 1100 855 οἷγίῳ
1134 810 1197 843 καὶ
1223 809 1373 857 μεγάλῳ
1401 807 1579 856 σαββάτῳ.

385 899 500 952 Περὶ
522 894 636 952 ὥραν
663 899 804 953 τρίτην
829 897 1029 939 ἀλλάσσει
1054 895 1101 939 τὸ
1130 900 1429 952 κουβούκλειον,
1457 901 1531 941 καί
1555 897 1772 941 δίδοταιῐο

274 958 355 1004 ἆπὸ
376 960 598 1012 κελεύσεως
623 962 934 1016 μεταστάσιμον
968 962 1038 1004 διὰ
1066 966 1142 1005 τοῦ
1170 966 1244 1018 τῆς
1275 963 1567 1015 καταστάσεως
1594 966 1640 1006 ἐν
1661 967 1720 1022 τῷ

274 1030 500 1085 λαυσιακῷ,
541 1031 614 1071 καί
643 1028 682 1070 οἱ
708 1030 796 1082 μὲν
815 1027 1021 1085 βαρβάτοι
1051 1025 1249 1085 ἄρχοντες
1277 1031 1514 1085 διέρχονται
1544 1028 1615 1072 διά
1643 1029 1721 1072 τοῦ

275 1093 518 1149 μονοθύρου
549 1095 623 1135 τοῦ
662 1090 778 1145 ὄντος
809 1096 880 1136 ἑπί
909 1093 977 1137 τὸν
1004 1094 1182 1148 εἰδικὸν,
1225 1097 1297 1137 καί
1322 1097 1559 1152 ἐξέρχονται
1589 1098 1635 1138 ἐν
1659 1097 1720 1154 τῷ

237 1159 502 1217 (ςῆμικυκλίῳ
528 1162 598 1215 τῆς
623 1163 824 1216 μυστικῆς
846 1161 998 1217 φιάλης
1022 1163 1099 1202 τοῦ
1119 1159 1360 1216 τρικόγχου.
1405 1161 1427 1202 ὅ
1453 1163 1499 1202 δὲ
1518 1159 1718 1216 βασιλεῦς
1749 1187 1752 1191 »

278 1224 595 1280 δηριγευόμενος
632 1224 714 1267 ὑπὸ
731 1228 811 1268 τῶν
837 1228 914 1267 τοῦ
941 1228 1250 1279 κουβουκλείου,
1295 1227 1507 1280 ἐξέρχεται
1530 1226 1612 1268 ἀπὸ
1643 1222 1772 1268 τοῦιὸ

274 1292 630 1346 χρυσοτρικλίνου,
652 1293 724 1333 καί
746 1291 958 1347 διέρχεται
989 1291 1059 1333 διὰ
1091 1294 1173 1334 τῶν
1202 1294 1456 1346 διαβατικῶν
1477 1295 1559 1335 τῶν
1591 1292 1718 1347 ἁγίων

276 1357 334 1410 μ’,
364 1358 504 1413 φορῶν
522 1357 678 1411 σαγίον,
705 1359 775 1399 καί
801 1360 1014 1413 ἐξέρχεται
1036 1359 1079 1399 ἐν
1099 1360 1157 1415 τῷ
1179 1358 1408 1416 ἡμικυκλίῳ
1426 1361 1498 1414 τῆς
1516 1359 1719 1413 μυστικῆς

278 1419 430 1484 φιάλης
457 1424 530 1464 τοῦ
565 1421 810 1479 τρικόγχου,
850 1421 931 1465 εἷθ’
965 1421 1097 1473 οὕτως
1126 1426 1358 1479 διέρχεται,
1401 1423 1719 1481 δηριγευόμενος

277 1484 358 1528 ὑπὸ
388 1485 577 1542 πάντων,
625 1487 695 1530 διαΙ
728 1505 772 1531 τε
806 1491 879 1545 τῆς
911 1485 1065 1544 α’ψίδος
1096 1491 1168 1532 καί
1197 1490 1271 1544 τῆς
1302 1490 1475 1546 δάφνης,
1505 1487 1646 1531 ἅπτων
1672 1490 1718 1531 ἐν
1753 1496 1755 1500 ’

277 1558 362 1602 τοῖς
386 1553 517 1595 ἐκεῖσε
542 1548 659 1596 οὖσιν
685 1551 912 1611 εὖκτηρίοις
942 1556 1089 1610 κηρία,
1118 1554 1192 1597 καί
1212 1557 1446 1611 εἰσέρχεται
1476 1557 1522 1597 ἐν
1550 1556 1610 1613 τῷ
1630 1569 1770 1596 not-20

278 1620 382 1660 τῶνι
410 1621 486 1660 τοῦ
509 1619 790 1675 αὖγουστέως.
845 1623 917 1663 καί
951 1618 1228 1664 ἀλλάσσουσιν
1254 1623 1298 1664 οἵ
1317 1637 1362 1663 τε
1390 1620 1618 1678 πατρίκιοι,
1647 1621 1719 1662 δο-

378 1721 429 1755 13.
455 1719 519 1754 ἐπὶ
539 1717 582 1754 τὸ
602 1721 657 1754 ed.
755 1721 806 1766 ¹4·
835 1714 1028 1768 ἤμικῦκλῳ
1049 1721 1105 1755 ed.

277 1811 367 1844 tiam
392 1818 430 1846 et
453 1818 590 1846 sextam
617 1814 812 1859 Imperator
838 1826 858 1847 a
878 1814 1098 1855 blachernis,
1122 1825 1165 1847 ea
1191 1814 1330 1847 scilicet
1349 1813 1403 1847 ibi
1426 1813 1497 1847 iam
1523 1813 1716 1854 celebrata,
1745 1843 1749 1846 .

279 1857 423 1899 redeat,
466 1860 705 1894 venerandam
747 1861 910 1894 lanceam
945 1873 1024 1894 cum
1061 1861 1165 1894 dictis
1191 1862 1228 1894 in
1260 1860 1371 1907 pharo
1403 1860 1544 1901 adorat,
1566 1859 1715 1894 'deinde

278 1906 486 1938 vestiarium
510 1907 700 1952 ingressus,
725 1917 817 1948 vasa,
842 1914 883 1941 ut
907 1919 1013 1952 supra
1042 1908 1257 1948 monuimus,
1282 1907 1367 1940 inde
1392 1912 1561 1944 removet.
1607 1907 1713 1940 Porro

279 1950 464 1984 sciendum
489 1959 567 1994 est,
599 1954 852 1997 Imperatorem
877 1955 986 1987 etiam
1010 1965 1099 1987 nave
1123 1954 1170 1986 ad
1194 1953 1403 1987 blachernas
1431 1953 1530 1986 abire
1545 1978 1555 1994 ,
1591 1958 1629 1986 et
1655 1964 1713 1985 sa-

280 2007 378 2030 crum
417 1999 521 2031 bema
545 2001 659 2032 sancti
687 1999 850 2044 Sepulcri
874 2011 1013 2039 ornare,
1039 2000 1170 2033 deinde
1195 2011 1373 2034 reversum
1398 2001 1438 2032 in
1461 2004 1582 2039 veste,
1606 2009 1713 2043 quam

281 2053 420 2088 semper
443 2051 575 2089 gestat,
605 2045 650 2079 ad
682 2047 883 2091 gerocomia
909 2046 1040 2090 cyphes
1064 2047 1188 2086 abire,
1211 2057 1251 2078 ac
1274 2047 1368 2091 rogis
1392 2057 1454 2080 seu
1479 2045 1584 2080 donis
1615 2044 1714 2078 seni-

282 2086 353 2122 bus
378 2097 415 2126 et
441 2092 591 2127 infirmis
616 2092 839 2134 distributis,
863 2092 909 2125 ad
935 2093 1113 2138 palatium
1136 2093 1278 2130 reverti.

904 2181 999 2216 CAP.
1022 2182 1076 2216 35.

567 2249 805 2287 Observanda
831 2250 872 2285 ἰη
894 2258 1023 2285 sancto
1044 2261 1249 2297 magnoque
1271 2249 1434 2285 sabbato.

379 2329 481 2364 cirea
504 2329 630 2364 horam
653 2330 797 2364 tertiam
821 2329 1026 2363 cubiculum
1050 2330 1261 2363 mutatorias
1285 2329 1412 2370 sumit,
1437 2333 1475 2362 ct
1497 2338 1518 2360 a
1545 2327 1711 2362 mandato

282 2377 562 2411 metastasimum
587 2377 661 2411 sive
686 2377 844 2411 solennis
868 2376 1046 2421 processio
1082 2387 1146 2421 per
1169 2376 1456 2409 cerimoniarium
1482 2376 1520 2408 in
1553 2375 1711 2408 lausiaco

283 2424 470 2464 indicitur,
492 2423 662 2468 praefecti
686 2424 829 2457 barbati
854 2434 918 2468 per
943 2425 1084 2456 ianuam
1108 2423 1237 2456 aerarii
1264 2423 1395 2468 privati
1427 2423 1466 2455 in
1502 2421 1710 2455 semicircu-

283 2470 359 2503 lum
394 2476 549 2504 secretae
579 2469 724 2515 phialae
747 2469 924 2504 triconchi
949 2469 1095 2503 abeunt.
1162 2471 1358 2514 Imperator
1383 2474 1527 2506 autem,
1560 2479 1580 2500 a
1608 2467 1712 2501 cubi·

285 2517 367 2550 culo
391 2517 556 2561 stipatus,
580 2517 624 2550 ab
650 2528 758 2551 aureo
783 2517 942 2551 triclinio
966 2526 1031 2560 per
1053 2516 1212 2560 porticus
1228 2516 1464 2562 quadraginta
1492 2519 1709 2555 sanctorum,

285 2573 367 2607 sago
390 2563 551 2604 indutus,
571 2563 617 2597 ad
641 2564 903 2598 semicirculum
923 2569 1078 2596 secretae
1093 2562 1236 2608 phialae
1257 2561 1434 2597 tricouchi
1454 2561 1542 2599 abit,
1563 2560 1709 2600 deinde,

285 2610 453 2643 omnibus
475 2609 744 2651 comitantibus,
768 2620 832 2655 per
858 2609 1017 2654 apsidem
1046 2614 1083 2642 et
1102 2608 1280 2653 daphnem
1305 2610 1500 2655 digressus,
1525 2617 1644 2640 cereos
1670 2607 1711 2638 in

285 2656 470 2695 oratoriis,
503 2668 595 2702 quae
619 2657 672 2691 ihi
703 2662 814 2698 sunt,
845 2655 1009 2690 accendit
1043 2660 1080 2689 et
1115 2655 1321 2689 cubiculum
1357 2654 1553 2699 augustalis
1586 2654 1710 2686 intrat.

285 2701 390 2736 'runc
412 2703 579 2749 patricii,
601 2703 792 2739 domestici
812 2708 850 2738 et
872 2703 987 2739 omnis
1009 2708 1152 2737 senatus
1174 2704 1314 2738 tunicas
1338 2700 1571 2742 atrabatican,
1606 2708 1711 2745 prae-.-
