1884 3112
271 89 379 158 1'04
553 104 911 152 consanum
955 102 1439 150 PORPHYROGENm
1458 77 1465 82 ''

265 211 577 268 προσκλήσεως,
604 210 800 263 δέχονται
821 205 953 249 αὐτόν
977 201 1177 264 ἄρχοντες
1194 210 1268 250 τοῦ
1290 207 1583 263 κουβουκλείου
1607 205 1713 261 μετὰ

266 276 617 331 κουβικουλαρίων
647 272 730 316 ἀπὸ
765 271 989 322 κελεύσεως
1017 275 1061 315 έν
1088 274 1147 330 τῷ
1169 275 1339 331 κοχλιᾷ,
1377 274 1433 315 δι’
1459 267 1511 315 οὗ
1535 273 1716 329 ἀνῆλθεν

266 342 289 384 ὁ
319 339 518 396 βασιλεὺς
552 342 597 383 ἐν
633 336 810 394 πρώτοις
846 336 928 393 πρὸ
969 340 1045 380 τοῦ
1078 342 1328 392 καταλαβεῖν
1358 338 1436 395 την
1465 338 1599 394 λιτὴν,
1643 337 1718 380 καὶ

265 403 553 464 ἀποφέρουσιν
577 402 710 446 αὖτὸν
731 402 802 445 διὰ
827 405 911 446 τῶν
927 406 1261 460 κατηχουμένων,
1282 407 1354 448 καί
1375 404 1575 448 εἰσελθών
1598 401 1718 447 ἑνοῦ-

263 489 334 517 ται
363 473 421 530 τῷ
449 474 628 525 βασιλεῖ’.
669 470 931 526 εἰσέρχονται
958 471 1005 512 δὲ
1031 469 1104 512 καί
1129 469 1167 511 οἱ
1195 468 1320 527 ἱερεῖς
1347 471 1419 513 καί
1454 471 1622 513 ποιοῦσι
1646 466 1744 517 τὸν5

264 539 433 592 στίχον,
459 535 533 581 καί
548 533 748 590 λαβόντες
771 533 812 578 οἱ
832 535 959 578 αὐτοὶ
979 535 1105 593 ἱερεῖς
1128 537 1206 577 τοῦ
1237 535 1506 594 πατριάρχου
1534 536 1582 579 τὸ
1607 532 1721 590 ὦμο-

266 603 438 660 φόριον,
465 602 718 659 ἐξέρχονται,
746 600 819 644 καὶ
838 603 1090 654 καθέζονται
1120 597 1368 659 ἀμφότεροι,
1394 600 1434 657 δ’,
1454 619 1500 645 τε
1521 599 1722 657 βασιλεῦς

266 670 339 711 καί
360 668 382 710 ὅ
405 667 682 724 πατριάρχης,
702 669 748 710 ἐν
767 670 820 725 τῇ
839 669 1039 726 τραπέζῃ.
1066 669 1249 711 πιόντων
1274 669 1322 710 δὲ
1349 667 1406 719 ὥς
1432 668 1618 712 εἴθισται
1643 663 1722 710 αὖ·

266 740 353 785 τοῖς
372 732 475 791 πρὸς
498 730 623 787 ἅπαξ,
640 736 900 789 εἰσέρχονται
923 733 963 776 οἱ
985 735 1116 790 φίλοι,
1133 737 1206 777 καί
1224 734 1361 790 πάσης
1380 735 1454 791 τῆς
1474 736 1553 776 τοῦ
1569 748 1723 790 τραπε-

269 803 360 854 ζίου
403 798 656 849 ἀκολουθίας
681 799 971 855 τελεσθείσης,
999 799 1242 843 ἀνίστανται
1269 799 1343 843 καί
1365 801 1620 856 ἐξέρχονται,
1650 801 1776 842 naim

234 881 261 914 Β
270 867 390 921 μένει
413 862 435 907 ὅ
462 862 663 919 βασιλευς
677 863 781 919 μετὰ
810 867 887 907 τοῦ
906 865 1172 922 πατριάρχου
1198 866 1244 909 ἐν
1273 867 1332 926 τῷ
1353 867 1580 924 κλητωρίῳ,
1607 863 1726 908 πιόν-

273 948 342 981 τες
373 933 419 974 δὲ
449 928 572 974 πάλιν
598 929 832 988 ἀμφότεροι
857 929 963 988 πρὸς
989 927 1112 985 ἅπαξ,
1143 931 1397 975 ἀνίστανται.
1423 928 1516 974 εἶτα
1541 946 1727 987 προσκυ-

267 995 467 1054 νήσαντες
493 996 695 1053 ἀλλήλους
716 995 751 1051 ὅ,
771 1012 814 1039 τε
834 996 1031 1050 βασιλεύς
1059 999 1132 1040 καί
1149 996 1170 1040 ὃ
1189 996 1463 1055 πατριάρχης,
1494 995 1518 1040 ὅ
1539 998 1620 1051 μὲν
1644 1013 1727 1039 πα-

268 1061 473 1120 τριάρχης
500 1063 739 1119 ἐξέρχεται,
779 1064 1034 1114 διασώζουσι
1065 1065 1111 1107 δὲ
1137 1063 1264 1107 αὐτὸν
1297 1060 1496 1119 ἄρχοντες
1517 1065 1596 1106 τοῦ
1627 1078 1727 1105 κου-

269 1130 486 1183 βουκλείου
509 1131 640 1184 μέχρι
668 1130 747 1171 τοῦ
774 1133 1074 1186 προειρημένου
1102 1131 1288 1185 κοχλιοῦ.
1316 1130 1340 1172 ὅ
1362 1132 1409 1174 δὲ
1434 1126 1632 1185 βασιλεῦς
1653 1129 1781 1184 ‹bl-15

270 1193 537 1252 ριγευόμενος
559 1193 640 1236 ὑπὸ
666 1196 750 1237 τῶν
782 1191 1000 1252 ἀρχόντων
1027 1197 1107 1238 τοῦ
1137 1198 1427 1251 κουβουκλείου
1449 1194 1522 1238 καί
1562 1197 1729 1250 βασιλι-

77 1275 143 1309 Ms,
160 1277 215 1312 53,
238 1286 258 1310 a
273 1263 355 1304 κῶν
385 1260 624 1314 οἷκειακῶν,
667 1261 898 1316 ἀπέρχεται
924 1262 970 1304 ἐν
990 1262 1048 1318 τῷ
1068 1264 1234 1304 κοιτῶνι
1264 1262 1421 1317 αὐτοῦ,
1459 1260 1730 1316 ἐκδεχόμενος

271 1325 343 1370 τὸν
363 1325 525 1382 καιρόν.
551 1326 857 1381 καταλαβόντος
887 1327 934 1370 δὲ
956 1328 1032 1368 τοῦ
1057 1329 1209 1383 καιροῦ
1231 1328 1305 1383 τῆς
1329 1327 1634 1384 προελεύσεως,
1662 1327 1731 1378 ἒξ-

275 1394 447 1448 έρχεται
470 1391 553 1434 ἀπὸ
577 1394 654 1434 τοῦ
674 1392 865 1442 κοιτῶνος
894 1392 1030 1435 αὑτοῦ
1049 1394 1094 1436 έν
1125 1398 1213 1444 τοῖς
1232 1395 1578 1448 κατηχουμενιόις
1597 1388 1731 1448 ὅπερ-

277 1462 355 1501 θεν
380 1460 454 1514 τῆς
480 1459 564 1501 τῶν
599 1460 826 1512 βασιλικῶν
855 1459 997 1501 πυλῶν
1052 1459 1127 1501 καί
1156 1458 1418 1502 ὗπαλλάσσει
1463 1456 1538 1513 τὴν
1557 1456 1782 1513 στολῆνρο

279 1524 332 1578 ἢν
362 1522 548 1567 εἴθισται
581 1524 697 1582 αὐτῷ
727 1525 772 1567 ἐν
791 1525 927 1583 ταύτῃ
960 1524 1015 1582 τῇ
1031 1521 1154 1582 ἑορτῇ
1173 1526 1515 1581 περιβεβλῆσθαι.
1562 1525 1635 1566 καί
1651 1527 1729 1566 λα-

248 1588 374 1645 (ςβών
397 1587 418 1632 ὅ
449 1589 720 1647 πραιπόσιτος
738 1587 814 1647 τὴν
841 1589 1019 1647 τιάραν,
1047 1591 1285 1646 ἐπιτίθησιν
1308 1588 1439 1646 αὐτὴν
1469 1590 1542 1633 ἒπί
1563 1587 1642 1645 τὴν
1660 1603 1730 1631 κε-

209 1652 221 1659 ⁴
281 1654 420 1713 φαλὴν
449 1657 525 1699 τοῦ
556 1657 784 1712 βασιλέως,
830 1658 902 1699 καί
920 1655 1234 1713 δηριγευόμενος
1265 1655 1286 1700 ὅ
1316 1653 1514 1711 βασιλεὺς
1543 1653 1627 1698 ὖπὸ
1652 1656 1730 1698 τοῦ

281 1723 605 1777 κουβουκλειόυ,
646 1724 890 1779 κατέρχεται
919 1720 1002 1765 ὑπὸ
1033 1723 1112 1764 τοῦ
1143 1724 1448 1779 προειρημένου
1470 1722 1640 1764 δυτικοῦ
1659 1735 1730 1763 κο·-

279 1791 427 1843 χλιοῦ,
470 1786 650 1840 ἅπαντες
670 1790 716 1831 δὲ
737 1786 880 1833 αὐτῶν
900 1787 982 1832 ἀπὸ
1004 1787 1159 1845 σαγίων
1181 1789 1416 1845 ἀληθινῶν,
1444 1785 1518 1830 καί
1534 1789 1780 1842 δέχονταιαό

375 1890 410 1914 a.
444 1879 765 1926 κουβικουλαρίων
795 1880 837 1917 R.
881 1890 926 1913 ex
960 1878 1174 1925 compendio
1211 1878 1314 1922 cod.,
1336 1877 1649 1926 κουβικουλαρίου
1673 1875 1733 1912 ed·

386 1937 439 1965 ια.
462 1935 503 1960 τε
528 1938 595 1961 om.
626 1927 682 1961 ed.
775 1938 831 1961 22.
867 1925 1005 1973 στιάρα
1029 1925 1108 1960 cod.

287 2003 373 2038 dato
408 2004 447 2037 in
473 2004 641 2045 cochlea,
673 2015 739 2050 per
765 2015 872 2050 quam
894 2006 1051 2050 primum
1067 2006 1287 2050 Imperator,
1315 2007 1507 2050 antequam
1526 2002 1734 2049 processio·

288 2050 346 2084 nis
366 2056 507 2096 tempus
536 2057 697 2092 venerat,
721 2050 975 2093 adscenderat,
1001 2053 1189 2097 excipiunt
1214 2062 1368 2097 eumque
1386 2061 1451 2094 per
1473 2049 1732 2084 catechumena

289 2095 499 2132 adducunt:
532 2099 710 2142 ingressus
741 2109 820 2131 cum
852 2097 1073 2143 Imperatore
1096 2102 1264 2132 versatur.
1315 2099 1458 2132 intrant
1483 2098 1591 2130 etiam
1610 2106 1732 2131 sacer-

290 2141 395 2177 dotes
427 2149 465 2177 et
500 2143 655 2177 stichum
679 2144 840 2185 faciunt,
876 2150 1096 2190 acceptoque
1120 2143 1342 2189 patriarchae
1373 2142 1610 2189 omophorio,
1643 2153 1734 2176 exe-

292 2194 385 2231 unt,
412 2191 609 2235 Imperator
630 2195 668 2224 et
685 2190 890 2235 patriarcha
909 2202 1053 2225 mensae
1074 2191 1250 2225 adsident.
1301 2191 1374 2236 Qui
1400 2195 1591 2235 postquam
1622 2188 1734 2222 semel

293 2241 337 2268 nt
358 2236 446 2281 ipsis
467 2248 546 2270 mos
564 2240 620 2270 est
654 2243 779 2281 potum
797 2248 974 2279 sumsere,
1001 2238 1140 2272 intrant
1168 2239 1286 2278 amici,
1312 2236 1554 2283 omnibusque
1587 2246 1734 2270 mensae

292 2281 427 2316 ritibus
450 2284 616 2324 servatis,
640 2289 789 2329 surgunt
818 2289 856 2317 et
884 2284 1140 2330 egrediuntur,
1180 2295 1263 2318 mox
1292 2285 1491 2329 Imperator
1521 2293 1666 2330 quoqne
1697 2286 1736 2316 et

294 2328 500 2374 patriarcha
515 2354 526 2371 ‚
550 2330 614 2376 qui
634 2335 899 2371 remanserant,
922 2343 942 2364 a
962 2331 1148 2372 convivio,
1172 2335 1363 2377 postquam
1390 2328 1508 2364 adhuc
1536 2330 1647 2363 semel
1671 2327 1734 2363 bi-

297 2375 455 2417 berunt,
479 2381 637 2421 surgunt.
686 2377 746 2410 Sic
769 2382 1002 2423 posteaquam
1029 2389 1067 2412 se
1098 2377 1252 2411 invicem
1283 2376 1501 2418 adorarunt,
1534 2375 1738 2422 patriarcha

297 2421 504 2468 egreditur,
530 2434 638 2469 quem
663 2423 708 2457 ad
729 2422 861 2457 dictam
890 2424 1071 2458 cochleam
1105 2424 1280 2468 praefecti
1319 2422 1486 2457 cubiculo
1517 2422 1736 2457 conducunt.

298 2469 499 2514 Imperator
525 2481 546 2502 a
569 2469 735 2504 cubiculo
749 2471 942 2516 praefectis
965 2476 1002 2505 et
1023 2471 1264 2516 imperatoriis
1293 2469 1467 2504 ministris
1491 2471 1665 2514 stipatus,
1688 2467 1736 2502 ad

300 2527 406 2550 sunm
438 2516 644 2550 cubiculum
668 2516 768 2559 abit,
793 2522 934 2563 tempus
953 2519 1192 2563 processionis
1222 2522 1444 2562 exspectans.
1490 2516 1573 2562 Quo
1601 2526 1736 2561 appro-

300 2562 518 2608 pinquante,
543 2573 562 2596 e
581 2562 747 2598 cubiculo
771 2575 835 2598 suo
857 2564 902 2597 ad
921 2564 1175 2598 catechumena
1207 2575 1313 2608 super
1338 2563 1589 2609 Imperatorias
1615 2567 1736 2607 portas

302 2608 383 2643 abit
416 2609 543 2656 ibique
563 2615 719 2650 vestem,
759 2622 864 2657 quam
883 2610 952 2645 hoe
985 2611 1136 2645 induere
1155 2611 1247 2644 festo
1264 2611 1383 2652 solet,
1415 2610 1548 2644 sumit:
1580 2619 1737 2655 praepo-

302 2655 394 2689 situs
412 2656 539 2689 tiaram
566 2657 676 2700 capiti
699 2658 774 2691 eius
794 2658 968 2703 imponit,
992 2659 1070 2703 ipse
1093 2670 1113 2691 a
1133 2657 1298 2691 eubiculo
1323 2658 1475 2702 stipatus
1489 2681 1499 2698 ,
1526 2656 1656 2690 dictam
1670 2665 1736 2688 oe-

303 2701 522 2740 cidentalein
544 2702 727 2740 cochleam
750 2704 870 2748 subit,
896 2716 1017 2740 omnes
1050 2705 1193 2743 veroin
1224 2706 1314 2750 sagis
1343 2702 1534 2751 purpureis
1582 2704 1623 2739 in
1653 2711 1736 2738 nar-
