1884 3112
277 122 297 158 1
311 104 379 159 δα
537 121 894 164 οοΝεΤΑΝΤιΝι
911 119 913 121 ’
932 89 1422 165 Poarnrnoenmn

256 226 521 266 καλέσασθαι
559 223 632 266 τὸν
657 222 946 279 πατριάρχην,
991 223 1066 266 καί
1094 220 1321 279 ἇνάγουσιν
1358 222 1487 268 αὔτὸν
1529 223 1601 267 διὰ
1629 220 1707 268 τοῦ

257 291 482 346 στυρακίου
508 291 552 331 ἐν
570 292 627 346 τῷ
653 290 854 346 εὕκτηρίῳ
868 323 880 342 ,
917 291 961 332 ἐν
989 284 1021 348 ᾧ
1046 291 1215 332 ἵσταται
1244 290 1264 333 ὁ
1286 290 1506 345 βασιλεύς.
1561 307 1708 333 κοινω-

80 358 456 415 Με.75.ιινήσαντος
486 360 532 399 δὲ
556 361 634 399 τοῦ
654 359 861 412 βασιλέως
890 356 1007 413 παρὰ
1044 360 1121 400 τοῦ
1148 358 1413 415 πατριάρχου
1443 359 1520 399 τοῦ
1543 357 1708 414 ⁶329&-

260 441 332 468 του
354 423 546 478 σώματος
566 425 639 465 καί
657 425 836 477 αἵματος
857 427 933 465 τοῦ
959 426 1150 479 Κυρίου,
1189 427 1424 481 εἰσέρχεται
1456 426 1500 466 ἐν
1530 426 1588 482 τῷ
1618 439 1707 464 κοι-

260 494 382 545 τῶνι,
415 492 488 532 καί
510 488 594 532 εἶθ’
624 487 757 539 οὕτως
778 488 1036 540 εἰσελθόντες
1062 491 1282 547 πατρίκιοί
1307 507 1352 533 τε
1379 493 1453 539 και1
1481 489 1743 547 στρατηγοιΈ

260 559 334 601 καί
361 558 597 610 ὁόμέστικοι
622 558 696 598 καί
718 555 756 598 οἱ
782 555 834 598 τὰ
868 558 1013 613 πρῶτα
1047 552 1227 613 ὄφφίκια
1260 550 1528 612 κατέχοντες,
1563 572 1710 598 κοινω-

258 625 380 666 νοῦσι
404 620 478 664 καί
508 621 630 664 advoc*
653 623 698 664 ἐκ
726 624 811 664 τῶν
831 625 991 679 χειρῶν
1019 625 1096 664 τοῦ
1118 623 1417 679 πατριάρχου·Δ
1452 622 1527 664 καί
1545 621 1711 664 πάντων

260 689 512 739 ἐξελθόντων
565 690 639 731 καί
679 690 757 730 τοῦ
802 689 1067 745 πατριάρχου
1136 691 1356 747 μέλλοντος
1411 690 1708 746 κατέρχεσθαι,

258 753 440 805 ἑστῶτος
476 757 553 797 τοῦ
599 757 807 810 βασιλέως
841 753 1189 811 ἐζιιπροσθενήτῆς
1226 755 1366 812 θύρας
1401 757 1479 798 τοῦ
1515 756 1710 803 κοιτῶνος

81 832 193 875 Ει1.1,,,.
207 844 252 879 90
266 823 420 876 αὐτοῦ’,
456 824 762 879 προσκυνοῦσιν
787 818 1025 878 ἀμφότεροι
1061 820 1290 879 ἀλλήλους,
1337 824 1411 865 καὶ
1453 819 1648 864 ἀπελθών
1684 816 1765 865 ὃιο

255 887 520 945 πατριάρχης
546 890 709 930 ἕκτελεῖ
722 886 798 943 τὴν
822 890 945 930 θειάν
975 889 1239 944 λειτουργίαν
1270 885 1455 931 ἅπασαν.
1496 886 1709 931 τελεσθεί-

255 972 332 1011 σης
353 957 398 999 δὲ
423 957 496 1011 τῆς
523 957 645 1004 θείας
673 956 948 1011 λειτουργίας,
982 956 1196 1011 διέρχεται
1224 953 1245 998 ὃ
1274 953 1476 1010 βασιλεὺς
1502 955 1708 1011 η’λλαγμέ-

254 1037 325 1070 νος
365 1019 437 1063 διὰ
474 1023 551 1063 τοῦ
588 1021 795 1077 τρικλίνου
832 1023 905 1076 τῆς
944 1020 1065 1076 ἁγίας
1108 1023 1260 1077 σοροῦ,
1308 1019 1600 1076 βασταζόντων
1625 1021 1710 1062 τῶν

255 1088 614 1143 κουβικουλαρίων
640 1085 692 1128 τοὶ
725 1089 861 1129 ἐκεῖσε
891 1082 989 1129 ὅντα
1021 1087 1131 1142 βῆλά
1150 1089 1286 1130 τεκαὶ
1314 1089 1529 1143 κορτίνας,
1560 1085 1635 1129 καὶ
1664 1085 1711 1132 ⁶3²

255 1156 452 1210 νέρχεται
476 1151 497 1194 ὅ
524 1153 726 1207 βασιλεὺς
757 1152 829 1203 διὰ
855 1156 932 1195 τοῦ
956 1155 1194 1208 βισαλωτοῦ
1220 1155 1294 1196 καί
1322 1156 1400 1196 τοῦ
1421 1156 1608 1209 κοχλιοῦ,
1641 1156 1768 1205 καῐιό

260 1221 502 1276 εἰσέρχεται
529 1220 574 1261 ἐν
591 1220 648 1278 τῷ
669 1221 890 1278 Δανουβίῳ
913 1219 1119 1278 τρικλίνῳ,
1150 1221 1223 1262 καί
1253 1219 1462 1275 ΐοταταιῆ
1488 1220 1610 1274 τιμία
1634 1219 1716 1261 αὖ·

257 1289 337 1329 τοῦ
372 1283 561 1342 τράπεζα
602 1286 758 1340 ἐκεῖσε,
808 1286 883 1327 καί
912 1287 1111 1339 μένουσιν
1148 1287 1281 1328 ἐκεῖσε
1331 1283 1716 1343 πρωτοσπαθάριοι
1744 1310 1750 1316 -

259 1352 491 1408 βαρβάτοι,
527 1351 969 1408 σπαθαροκανδιὸάτοι
997 1354 1071 1394 καί
1100 1353 1138 1394 οἱ
1171 1352 1243 1394 ἐπὶ
1268 1355 1345 1395 τοῦ
1374 1353 1612 1408 μαγλαβίου
1637 1351 1713 1395 καὶ

258 1417 400 1460 λοιποὶ
427 1415 608 1468 ἅπαντες
634 1418 856 1472 οἰκειακοί,
902 1421 976 1461 καί
1005 1417 1093 1461 τότε
1124 1418 1162 1461 οἱ
1190 1421 1269 1473 μὲν
1299 1420 1519 1475 κληθέντες
1555 1419 1599 1468 ἐξ
1631 1418 1712 1459 at?-

259 1487 345 1526 τῶν
374 1485 617 1538 ἐκδέχονται
647 1483 804 1539 ἐκεῖσε,
846 1485 952 1528 οἶδὲ
979 1487 1119 1528 λοιποὶ
1148 1481 1346 1540 ἄρχοντες
1376 1479 1544 1534 ἕκαστος
1575 1486 1621 1527 ἐν
1651 1481 1768 1543 ‘ugho

217 1552 422 1600 Βκοιταῖνι
461 1550 607 1593 αὐτοῦ.
664 1552 758 1609 (ς.)
796 1551 844 1595 Ὁ
875 1553 921 1593 δὲ
944 1550 1145 1606 βασιλευς
1185 1550 1374 1594 ἀνελθών
1407 1552 1452 1594 ἐν
1488 1552 1546 1608 τῷ
1587 1550 1714 1592 Ἀνα-

261 1618 475 1674 στασιακῷ
499 1617 687 1674 τρικλίνῳ
710 1617 784 1659 καί
814 1617 1068 1671 ἀπαλλάξας,
1104 1619 1221 1670 μένει
1253 1615 1359 1671 μετὰ
1393 1616 1438 1659 τὸ
1471 1614 1714 1672 διβητήσιον

263 1683 407 1736 αὐτοῦ,
445 1681 483 1727 οἱ
510 1684 555 1725 δὲ
577 1681 869 1739 σιλεντιάριοι,
903 1683 1287 1740 προσκαλεσάμενοι
1317 1682 1390 1725 τὸν
1420 1683 1713 1739 πατριάρχην,

263 1746 548 1807 ἀναφέρουσιν
575 1748 706 1799 αὐτὸν
732 1753 862 1808 μέχρι
903 1754 977 1794 τοῦ
1013 1754 1212 1807 κοχλιοῦ,
1254 1751 1329 1793 καί
1362 1750 1544 1798 καθίσας
1581 1750 1715 1791 ἐκεῖσε

357 1875 410 1943 ηρ.
437 1861 708 1942 Ρτούἅρζοντες
727 1884 774 1891 -
790 1864 907 1900 aare&
931 1865 970 1899 R.
1001 1864 1092 1899 coni.
1114 1862 1201 1914 ἄρχ.
1227 1861 1390 1900 ἀπίασιν
1410 1860 1571 1898 ἕκαστος
1593 1860 1640 1895 ἐν
1659 1859 1716 1905 '‘i''

359 1921 378 1944 ο
400 1921 450 1955 κῳ
479 1922 502 1942 α
531 1921 608 1944 του.

267 1999 357 2032 duos
383 2000 603 2034 silentiarios
627 2001 869 2046 patriarcham
893 2006 1081 2035 vocaturos
1106 2001 1249 2041 mittat,
1284 2011 1393 2046 quem
1417 2010 1484 2044 per
1508 1997 1712 2042 styraciurn

266 2046 307 2079 in
333 2047 549 2088 oratorium,
577 2048 640 2080 ubi
665 2051 866 2093 Imperator
891 2054 966 2090 est,
1000 2048 1197 2086 adducunt,
1247 2048 1441 2092 Postquam
1467 2047 1667 2090 Imperator
1691 2054 1715 2077 ο

267 2093 494 2138 patriarchae
529 2106 637 2129 manu
673 2106 801 2139 corpus
834 2103 871 2129 et
904 2095 1113 2139 sanguinem
1151 2095 1298 2128 Domini
1324 2093 1479 2137 accepit,
1505 2091 1714 2124 cubiculum

270 2140 401 2180 intrat,
436 2141 476 2175 in
508 2152 580 2187 quo
613 2143 779 2186 patricii,
816 2142 985 2186 strategi,
1017 2142 1206 2174 domestici
1232 2145 1268 2173 et
1293 2141 1468 2184 supremis
1495 2139 1622 2172 officiis
1649 2137 1715 2170 ad·-

266 2188 357 2220 moti
390 2198 486 2221 sacra
532 2190 785 2221 communione
811 2201 831 2221 a
855 2188 1058 2234 patriarcha
1084 2188 1354 2233 impertiuntur:
1381 2186 1515 2232 quibus
1543 2183 1715 2218 omnibus

273 2235 442 2278 egressiS‚
469 2234 553 2268 dum
577 2235 802 2280 patriarcha,
829 2238 1049 2281 Imperatore
1075 2235 1120 2268 ad
1146 2240 1287 2280 portam
1313 2233 1472 2266 cubiculi
1498 2234 1554 2273 sui
1581 2231 1717 2265 consti-

272 2286 353 2314 tuto
368 2307 378 2322 ‚
404 2281 618 2317 descendere
642 2283 740 2324 vult,
766 2293 803 2315 se
829 2283 983 2315 invicem
1008 2282 1180 2325 adorant3
1206 2279 1410 2326 patriarcha
1435 2280 1483 2312 ad
1507 2291 1644 2313 sacram
1667 2279 1716 2313 li-

273 2329 430 2372 turgiam
467 2329 719 2362 celebrandam
743 2329 831 2364 abit.
887 2330 969 2375 Qua
994 2329 1040 2362 ad
1065 2330 1172 2362 finem
1197 2327 1388 2373 perducta,
1412 2328 1610 2372 Imperator
1634 2337 1716 2359 mu-

274 2379 350 2408 tata
374 2381 474 2409 veste
507 2387 572 2422 per
607 2377 807 2419 triclinium
843 2377 956 2409 sancti
993 2376 1149 2420 sepulcri
1175 2375 1328 2416 transit,
1365 2373 1599 2407 cubiculariis
1633 2372 1715 2405 vela

276 2426 313 2454 et
337 2423 512 2464 cortinas,
538 2434 631 2469 quae
664 2423 718 2456 ibi
749 2428 852 2465 sunt,
888 2422 1140 2468 portantibus,
1174 2427 1211 2455 et
1233 2433 1298 2467 per
1321 2421 1517 2454 lateritiam
1552 2420 1717 2453 substru-

276 2469 435 2503 ctionem
468 2470 724 2516 cochleamque
759 2471 959 2503 triclinium
1001 2470 1210 2503 Danubium
1249 2469 1381 2509 intrat,
1411 2468 1477 2501 ubi
1510 2464 1718 2501 veneranda

275 2525 398 2548 mensa
425 2516 503 2550 eius
536 2518 715 2563 reposita,
750 2522 787 2550 et
817 2516 1104 2562 protospatharii
1139 2515 1302 2556 barbati,
1338 2513 1719 2560 spatharocandidati,

274 2563 513 2596 manclavitae
538 2565 722 2610 ceterique
746 2564 903 2597 ministri
929 2575 1052 2597 omnes
1078 2564 1283 2608 congregati
1309 2567 1412 2595 sunt:
1454 2573 1497 2595 ex
1521 2561 1598 2602 his,
1625 2570 1717 2605 quos

276 2619 409 2642 coenae
442 2610 609 2645 adhiberi
643 2612 842 2656 Imperator
874 2612 1040 2652 iusserit,
1072 2609 1138 2652 ibi,
1165 2610 1275 2643 ceteri
1301 2620 1487 2654 proceres,
1520 2607 1654 2652 singuli
1677 2606 1717 2640 in

277 2666 341 2687 suo
375 2657 566 2699 cubiculo,
598 2663 756 2692 manent.
818 2658 908 2704 (Vl.)
933 2659 1134 2703 Imperator
1158 2658 1198 2690 in
1221 2656 1423 2690 triclinium
1448 2653 1627 2690 Anastasii
1651 2651 1720 2684 ad-

277 2703 444 2746 ncendit,
463 2710 520 2748 et,
544 2706 705 2740 vestibus
731 2705 863 2747 exutis,
888 2705 926 2740 in
951 2716 1016 2739 suo
1044 2703 1223 2738 ‹libetesio
1249 2708 1388 2739 manet:
1414 2700 1609 2737 silentiarii
1630 2709 1718 2732 vero
