1878 3112
914 0 952 31 U

300 71 414 128 336
585 74 945 136 coNsTAN‘nm
997 93 1484 141 PORPHYROGENm

299 191 392 235 τίον
421 195 591 249 μέρους,
621 192 677 244 ὦς
698 199 832 250 φορεῖ,
862 191 995 246 οὕτως
1015 197 1237 252 ἐπαίρεται
1258 199 1333 241 καί
1359 197 1534 253 ἡνιοχεῖ,
1561 196 1637 241 καὶ
1656 196 1761 254 βάλ-

302 263 366 301 λει
393 262 543 302 πανιόν
573 266 746 314 σημεῖον
783 258 830 302 τὸ
862 261 1085 316 λεγόμενον
1126 259 1416 306 ἆλλιπανίσιον
1451 261 1558 321 πρὸς
1593 267 1668 307 ἕνα
1693 263 1762 307 ἶπ-

303 325 432 367 πικόν.
488 324 560 366 ἐὰν
589 327 636 367 δὲ
663 329 903 384 μετασταθῇ
932 330 992 378 εἰς
1020 327 1065 371 τὸ
1094 330 1245 385 μέρος,
1274 328 1378 373 ἔνθα
1406 335 1649 388 τοποτηρεΐ,
1680 345 1760 388 φο-

305 398 378 448 ρεῖ·
398 390 471 433 καί
494 395 792 446 γυμναστίκιον
819 391 924 436 κατὰ
949 392 994 436 τὸ
1020 396 1163 451 μέρος.

103 510 210 546 Ed.L.
230 510 294 556 196
868 506 972 554 Περὶ
1000 504 1203 554 διβερσίου.
1760 512 1786 555 5

417 583 568 640 Δείλης
596 583 833 634 κελεύοντος
869 586 942 628 τοῦ
978 588 1186 640 βασιλέως
1210 588 1408 642 γενέσθαι
1450 586 1497 630 τὸ
1528 588 1757 645 διβὲρσιον,

301 649 547 706 κατέρχεται
575 645 597 691 ὅ
628 645 893 707 άκτουάριος,
922 651 995 693 καί
1023 652 1144 708 φέρει
1170 650 1269 702 τούς
1298 653 1333 695 δ’
1363 650 1558 709 ἡνιόχους
1580 653 1758 696 καὶτῶν

303 714 380 756 δύο
406 717 549 772 μερῶν
576 717 678 766 τούς
706 715 935 768 ἐπιστάτας
964 719 1038 760 καί
1063 717 1161 768 τούς
1181 717 1402 775 θεωρητὰς
1429 719 1488 770 εἶς
1515 718 1564 761 τὸ
1593 720 1760 776 πρῶτον

301 787 500 837 σημεῖον,
542 781 617 825 καὶ
643 784 855 840 ἐπιτρέπει
885 784 1031 836 αὖτοῖς
1059 786 1230 841 ποιῆσαι
1258 785 1305 827 τὸ
1338 787 1550 842 διβέρσιον
1577 786 1651 828 καί
1686 785 1762 827 οἷν-

102 846 505 907 Με,ι37.1)ταλλάξαι
530 846 629 899 τούς
657 849 831 898 ἵππους.
869 851 943 892 καί
970 853 1173 908 φέρουσιν
1201 848 1239 893 οἱ
1267 848 1426 907 ἡνίοχοι
1452 848 1552 901 τούς
1581 850 1815 909 ἆφέταςη.)

302 911 355 957 τά
385 911 581 971 ἱππάρια,
606 915 705 964 τούς
733 917 1018 972 θυρανοίκτας
1045 916 1120 959 καί
1143 915 1242 966 τούς
1268 915 1501 973 θεωρητὰς,
1530 916 1604 958 κατ’
1623 932 1763 972 παρα-

305 980 476 1023 διδοῦσι
506 980 702 1037 ἀλλήλοις
742 980 795 1023 τά
825 979 997 1039 ἅρματα
1010 1017 1023 1037 ,
1071 981 1128 1039 μὴ
1171 980 1420 1033 ἀναλύοντες
1459 981 1535 1039 τὴν
1563 981 1762 1037 κομβίναν

303 1048 378 1103 τῆς
403 1049 589 1102 πρωϊνῆς
616 1050 693 1089 τοῦ
721 1046 755 1089 α’
786 1051 913 1102 βαΐου
949 1051 1060 1105 μηδὲ
1088 1048 1139 1092 τὰ
1167 1049 1396 1104 κάγκελλα,
1441 1047 1535 1092 ἀλλ’
1563 1049 1620 1099 ὦς
1649 1043 1761 1104 εἴρῆ·

303 1129 388 1166 ται,
419 1113 799 1170 ἀντιπαραδιδοῦσι
827 1113 924 1164 τοὺς
952 1117 1106 1166 ἵππους
1127 1114 1200 1157 καί
1220 1113 1318 1165 τούς
1347 1108 1673 1171 ὑπουργοῦντας,
1703 1113 1761 1162 ὥς

263 1179 582 1234 Βγνωρίζοντας
617 1178 691 1230 τάς
727 1195 770 1221 τε
811 1181 914 1230 ἕξεις
956 1179 1030 1223 καί
1068 1179 1120 1222 τὰ
1165 1179 1380 1236 κατάθηκα
1409 1177 1576 1222 αὐτῶν.
1629 1179 1680 1222 τὰ
1712 1178 1816 1223 δὲιό

305 1243 434 1301 σκεύη
457 1244 532 1286 οὔκ
555 1241 1028 1300 ἇντικαταλλάσσονται,
1057 1247 1148 1289 ἀλλ’
1170 1248 1338 1296 ἕκαστος
1360 1247 1419 1297 εἷς
1441 1244 1487 1289 τὸ
1515 1245 1620 1288 ἴδιον
1640 1247 1763 1288 σκεῦ-

306 1325 351 1362 ος
379 1316 520 1366 πατεῖ,
559 1313 632 1354 καί
659 1314 996 1369 πληροφοροῦσιν
1025 1309 1253 1368 ἆλλὴλους,
1290 1311 1349 1368 μὴ
1382 1313 1616 1369 προδοῦναι
1645 1307 1764 1366 ἅρμα

305 1374 495 1428 ἆτάκτως
522 1377 735 1435 προφάσει
768 1377 908 1432 δόλου,
939 1380 1123 1436 φοροῦσι
1153 1380 1198 1422 δὲ
1226 1379 1355 1421 πανιά
1383 1383 1548 1434 σημεῖα,
1579 1375 1765 1434 μηνύον-

255 1482 259 1487 ,
305 1460 360 1486 τα
390 1439 412 1484 ὃ
438 1445 514 1485 τοῦ
541 1446 722 1488 Βενέτου
747 1442 983 1501 Πράσινον,
1013 1443 1036 1486 ὅ
1063 1445 1140 1488 τοῦ
1162 1443 1387 1501 Πρασι’νου
1414 1446 1608 1498 Βένετον,
1637 1441 1658 1486 ὁ
1686 1433 1767 1485 rof}

305 1511 458 1553 λευκοῦ
486 1508 680 1567 ῥούσιον,
731 1509 754 1552 ὅ
782 1510 862 1552 τοῦ
892 1507 1064 1568 ῥουσίου
1094 1509 1255 1553 λευκόν.
1310 1511 1385 1553 καί
1413 1508 1454 1552 οἳ
1493 1510 1684 1560 νικῶντες
1717 1507 1826 1552 οἷ-αο

403 1613 437 1658 4,
457 1608 726 1659 γυμναστικὴν
749 1610 808 1648 ed.
932 1623 985 1650 n.
1010 1609 1296 1658 παραδίδουσιν
1319 1609 1499 1653 ἀλλήλους
1518 1609 1597 1644 cod.
1667 1627 1671 1631 ·
1709 1609 1762 1645 15.

401 1659 469 1698 τάς
494 1669 532 1694 τε
556 1659 652 1699 ἕξεις
689 1660 741 1701 R„
766 1657 833 1697 τάς
852 1668 892 1693 τε
915 1658 998 1702 ἓξης
1018 1661 1122 1701 cod.‚
1146 1657 1191 1693 τά
1210 1668 1249 1693 τε
1270 1657 1353 1703 ἑξῆς
1380 1657 1436 1692 ed.

308 1751 487 1792 reddunt,
512 1750 625 1796 inque
652 1750 774 1783 locum
811 1750 1014 1784 secedentis
1062 1749 1244 1795 bigarium
1273 1754 1499 1796 promovent.
1546 1749 1714 1786 vicarius
1736 1750 1769 1783 si

308 1810 354 1832 ex
371 1798 553 1831 contraria
575 1798 735 1831 factione
749 1823 758 1838 ‚
784 1802 826 1829 ut
844 1798 938 1830 solet
961 1809 1246 1843 nonnunquam,
1275 1803 1417 1830 sumtus
1438 1802 1510 1840 cst,
1534 1797 1587 1829 sie
1607 1797 1768 1842 eligitur,

309 1851 348 1880 et
364 1857 508 1878 currum
529 1845 662 1889 agitat,
688 1845 905 1890 signumque
923 1855 1067 1889 panno,
1094 1845 1194 1890 quod
1212 1845 1470 1891 allipanisium
1489 1849 1658 1886 vocatur,
1688 1844 1768 1877 sin-

308 1893 404 1938 gulis
428 1892 642 1937 spectaculis
666 1891 898 1937 equestribus
921 1892 999 1925 dat·
1043 1893 1082 1926 Si
1098 1903 1183 1926 vero
1207 1893 1247 1924 in
1274 1893 1492 1933 factionem,
1520 1893 1559 1924 in
1579 1902 1652 1936 qua
1667 1891 1766 1934 vica-

309 1941 406 1973 rium
425 1941 520 1984 agit,
546 1939 743 1972 translatus
767 1943 842 1981 est,
867 1939 977 1973 etiam
999 1949 1066 1985 pro
1085 1939 1256 1973 factionis
1287 1939 1429 1972 ratione
1455 1943 1592 1974 vestem
1615 1947 1764 1984 gymna-

309 1988 438 2021 sticam
464 1986 598 2020 induit.

646 2101 691 2123 DE
716 2101 942 2126 mvznsAnuu
958 2101 1173 2124 ‘rAcnome
1199 2099 1408 2126 CERTABHNB.

402 2168 598 2215 Postquam
614 2169 816 2214 Imperator
832 2169 974 2215 vesperi
997 2174 1180 2202 certamen
1201 2173 1370 2214 equestre
1391 2167 1613 2203 diversarum
1633 2167 1765 2202 factio-

309 2225 398 2248 num
422 2216 568 2249 institui
590 2217 718 2258 iussit,
742 2217 924 2250 actuarius
950 2216 1157 2257 descendit,
1184 2221 1220 2248 et
1245 2221 1403 2261 quatuor
1428 2215 1590 2260 aurigas,
1611 2214 1766 2249 duarum

309 2262 511 2296 factionum
537 2264 740 2308 praefectos
772 2269 808 2297 et
837 2264 1061 2309 inspectores
1091 2262 1138 2295 ad
1165 2263 1323 2307 primum
1343 2263 1484 2307 signum
1508 2261 1622 2303 ducit,
1645 2262 1765 2308 iisque

310 2309 511 2344 diversium
534 2311 727 2344 instituere
754 2316 791 2343 et.
808 2322 921 2356 equos
940 2311 1096 2345 invicem
1113 2315 1253 2343 mutare
1271 2310 1437 2355 imperat.
1479 2310 1636 2354 Aurigae
1657 2310 1766 2342 emis-

309 2368 431 2398 sores,
466 2368 578 2403 equos
609 2363 646 2390 et
675 2358 896 2403 inspectores
930 2357 1136 2398 adducunt,
1169 2368 1294 2390 curi-us
1330 2357 1401 2389 sibi
1434 2362 1563 2390 mutuo
1595 2357 1764 2400 tradunt3

309 2404 516 2438 combinam
542 2406 744 2438 matutinae
770 2405 994 2453 decursionis
1025 2405 1164 2450 primae
1185 2405 1327 2449 palmae
1361 2409 1398 2436 et
1430 2403 1608 2437 cancellos
1642 2409 1766 2437 tamen

309 2462 386 2485 non
414 2452 582 2493 solvunt,
611 2451 696 2493 sed,
722 2457 764 2485 ut
795 2451 951 2486 diximus
968 2478 977 2493 ,
1010 2462 1123 2498 equos
1157 2455 1194 2484 et
1222 2452 1408 2484 ministros
1439 2451 1511 2484 sibi
1539 2451 1765 2492 concedunt,

308 2504 352 2532 ut
377 2499 442 2546 qui
467 2504 604 2532 norunt
635 2499 853 2545 qualitatem
883 2510 1061 2545 equorum
1086 2503 1122 2532 et
1141 2497 1321 2532 rationem
1342 2509 1402 2531 eos
1427 2497 1618 2531 tractandi.
1666 2497 1764 2534 Vasa

307 2557 394 2579 vero
420 2557 496 2579 non
521 2551 730 2587 mutantur,
761 2546 826 2579 sed
858 2547 1112 2592 unusquisque
1144 2546 1294 2591 proprio
1322 2546 1485 2588 insistit,
1519 2544 1590 2578 fide
1613 2544 1766 2589 insuper

307 2592 354 2625 ab
373 2592 544 2626 omnibus
564 2593 669 2634 data,
692 2593 792 2626 nolle
818 2605 855 2626 se
876 2605 1020 2626 currum
1044 2594 1122 2626 sine
1145 2592 1274 2626 ordine
1299 2592 1500 2638 producere
1522 2591 1643 2637 specie
1665 2590 1764 2632 doli,

307 2640 433 2674 serunt
461 2651 610 2687 quoque
638 2652 778 2686 pannos
813 2652 876 2674 seu
907 2642 1032 2685 signa,
1057 2651 1076 2672 e
1114 2639 1249 2686 quibus
1275 2651 1295 2672 a
1313 2641 1463 2674 Venetis
1488 2643 1626 2685 gestata
1647 2637 1765 2672 Prusi-

307 2698 392 2720 nam
415 2692 566 2731 notant,
603 2699 623 2722 a
644 2688 800 2723 Prasinis
823 2689 1021 2731 Venetam,
1046 2688 1092 2721 ab
1120 2687 1214 2721 albis
1245 2698 1404 2730 russam,
1441 2698 1462 2720 a
1490 2686 1601 2720 russis
1630 2682 1765 2722 albam.
