1878 3112
289 149 361 190 nn
395 146 653 190 cmmon.
692 145 870 188 AULAE
920 143 1141 187 nYzAN'r.
1179 147 1232 187 11.
1260 145 1300 191 8.
1405 125 1518 200 539

99 247 371 302 σαμιζόμενος
399 250 639 303 προτίθεται
667 247 712 288 ἕν
737 248 791 303 τῇ
816 247 1007 303 ἐκκλησίᾳ
1035 247 1093 294 εἷς
1114 247 1388 301 προσκύνησιν
1414 249 1519 287 ποίν-

99 331 198 356 των.
225 315 299 356 καὶ
320 312 432 367 μετὰ,
452 311 526 367 τὴν
552 309 757 352 ἇπόλυσιν
782 313 857 352 τοῦ
883 306 1042 366 ὄρθρου
1073 313 1325 366 παρίσταται
1348 308 1463 360 ἅπας
1494 308 1519 351 δ

91 381 310 432 -βασίλειος
337 379 485 433 κλῆρος
510 374 682 430 ψάλλων
718 374 770 416 τά
802 374 962 430 συνήθη
998 374 1272 430 σταυρώσιμα
1287 409 1300 428 ,
1343 375 1427 418 καὶ·
1450 373 1520 416 ὅτε

100 442 363 485 κελεύσουσιν
394 440 433 483 οἶ
460 439 676 493 δεσπόται,
708 442 966 495 εἰσέρχονται
995 442 1069 480 καί
1094 439 1348 490 ἀσπάζονται
1378 438 1520 493 αὐτὸν,

70 507 172 550 ὄκαί
193 509 469 562 ἐπερχόμενοι
511 507 758 557 καθέζονται
797 506 868 546 ἐπί
892 507 969 546 τοῦ
990 507 1332 559 χρυσοτρικλίνου
1361 506 1421 553 εἷς
1446 503 1521 559 τὴν

96 570 257 627 συνήθη
282 573 355 613 καί
377 570 659 626 καθημερινὴν
684 572 959 625 ’προέλευσικ
1011 571 1085 610 καί
1125 567 1206 611 εἶθ’
1235 567 1363 620 οὕτως
1391 568 1522 625 αἴρων

55 645 58 648 “
90 636 123 679 «ὅ
150 638 308 685 παπίας
332 636 401 678 τὸν
426 638 563 689 τιζαιον
589 634 770 691 σταυρὸν
796 636 868 676 ἐπὶ
890 637 963 689 τῆς
991 637 1199 690 κεφαλῆς,
1229 633 1417 689 δηλονότι
1444 649 1523 690 φο·-

97 704 267 758 enimc
292 701 424 743 αὐτοῦ
449 703 758 756 σκαραμάγγιον
783 701 856 741 καί
881 701 1024 754 σαγίον
1052 698 1274 754 ἀληθινὸν,
1321 696 1553 752 ὄψικευὸ-(Ξ

95 782 219 820 μενος
258 765 340 808 ὖπό
379 769 455 808 τοῦ
492 766 707 819 βασιλείου
747 765 898 821 κλήρου
939 764 1012 806 καὶ
1045 767 1121 807 τοῦ
1156 762 1411 819 πρωτοπάπα
1447 766 1522 818 τῆς

36 832 272 887 ιοΔὰφνης
298 834 375 872 τοῦ
403 831 522 884 ἁγίου
553 828 769 886 Στεφάνου
798 830 871 872 καί
895 832 1142 886 διαιταρίων
1166 832 1243 872 τοῦ
1277 829 1395 884 ἁγίου
1423 829 1536 870 Ere-i

99 897 238 952 φάνου
266 896 339 937 καὶ
364 898 440 938 τοῦ
466 895 684 948 παλατίου,
712 894 873 937 πάντων
900 893 1049 950 κηρους
1073 893 1381 948 βασταζόντων,
1409 895 1522 949 διέρ-

95 977 219 1014 χεται
245 960 317 1002 διά
342 977 384 1003 τε
412 965 488 1002 τοῦ
513 961 689 1016 ἡλιακοῦ
713 961 787 1002 καί
810 963 887 1002 τοῦ
909 963 1277 1016 χρυσοτρικλίνου,
1316 960 1391 1001 καί
1414 959 1524 999 ἀπα-

98 1022 272 1079 γόμενος
298 1027 543 1079 προτίθεται
571 1026 630 1075 εἰς
656 1025 932 1080 προσκύνησιν
957 1024 1092 1080 πάσης
1126 1027 1199 1079 τῆς
1221 1025 1449 1078 συγκλήτου
1478 1023 1524 1065 ἐν

97 1092 158 1146 τῷ
184 1091 395 1147 λαυσιακςό
443 1092 488 1132 ἑν
529 1089 587 1147 τῷ
614 1086 817 1147 ἆριστερῷ
840 1092 960 1146 μέρει
986 1089 1066 1145 πρὸ
1094 1090 1167 1144 τῆς
1193 1089 1326 1143 πύλης
1350 1089 1428 1130 τοῦ
1452 1087 1524 1128 εὖ·-

49 1155 262 1209 ι5κτηρίου
286 1156 362 1196 τοῦ
387 1153 503 1208 ἁγίου
530 1156 771 1196 Βασιλείου.
813 1155 887 1196 καί
912 1153 1018 1207 μετὰ
1042 1153 1115 1209 τὴν
1141 1153 1415 1209 προσκύνησιν
1439 1151 1523 1194 πά-

83 1223 162 1262 λιν
185 1215 433 1272 βαστάζεται
459 1218 574 1274 παρὰ
598 1222 674 1260 τοῦ
699 1220 870 1271 παπίου,
900 1219 1087 1274 δηλονότι
1115 1214 1414 1272 ὄψικευόμενοζ
1439 1215 1522 1259 ὖπό

93 1284 179 1325 τῶν
204 1284 535 1339 προειρημένων,
589 1286 662 1325 καί
686 1284 929 1325 ἅποτιθεται
955 1285 999 1326 ἐν
1036 1286 1093 1340 τῷ
1118 1283 1303 1340 παλατίῳ
1329 1285 1402 1338 τῆς
1428 1282 1520 1326 Δό-

95 1363 201 1404 φνης
226 1349 272 1390 ἒν
298 1349 356 1404 τῷ
382 1350 465 1405 ναῷ
491 1350 568 1390 τοῦ
594 1349 713 1402 ἁγίου
742 1350 1091 1404 πρωτομᾰρτυρος
1117 1347 1344 1404 Στεφάνου.
1363 1349 1439 1404 ’τῇ
1467 1347 1557 1388 δὲῙ)

94 1411 152 1468 κη’
194 1414 271 1454 τοῦ
309 1410 487 1456 Ἰουλίου
524 1412 652 1468 μηνὸς
688 1408 866 1468 ἄρχεται
903 1411 1192 1468 περιπολεὺειν
1234 1412 1305 1453 καί
1338 1410 1519 1466 ἁγιάζειν

43 1478 227 1519 annana
254 1476 382 1519 τόπον
420 1479 494 1519 καί
531 1480 672 1519 πᾶσαν
700 1477 832 1519 οἰκίαν
859 1477 1009 1532 ταύτης
1034 1479 1109 1531 τῆς
1134 1474 1420 1532 θεοφυλάκτου
1448 1478 1522 1518 καὶ

94 1543 308 1597 βασιλίδος
334 1539 515 1594 πόλεως,
556 1541 661 1584 ἀλλά
690 1541 774 1597 μὴν
797 1543 871 1583 καί
895 1540 1006 1583 αὐτὰ
1032 1541 1086 1584 τὰ
1112 1544 1251 1596 τείχη,
1287 1540 1344 1589 ὥς
1370 1536 1423 1582 ἂν
1448 1542 1520 1583 καί

94 1684 346 1718 balsamisatur
369 1686 426 1718 vel
448 1686 634 1731 inungitur
660 1687 767 1719 sacris
791 1686 981 1730 unguentis
1006 1698 1026 1719 a
1051 1684 1152 1732 [cleri
1174 1683 1276 1732 regii]
1299 1688 1517 1730 protopapa3

97 1731 182 1764 dein
217 1734 433 1777 proponitur
463 1733 514 1764 sic
538 1734 577 1765 in
601 1733 750 1766 ecclesia
785 1732 917 1780 [magni
949 1733 1098 1777 palatii,
1122 1732 1301 1776 Deiparae
1325 1730 1452 1772 Phari,
1475 1735 1517 1764 ut

93 1777 256 1819 videtur,
286 1783 349 1811 aut
378 1785 415 1812 et
438 1777 529 1824 nea]
567 1780 748 1812 communi
771 1780 932 1811 omnium
955 1778 1169 1811 adorationi.
1217 1779 1310 1811 Tum
1329 1782 1411 1822 post
1432 1777 1518 1811 fini-

94 1828 172 1856 tum
218 1823 371 1856 officium
412 1826 627 1858 matutinum
672 1824 812 1858 accedit
852 1825 898 1858 ad
945 1835 1024 1857 eam
1067 1829 1225 1857 sanctam
1261 1825 1437 1865 Crucem,
1479 1828 1518 1857 et

96 1881 214 1904 eoram
255 1881 297 1903 ea
332 1871 495 1904 consistit
531 1875 628 1904 totus
657 1872 771 1905 clerus
791 1886 795 1892 ·
813 1871 1013 1916 palatinus,
1057 1881 1186 1903 canens
1223 1876 1392 1904 consueta
1415 1874 1518 1902 stau-

94 1916 227 1967 rosim?
268 1916 327 1951 vel
364 1917 500 1951 cantica
534 1917 573 1949 in
609 1918 753 1951 laudem
795 1917 928 1951 Crucis.
998 1917 1165 1957 Domini,
1207 1917 1237 1948 si
1268 1916 1415 1957 volunt,
1441 1915 1518 1962 [ex-

96 1967 223 1995 euntes
267 1973 287 1995 e
323 1974 422 1995 sacro
466 1962 633 1996 cubiculo
648 1989 658 2004 ,
695 1969 779 1996 ante
818 1968 1023 1997 consuetam
1060 1961 1349 2009 processionem]
1377 1964 1519 1997 intrant

98 2007 161 2056 [in
193 2008 404 2056 ecclesiam]
439 2014 476 2042 et
508 2010 667 2043 venerati
691 2010 840 2044 Crucem
879 2009 1037 2050 abeunt,
1077 2008 1307 2054 residentque
1341 2010 1381 2041 in
1412 2007 1518 2051 chry-

97 2055 280 2088 notriclino
321 2061 357 2088 et
391 2060 566 2100 peragunt
605 2067 673 2097 ea,
706 2067 798 2102 quae
835 2057 874 2089 in
912 2060 1082 2089 consueta
1117 2054 1330 2100 quotidiana
1371 2065 1518 2099 proces-

97 2100 199 2134 sione
240 2102 297 2134 vel
341 2108 519 2135 conventu
553 2113 741 2146 procerum
775 2104 815 2135 in
842 2103 963 2135 aulam
1003 2102 1125 2146 peragi
1155 2112 1232 2133 mos
1264 2107 1327 2134 est„
1385 2101 1515 2145 Papias

97 2150 175 2179 tum
205 2146 382 2180 sublatam
417 2148 455 2180 in
479 2148 595 2192 eapite
620 2159 744 2192 gerens
770 2155 925 2182 sanctam
953 2148 1121 2188 Crucem,
1146 2147 1293 2180 indutus
1317 2157 1517 2180 scaraman-

97 2191 156 2235 gio
180 2197 218 2225 et
237 2205 320 2237 sago
357 2205 538 2238 purpureo
580 2196 805 2240 stipatusque
837 2194 1013 2242 obsequio
1040 2194 1127 2227 cleri
1150 2193 1303 2238 palatini
1328 2198 1365 2226 et
1387 2198 1516 2238 proto-

96 2248 211 2282 papae
233 2239 267 2271 S.
292 2239 465 2283 Stephani
486 2239 654 2285 Daphnes
688 2246 726 2273 et
751 2242 1007 2275 diaetariorum
1031 2245 1104 2273 tam
1129 2240 1163 2273 S.
1188 2239 1383 2285 Stephani,
1410 2249 1519 2284 quam

95 2283 248 2327 palatii,
273 2290 311 2318 et
334 2284 460 2318 horum
484 2285 631 2331 quidem
667 2288 827 2320 omnium
850 2298 969 2321 cereos
996 2286 1211 2331 gestantium
1225 2310 1235 2326 ,
1258 2284 1423 2330 procedit
1449 2284 1521 2330 [ex

98 2329 249 2362 ecelesia
270 2330 424 2377 palatii]
451 2342 516 2376 per
537 2331 718 2365 heliacum
750 2344 813 2366 seu
857 2335 1027 2367 solarium
1071 2331 1154 2379 [illi
1176 2329 1418 2376 praetensum]
1435 2354 1445 2369 ‚
1482 2333 1520 2362 et

95 2379 241 2420 praeter
275 2375 594 2418 chrysotriclinum.
666 2378 755 2412 Inde
786 2379 939 2412 ulterius
968 2379 1109 2423 prolata
1137 2378 1232 2411 Crux
1258 2377 1453 2420 deponitur
1482 2379 1521 2408 et

97 2422 290 2464 exponitur
315 2423 491 2455 communi
506 2424 618 2456 totius
641 2430 784 2458 senatus
809 2424 1013 2458 adorationi
1045 2425 1084 2456 in
1107 2424 1283 2462 lausiaco,
1308 2427 1346 2454 et
1370 2420 1519 2465 quidem

95 2466 137 2499 in
162 2467 239 2498 eius
263 2467 406 2501 sinistra
428 2473 529 2513 parte
554 2475 637 2503 ante
657 2476 798 2514 portam
822 2471 972 2504 eucterii
995 2470 1029 2503 S.
1054 2469 1190 2502 Basilii.
1235 2467 1427 2501 Adoratam
1447 2466 1521 2497 ita-

98 2523 171 2558 que
194 2511 249 2544 ibi
273 2512 422 2546 Crucem
446 2525 566 2547 rursus
597 2517 734 2549 attollit
769 2518 915 2560 papias,
950 2521 988 2549 et
1008 2514 1174 2560 procedit
1198 2513 1324 2547 eodem
1348 2513 1387 2544 in
1410 2510 1519 2544 obse-

99 2557 201 2602 quio·
227 2556 449 2602 deponitque
471 2559 509 2592 in
532 2561 666 2604 palatio
691 2561 861 2606 Daphnes
886 2564 925 2594 in
956 2561 1091 2605 templo
1110 2561 1224 2593 sancti
1246 2557 1518 2602 protomartyris

99 2603 283 2647 Stephani.
308 2604 377 2636 Die
395 2614 479 2637 vero
506 2606 676 2649 vigesimo
690 2612 728 2640 et
750 2611 876 2640 octavo
899 2606 1031 2639 mensis
1053 2606 1139 2639 Iulii
1153 2605 1281 2648 incipit
1304 2603 1399 2635 Crux
1413 2602 1517 2636 obire

98 2653 209 2694 atque
231 2649 450 2682 sanctificare
461 2660 603 2685 omnem
621 2652 738 2685 locum
753 2663 966 2698 omnemque
980 2651 1123 2685 domum
1147 2651 1262 2694 regiae
1275 2649 1383 2682 huius
1405 2648 1516 2688 urbia,

98 2705 204 2741 qnam
234 2695 330 2730 Deus
367 2702 574 2730 conservare
605 2697 713 2742 velit5
744 2708 863 2744 neque
893 2697 1056 2736 aedificia
1085 2701 1250 2737 tantum,
1274 2693 1338 2729 sed
1360 2699 1398 2729 et
1419 2695 1515 2740 ipsos
