1832 3112
277 111 310 150 L
526 108 599 150 10.
643 105 806 149 HENR.
850 105 1048 147 LEICHII
1087 103 1515 148 COMMENTA'rlo·

279 212 459 267 perando
489 227 612 266 regno
636 212 801 252 consilia
829 209 974 250 volvit.
1031 209 1154 260 Quod
1187 223 1280 249 cum
1310 211 1434 249 vax-iis
1460 210 1614 250 artibus
1633 218 1725 251 ten-

279 276 426 319 tasset,
459 270 703 307 tutissimum
745 268 878 305 visum
916 272 1000 315 est,
1028 264 1276 318 Stephanum
1312 272 1354 304 et
1387 265 1695 306 Constantinum
1710 297 1725 318 ,

281 324 454 364 Romani
478 324 595 373 filios,
623 322 840 375 cupiditate
876 319 1069 373 regnandi
1100 321 1330 360 accendere.
1386 320 1554 360 Dudum
1573 320 1632 360 illi
1659 335 1728 376 pa·

281 387 399 418 terno
419 379 512 417 odio
538 378 752 427 ardebant,
783 376 894 429 quod
914 376 1118 414 Romanus
1131 405 1142 426 ,
1170 382 1407 416 testamento
1426 378 1591 429 scripto,
1612 379 1726 430 prin-

282 437 414 488 cipem
440 434 573 473 locum
596 432 945 486 Porphyrogenito
970 431 1192 470 tribuerat:
1223 431 1450 484 Stephanus
1481 434 1725 485 praecipue,

283 505 405 543 quem
437 491 532 528 satis
558 490 639 526 iam
667 487 888 540 proclivem
923 485 1038 525 facile
1077 485 1246 525 Basilius
1264 514 1276 536 ,
1309 489 1508 540 particeps
1543 487 1728 540 consilii,

285 546 497 599 permovit.
552 543 589 581 ls
619 542 716 581 olim
746 543 960 581 honestum
991 540 1175 580 ordinem
1200 541 1367 580 duxerat
1384 569 1396 592 ‚
1435 544 1500 581 vir
1530 542 1728 596 callidus,

287 609 328 639 et
365 602 407 639 in
445 600 578 637 animo
617 598 808 651 Stephani
851 596 1010 636 validus
1025 625 1037 646 ,
1085 610 1230 649 quem,
1279 599 1576 650 opportunitate
1607 598 1700 637 data
1716 629 1730 650 ,

287 656 525 694 admonuit:
561 655 778 706 imperium
800 666 918 705 aegre
945 666 968 690 a
990 652 1192 704 decrepito
1223 665 1316 691 sene
1339 653 1542 704 sustineri,
1571 654 1731 693 viribus

288 712 512 762 animisque
538 723 639 762 opus
662 722 773 755 esse,
804 722 855 746 nc
882 708 987 759 Ugri
1003 736 1014 755 ,
1043 719 1095 744 ne
1115 707 1278 758 Bulgari
1294 737 1306 759 ,
1342 720 1395 746 ne
1435 708 1622 749 Saraceni
1657 708 1731 747 ali-

289 767 389 819 quid
436 777 636 803 novarum
669 777 805 803 rerum
843 762 1108 811 molirentur,
1147 760 1278 801 solum
1316 762 1565 816 Stephanum
1595 769 1734 803 tantae

288 820 387 861 moli
418 834 558 873 parem
583 833 681 858 esse:
711 819 882 867 videret,
911 831 962 856 ne
992 824 1075 855 tam
1093 816 1300 868 praeclara
1323 818 1493 869 indoles,
1521 826 1583 858 tot
1611 831 1733 858 orna-

289 883 426 916 menta
465 876 661 914 virtutum
675 903 687 924 ,
726 874 871 912 inertia
904 872 1226 912 obscurarentur.
1281 873 1521 913 Adiutorem
1545 873 1734 928 Porphy-

291 932 520 985 rogeuitum
555 930 641 968 fore
659 958 671 979 ,
704 930 768 968 cui
809 927 912 967 nihil
944 929 1146 980 antiquius
1170 930 1242 977 sit,
1265 942 1387 981 quam
1408 943 1500 968 eum
1534 943 1702 984 regnare
1720 958 1734 980 ‚

291 990 363 1041 qui
386 987 437 1025 ad
465 985 569 1024 hanc
590 999 701 1036 spem
730 985 886 1037 genitus
912 989 1014 1022 esset
1037 985 1085 1033 ¹).
1143 983 1284 1036 Itaque
1315 984 1520 1024 Romanus
1551 998 1735 1039 compre-

290 1042 465 1091 hensus,
497 1042 540 1079 in
570 1040 722 1079 Proten
746 1038 920 1077 insulam
940 1037 1141 1091 relegatur
1163 1046 1202 1077 et
1225 1039 1517 1078 monachorum
1544 1042 1626 1079 ritu
1647 1047 1741 1079 ton-

289 1097 435 1136 detur:
480 1109 636 1135 summa
664 1095 822 1148 imperii
847 1094 900 1132 ad
932 1093 1036 1132 filios
1065 1100 1105 1132 et
1146 1093 1542 1149 Porphyrogenitum
1580 1095 1712 1134 delata
1725 1124 1739 1146 ,

291 1154 427 1191 statim
467 1153 652 1204 apparuit
669 1180 680 1201 ,
724 1149 913 1198 arduum,
942 1148 1082 1187 eodem
1127 1147 1216 1188 loco
1250 1152 1471 1202 potentiam
1502 1157 1542 1190 et
1573 1164 1742 1190 concor-

294 1207 403 1246 diam
434 1220 534 1255 esse,
556 1220 648 1244 cum
671 1205 714 1243 id
739 1212 873 1258 ageret
902 1203 1145 1256 Stephanus,
1179 1212 1226 1243 ut
1248 1204 1356 1243 solus
1380 1219 1427 1244 ea
1458 1206 1651 1260 dignitate
1668 1219 1743 1260 po-

293 1265 455 1301 tiretur.
515 1262 672 1300 Interea
699 1261 1007 1299 Constantinum
1034 1259 1189 1298 Helena
1218 1258 1419 1313 Augusta,
1450 1268 1498 1300 ut
1516 1269 1602 1300 tam
1629 1261 1744 1300 nefa-

295 1319 378 1356 rios
408 1331 528 1356 ausus
550 1315 1008 1369 comprimeret,excitat,
1043 1316 1113 1366 qui
1131 1328 1214 1366 eos,
1246 1317 1378 1368 specie
1409 1318 1619 1367 amicitiae,
1653 1330 1745 1370 epu-

296 1372 347 1411 lis
378 1372 603 1421 adhibitos,
630 1378 721 1424 post
757 1370 1020 1424 quadraginta
1050 1370 1205 1408 dierum
1235 1371 1474 1423 imperium,
1510 1373 1553 1411 in
1582 1371 1745 1411 exilium

298 1427 428 1481 pellit.
487 1427 535 1465 Id
551 1427 778 1479 Stephanus
793 1426 909 1465 XIX.
922 1438 1047 1463 annos
1071 1439 1217 1478 magno
1241 1428 1375 1465 animo
1399 1428 1442 1465 in
1466 1427 1596 1467 Lesbo
1615 1427 1747 1467 insula

299 1482 410 1531 tulit,
441 1482 742 1532 Constantinus,
772 1481 929 1519 duobus
950 1481 1064 1518 aunis
1092 1487 1183 1532 post
1198 1509 1210 1530 ,
1248 1481 1300 1519 ad
1329 1483 1482 1520 maiora
1499 1512 1512 1533 ,
1549 1489 1590 1522 et
1620 1485 1748 1536 magis

300 1539 536 1592 praecipitia
567 1551 783 1576 conversus
798 1565 810 1587 ,
849 1549 942 1574 cum
981 1536 1217 1587 Byzantium
1249 1543 1447 1589 repeteret
1464 1565 1476 1586 ,
1521 1551 1545 1576 a
1571 1537 1748 1577 custodi*-

302 1595 380 1633 bus
418 1600 477 1630 est
498 1594 732 1631 interemtus
765 1593 809 1641 2).
874 1591 939 1629 Sic
978 1590 1142 1628 tandem
1184 1590 1292 1630 solus
1330 1593 1467 1631 rerum
1501 1594 1653 1645 potitus
1691 1599 1752 1632 est

304 1648 693 1701 Porphyrogenitus,
732 1649 796 1685 cui
831 1645 998 1684 insidiae
1023 1659 1047 1682 a
1075 1644 1259 1698 plurimis
1287 1654 1451 1700 paratae
1478 1654 1586 1686 sunt.
1644 1647 1751 1687 Nam

305 1710 345 1743 et
366 1702 650 1754 Theophanes,
678 1703 864 1754 princeps
904 1699 1253 1739 Cubiculariorum
1268 1730 1280 1751 ,
1308 1703 1552 1752 Romanum,
1581 1709 1620 1742 et
1649 1703 1751 1742 Gre—

307 1760 442 1812 gorius
472 1758 658 1807 Macedo,
689 1756 839 1795 allectis
859 1757 901 1793 in
931 1762 1160 1794 socletatem
1184 1755 1302 1795 claris
1329 1765 1368 1796 et
1387 1757 1611 1797 illustribus
1634 1758 1751 1808 viris,

307 1813 557 1865 Stephanum
585 1813 756 1864 imperio
775 1814 921 1850 iterum
948 1810 1162 1848 admovere
1191 1813 1276 1850 ausi
1302 1819 1420 1852 sunt:
1454 1815 1498 1851 in
1517 1820 1752 1866 utrumque,

309 1868 465 1906 detecta
495 1867 675 1919 perfidia,
706 1867 882 1919 graviter
907 1872 966 1903 est
991 1865 1332 1906 animadversum.
1393 1867 1494 1907 Post
1517 1867 1618 1907 haec
1643 1868 1753 1907 Con-

405 1986 449 2010 ex
485 1975 631 2008 Graecis
669 1974 905 2020 Theophanis
940 1973 1149 2008 Continuat.
1179 1986 1216 2020 p.
1241 1976 1320 2011 280.
1361 1981 1400 2010 et
1430 1977 1582 2011 Zonaras
1610 1988 1647 2023 p.
1677 1976 1753 2023 ¹95·

405 2027 598 2055 testantur.

366 2069 399 2115 ι)
435 2068 619 2101 Cedrcnus
647 2079 726 2114 pag.
774 2068 853 2102 633.
918 2067 1146 2101 vetustiores
1190 2073 1338 2109 tamen,
1393 2079 1440 2102 ne
1482 2080 1538 2102 res
1571 2069 1757 2115 vituperio

412 2115 651 2149 Constantino
687 2120 800 2155 esset,
834 2114 992 2147 filiorum
1016 2114 1085 2147 hoc
1109 2114 1223 2148 scelus
1248 2115 1380 2156 fuisse,
1404 2115 1611 2160 perhibent,
1637 2121 1674 2150 et
1697 2116 1758 2150 in-

412 2163 485 2195 scio
512 2163 590 2206 ipso
616 2162 812 2195 Romanum
851 2171 961 2204 regno
999 2161 1154 2205 pulsum.
1183 2161 1242 2196 .V.
1269 2162 1416 2196 Simeon
1451 2161 1653 2207 Logotheta
1676 2174 1757 2208 pag.

413 2209 492 2253 493.
527 2209 660 2250 ceteri,
701 2219 780 2241 cum
827 2208 959 2254 quibus
990 2207 1235 2253 Luitprandus
1273 2208 1311 2241 L.
1346 2209 1388 2242 V.
1429 2220 1458 2247 c.
1489 2221 1522 2254 9.
1557 2211 1758 2251 consentit,

411 2256 634 2300 nimiamque
670 2255 709 2288 in
734 2255 827 2288 filios
854 2255 1079 2287 severitatem
1105 2255 1216 2288 exitio
1241 2255 1353 2288 fuisse
1381 2255 1560 2297 Romano,
1593 2260 1760 2294 testatur.

413 2303 450 2348 2)
475 2303 517 2334 In
540 2302 800 2335 monasterium
832 2300 983 2334 Romani
1014 2300 1083 2334 filii
1118 2301 1257 2336 detrusi
1291 2306 1394 2342 sunt,
1428 2301 1528 2347 quod
1557 2302 1760 2336 timendum

411 2349 652 2383 Constantino
682 2352 780 2388 erat,
820 2359 866 2381 ne
892 2359 929 2381 se
964 2346 1159 2392 aliquando
1194 2359 1330 2382 summa
1355 2347 1532 2394 dignitate
1554 2350 1761 2393 privarent:

415 2397 468 2429 sic
499 2394 664 2440 Theoph.
696 2395 840 2428 Contin.
866 2406 900 2438 p.
927 2405 1004 2438 27¹·
1051 2395 1212 2428 Zonaras·
1230 2406 1266 2440 p.
1294 2395 1368 2439 ¹95-
1393 2395 1468 2428 alii.
1514 2395 1762 2441 Luitprandus

416 2447 538 2486 contra
561 2447 665 2474 autor
689 2447 762 2482 est,
787 2441 1086 2481 Constantinum,
1111 2452 1190 2474 cnm
1218 2441 1324 2475 certis
1350 2441 1496 2475 indiciis
1523 2443 1763 2487 cognovisset,

419 2489 493 2521 sibi
514 2488 559 2521 ab
588 2489 675 2533 ipsis
701 2488 851 2522 insidias
872 2487 1010 2532 parari,
1035 2497 1159 2520 eorum
1184 2488 1336 2521 consilia
1358 2490 1616 2532 praevertisse,
1634 2494 1763 2535 'utque
1827 2510 1830 2514 ι

416 2534 716 2581 philosophatum
749 2535 1002 2574 mitterentur,
1041 2533 1197 2567 iussisse.
1245 2533 1498 2578 Philosophiae
1523 2536 1620 2570 enim
1643 2534 1764 2569 nomi..

418 2594 466 2615 ne
494 2593 589 2616 sacra
621 2580 878 2615 monachorum
911 2580 1032 2614 studia
1068 2581 1201 2623 passim
1234 2580 1280 2614 ab
1305 2582 1382 2614 eins
1407 2582 1557 2624 aetatis,
1595 2587 1633 2616 et
1655 2587 1762 2616 vetu-

419 2629 592 2707 :itioribns
625 2627 860 2709 stgriptoribus
885 2631 1142 2662 memorantur.
1191 2626 1233 2662 V.
1258 2626 1435 2662 cotelerii
1459 2634 1693 2664 monumenta
1717 2627 1760 2662 Τ.

440 2699 447 2707 .
472 2686 507 2720 p.
526 2679 599 2712 181·
630 2688 639 2710 ι
672 2686 702 2720 7.
