1878 3112
309 131 380 170 DE
402 127 676 171 zcEmMon.
698 126 894 169 'AULAE
924 122 1153 168 mmm.
1194 127 1247 167 ιι.
1277 129 1315 170 1.
1431 103 1535 160 521

117 228 282 283 woh-mv
309 229 552 284 ἀντίληψιν,
578 228 760 270 δίὃονται
796 229 956 280 μίνσαι,
992 224 1107 282 ὥρας
1131 225 1272 282 τρίτης
1310 224 1546 280 πληρουμέ-

118 308 200 346 νης.
256 294 415 345 ἰστέον,
457 290 517 335 ὅτι
533 324 547 346 ,
588 295 663 346 τῆς
702 290 814 347 ιῖίρας
851 289 1186 346 καταλαβούσης,
1234 287 1299 332 ὅτε
1315 291 1547 343 »μέλλουσιν

120 359 308 410 γίνεσθαι
345 357 519 410 με’νσαι,
563 359 671 411 λέγει
708 356 730 399 ὅ
756 355 955 410 βασιλεῦς
993 355 1097 412 πρὸς
1133 354 1205 397 τὸν
1237 358 1412 397 παπίαν·
1467 348 1548 407 „12¹-

119 425 274 474 πελθε,
310 422 479 475 ποίησον
514 422 699 474 μι’νσας.”
753 422 826 463 καὶ
865 421 1023 469 εὐθέως
1068 419 1202 475 αἴρων
1228 417 1249 460 o‘
1277 421 1434 468 παπίας
1465 415 1547 459 dm)

93 487 194 527 51⁰5
232 485 414 538 σκάμνου
439 484 490 528 τοὶ
519 488 694 540 κλειδιά,
727 484 994 541 ἐξερχόμενος
1019 487 1163 527 ταῦτα
1204 483 1401 538 διασείει,
1418 509 1424 514 -
1443 479 1552 525 ὥστε

118 551 168 606 τῇ
193 548 348 592 τούτων
376 551 574 593 διασείσει
601 550 755 592 κτύπον
786 551 1081 591 ἀποτελεῖσθαι
1097 582 1110 603 ‚
1132 549 1218 591 ’ἵνα
1242 547 1314 590 ’διὰ
1339 550 1414 590 τοῦ
1444 546 1616 594 nti-ms.
1632 558 1739 606 177.b

119 630 199 656 που
234 617 362 668 γνῶσι
400 617 556 669 πάντες,
595 617 838 672 ἔξέρχεσθαι
874 612 946 657 τὸν
974 616 1134 656 παπιάν
1172 616 1344 669 ποιῆσαι
1381 613 1543 667 με’νσας.
1556 625 1588 658 D

121 680 279 732 ἰστέον,
307 676 370 722 ὅτι
393 686 483 730 ταῖς
509 685 808 736 καθημεριναῖς
838 679 860 722 ὅ
895 679 1093 734 βασιλεὺς
1118 681 1164 722 έν
1189 683 1246 736 τῷ
1270 678 1375 734 πρὸς
1401 679 1663 727 α’νατο-Εςιι.
1673 690 1738 726 301

123 743 200 794 λιὲς
228 746 347 803 δεξιῷ
371 747 490 802 μέρει
515 749 590 788 τοῦ
616 744 774 803 θρόνου
814 748 860 788 ἐν
892 748 948 802 τῷ
988 747 1121 788 ἐκεῖσε
1158 744 1363 803 ἱσταμένῳ
1400 743 1549 801 χρυσῷ

72 812 265 867 ιοσελλίῳ
282 813 503 861 καθέζεται
532 811 613 853 α’πὸ
636 812 950 868 σκαραμαγγίου
982 806 1082 853 ἄνευ
1111 813 1189 852 τοῦ
1212 807 1551 866 χρυσοπερικλεί-

121 890 218 917 στου
246 876 416 929 σαγίου·
470 878 515 919 ἐν
554 878 602 918 δὲ
636 882 729 925 ταῖς
768 881 985 932 κυριακαῖς
1021 877 1067 918 ἐν
1107 877 1164 933 τῷ
1191 876 1397 932 ἀριστερῷ
1423 875 1544 930 μέρει

120 942 193 981 τοῦ
220 937 348 981 αὐτοῦ
373 939 524 996 θρόνου
563 943 607 984 έν
641 944 697 999 τῷ
734 943 866 984 ἐκεῖσε
893 940 1097 999 ἱσταμένῳ
1124 938 1445 997 βλαττοστρῶτῳ
1472 955 1550 981 κα-

121 1005 286 1055 θέζεται
311 1008 470 1063 σελλίῳ,
500 1009 845 1062 περιβεβλημένος
869 1009 943 1048 καί
964 1006 1010 1048 τὸ
1036 1007 1449 1062 χρυσοπερίκλειστον
1470 1021 1554 1047 ‹oa-

121 1071 234 1123 yt'ov.
285 1069 359 1112 καὶ
395 1069 474 1127 πρὸ
501 1074 577 1113 τοῦ
601 1074 803 1114 εἰσελθεῖν
843 1070 914 1114 τὸν
950 1073 1172 1126 λογοθέτην
1216 1072 1476 1126 εἰσέρχονται
1512 1067 1554 1111 οἶ

75 1136 198 1180 ι5τοῦ
219 1137 591 1191 χρυσοτρικλίνου·
643 1134 800 1190 εἰσάγει
842 1137 890 1178 δὲ
916 1135 1096 1185 τούτους
1133 1133 1158 1178 ὃ
1195 1132 1375 1189 παπιἀς,
1416 1135 1490 1176 καί
1515 1134 1555 1176 ἴ-

124 1213 295 1241 στανται
322 1198 440 1242 ἔνδον
466 1203 543 1243 τοῦ
572 1203 730 1258 συρτοῦ
754 1199 862 1257 πρὸς
888 1202 1008 1243 δύσιν
1031 1199 1178 1255 βήλου.
1231 1202 1378 1253 ἰστέον,
1409 1196 1487 1254 ὅτι,
1515 1200 1557 1241 εἰ

122 1266 314 1322 βουληθῇ
339 1265 580 1308 θεάσασθαι
617 1263 639 1307 ὃ
678 1265 877 1319 βασιλεὺς
903 1265 1099 1314 ἐθνικούς
1131 1281 1257 1318 τινας,
1285 1267 1332 1307 ἐν
1357 1267 1413 1323 τῷ
1440 1264 1556 1322 αὐτῷ

127 1330 333 1386 ἀριστερῷ
356 1332 473 1387 μέρει
500 1333 576 1373 τοῦ
600 1330 755 1387 θρόνου
783 1332 1016 1384 καθέζεται,
1043 1333 1390 1387 περιβεβλημένος
1409 1329 1483 1371 καὶ
1505 1325 1551 1371 τὸ

123 1397 537 1450 χρυσοπερίκλειστον
562 1399 727 1451 (raythu,
769 1399 843 1438 καί
866 1398 1203 1452 προεισέρχονται
1231 1395 1383 1448 ὅμοίως
1410 1393 1449 1436 οἱ
1476 1393 1552 1436 τοῦ

74 1464 484 1515 ποχρυσοτρικλίνου,
523 1465 596 1503 καί
625 1464 815 1504 ἵστανται
826 1495 839 1514 ,
883 1463 939 1510 ὥς
966 1461 1140 1516 εἴρηται.
1196 1463 1342 1512 ἰστέον,
1370 1456 1434 1501 ὅτι
1459 1464 1589 1509 ταΐςΒ

128 1531 348 1580 κυριακαΐς
376 1527 420 1567 οἳ
442 1542 486 1567 τε
513 1525 738 1582 μάγιστροι,
757 1527 828 1568 καί
852 1529 1059 1582 πατρίκιοι
1086 1528 1160 1567 καί
1189 1522 1450 1581 ὄφφικιάλιοι
1475 1539 1554 1577 με-

127 1587 178 1631 τὰ
204 1590 359 1643 σαγίων
387 1589 488 1646 ῥοῆς
517 1592 772 1646 εἰσέρχονται
801 1593 859 1640 εἰς
886 1590 959 1646 τὴν
986 1593 1256 1647 προέλευσιν,
1286 1595 1377 1640 ταῖς
1405 1591 1452 1630 δὲ
1478 1605 1554 1630 zea-

128 1657 374 1710 θημεριναῖς
401 1653 483 1695 α’πὸ
512 1657 845 1711 σκαραμαγγιῖυν.
898 1656 1054 1709 ἰστέον,
1093 1652 1185 1710 ὅτι,
1230 1656 1270 1696 εἰ
1304 1655 1495 1712 βουληθῇ
1529 1648 1553 1694 ὅ

65 1808 70 1812 ’
130 1812 246 1842 'stante
269 1814 385 1843 autem
412 1808 499 1844 hora
524 1811 583 1844 vel
614 1814 801 1857 tempore,
838 1822 909 1858 quo
939 1812 1064 1845 missae
1091 1810 1229 1845 dandae
1261 1815 1384 1851 sunt,·
1406 1810 1459 1844 ait
1480 1811 1554 1844 Im-

127 1859 270 1899 perator
294 1857 444 1900 papiae:
476 1857 573 1898 Abi,
602 1857 667 1901 fac
690 1858 827 1891 missas.
874 1859 1001 1903 Papias
1035 1858 1144 1902 igitur
1169 1858 1332 1901 protinus
1357 1858 1553 1902 corripiens

125 1912 150 1933 a
173 1912 314 1935 scamno
339 1902 452 1935 claves
477 1903 674 1948 egreditur,
711 1915 842 1949 easque
873 1910 1108 1950 conquassat,
1145 1908 1182 1936 et
1203 1904 1254 1937 sic
1285 1904 1473 1948 strepitum
1496 1903 1554 1937 fa-

129 1947 197 1988 cit,
223 1959 243 1981 e
265 1959 335 1993 quo
359 1955 554 1994 agnoscunt
578 1962 716 1991 omnes,
742 1952 884 1995 papiam
910 1962 929 1984 e
954 1951 1238 1994 chrysotriclinio
1262 1947 1438 1994 egressum
1463 1950 1552 1984 mis-

129 2000 183 2026 sas
218 1995 344 2028 facere.
394 1995 648 2029 Communibus
683 2007 743 2029 seu
769 1997 934 2041 profestis
972 1997 1098 2030 diebus
1125 1996 1259 2029 residet
1293 1997 1489 2041 Imperator
1512 1997 1554 2030 in

129 2038 253 2074 dextra
279 2045 380 2085 parte
417 2040 562 2083 throni,
594 2054 683 2088 quae
724 2042 778 2084 adv
806 2045 979 2077 orientem
1005 2048 1140 2087 spectat
1159 2067 1168 2083 ,
1205 2043 1245 2075 in
1274 2053 1382 2076 aurea
1423 2052 1553 2088 nempe

129 2085 236 2127 sella,
260 2098 352 2131 quae
376 2087 428 2120 ibi
451 2093 531 2127 stat,
578 2089 725 2122 indutus
749 2091 989 2134 scaramangio
1013 2089 1146 2134 absque
1168 2100 1250 2134 sago
1274 2100 1360 2123 auro
1382 2094 1554 2133 praetex-

129 2136 214 2166 tato.
261 2133 390 2166 Verum
418 2134 456 2165 in
497 2133 623 2168 diebus
660 2135 846 2168 dominicis
870 2135 971 2169 sedet
1000 2137 1039 2168 in
1069 2135 1190 2169 throni
1219 2135 1361 2168 sinistra
1384 2141 1486 2180 parte
1512 2135 1553 2168 in

131 2178 237 2219 sella,
274 2190 363 2223 quae
400 2179 452 2212 ihi
478 2185 567 2220 stat,
607 2181 752 2214 blatteis
785 2183 956 2223 instrata,
991 2181 1138 2215 indutus
1167 2186 1308 2226 praeter
1342 2181 1414 2215 alia
1445 2182 1553 2215 etiam

131 2234 211 2267 sago
235 2237 319 2258 auro
347 2227 590 2270 circumsepto.
635 2228 680 2260 Et
703 2233 788 2260 tunc
810 2230 980 2273 temporis
1007 2230 1143 2261 intrant
1166 2240 1239 2261 non
1271 2227 1455 2272 logotheta
1475 2228 1555 2272 pri-

130 2279 208 2301 mus
225 2295 236 2310 ‚
269 2271 330 2303 sed
352 2277 435 2304 ante
459 2282 540 2305 eum
563 2274 744 2314 ministri,
774 2275 837 2320 qui
859 2274 905 2307 ad
928 2274 1254 2317 chrysotriclinium
1278 2278 1441 2318 spectant
1455 2298 1465 2311 ,
1495 2274 1555 2306 in·

131 2314 288 2349 troducti
313 2327 332 2349 a
354 2318 479 2361 papia,
514 2319 578 2364 qui
606 2330 667 2352 eos
700 2320 796 2353 intra
832 2322 963 2354 velum'
985 2321 1160 2354 attractile
1185 2321 1223 2353 in
1246 2320 1461 2354 occidentali
1485 2319 1555 2351 tri-

133 2360 236 2394 clinii
259 2367 358 2405 parte
381 2363 539 2406 pendens
563 2365 724 2406 collocat,
771 2367 812 2399 In
837 2367 961 2400 eadem
986 2367 1128 2400 sinistra
1151 2365 1272 2399 throni
1295 2371 1396 2410 parte
1420 2364 1558 2398 residet

136 2418 279 2452 quoque
303 2408 508 2452 Imperator,
538 2411 567 2443 si
591 2412 667 2444 vult
701 2417 839 2446 exteros
864 2412 1037 2458 quosdam
1061 2411 1107 2445 ad
1129 2424 1166 2446 se
1191 2413 1401 2451 admittere,
1434 2421 1556 2454 sagum

133 2450 281 2485 indutus
305 2464 390 2486 auro
415 2455 702 2500 circumseptum,
737 2459 1004 2492 introeuntibus
1039 2464 1122 2492 ante
1158 2458 1288 2502 legatis
1317 2463 1353 2490 et
1378 2456 1556 2489 stantibus

134 2497 409 2540 chrysotriclinii
442 2501 611 2535 ministris
637 2502 763 2536 eodem
793 2503 900 2538 modo
925 2510 961 2538 et
988 2504 1145 2544 ibidem,
1177 2511 1284 2548 atque
1319 2503 1453 2536 dictum
1491 2506 1556 2536 est.

134 2544 270 2577 Diebus
305 2543 492 2578 dominicis
523 2548 675 2581 veniunt
705 2551 862 2594 magistri
900 2555 937 2583 et
969 2551 1110 2594 patricii
1136 2555 1172 2583 et
1203 2549 1373 2583 officiales
1403 2548 1502 2580 insa
1527 2547 1557 2581 's

134 2590 255 2622 russis‘
276 2589 319 2622 ad
357 2593 614 2634 processionem
650 2593 711 2640 [id
758 2601 812 2628 est
850 2597 890 2628 in
928 2597 1045 2629 aulam
1077 2595 1123 2628 ad
1156 2595 1284 2628 scrinia
1332 2599 1368 2627 et
1406 2604 1495 2638 expe
1525 2594 1557 2619 ‘-

136 2636 254 2668 tiones
282 2637 361 2680 quis
390 2647 433 2668 ue
469 2637 598 2684 suas];
635 2640 762 2674 diebus
800 2640 921 2674 autem
948 2642 1115 2685 profestis
1148 2643 1185 2674 in
1211 2640 1466 2685 scaramangiis.
1511 2639 1559 2673 At

136 2681 168 2714 si
191 2681 346 2717 voluerit
365 2648 550 2717 ‹iJomiuus
575 2685 683 2721 etiam
729 2688 896 2731 profestis
930 2688 1112 2732 magistros
1149 2692 1184 2721 et
1213 2685 1380 2732 patricios
1413 2684 1558 2727 videre,
