1878 3112
303 118 417 188 480
567 121 857 182 *APPENDIX
894 139 968 180 AD
997 139 1203 180 LIBRUM
1242 139 1458 181 mmmm

137 239 537 298 M³·¹²·³rptta'ytov.
592 239 614 281 ὅ
646 242 692 282 δὲ
721 241 909 295 ἐπείκτης
938 242 1194 296 παρίσταται
1221 241 1282 290 εἷς
1308 239 1382 291 τὰς
1415 238 1544 296 ταγᾶς
1567 240 1650 282 τῶν
1675 240 1746 306 ῗπτ

298 323 388 348 πων
415 308 487 347 καί
518 306 577 354 εἰς
603 303 655 346 vd
685 306 954 359 καλιγώματα
993 308 1068 347 καί
1093 307 1152 356 εἰς
1179 304 1232 347 τὰ
1261 307 1486 360 καπίστρια
1510 304 1584 346 καί
1605 305 1665 354 εἰς
1691 320 1745 345 τα

301 372 541 426 σαγίσματα
574 372 646 411 καί
676 372 735 420 εἰς
761 369 834 413 τὸν
861 369 1008 413 ποτόν.
1062 373 1276 426 θέσπισμα
1313 373 1361 413 δὲ
1388 372 1566 428 ἀρχαῖον
1591 368 1749 423 τυγχά-

299 453 361 479 νει
387 434 626 489 βασιλικὸν,
655 435 722 477 ἵνα
748 437 894 491 μηδείς
921 437 1110 494 λαμβάνῃ
1136 435 1414 493 χαριστικὴν,
1437 434 1539 492 μήτε
1562 435 1749 488 μωλάρι-

303 517 362 554 ον,
388 499 492 555 μήτε
521 501 776 556 παρίππιον,
804 500 901 556 ἔχον
929 500 1148 557 βασιλικὴν
1172 501 1386 558 σφαγίδα,
1433 503 1501 543 ἵνα
1526 499 1584 556 μὴ
1615 502 1773 544 κατα-5

305 567 491 623 κοινωθῇ
524 563 549 621 ἧ
590 568 851 623 προμοσέλλα
890 569 962 610 καί
1003 564 1227 624 ἀπόληται.
1284 566 1365 610 §civ
1407 569 1455 610 δέ
1490 583 1554 617 τις
1593 563 1750 622 εὖρεθῇ

263 633 489 684 Βτοιοῧτον
518 631 639 685 ἔχων,
669 632 725 682 ὥς
753 635 925 689 κλέπτης
952 634 1296 685 καταδικάζεται·
1335 636 1382 677 ἐκ
1408 634 1454 675 δὲ
1482 634 1565 675 τῶν
1590 630 1649 685 μὴ
1681 625 1750 672 ὅν-

303 713 386 739 των
416 696 575 751 ἀλόγων
607 698 966 754 ἐσφραγισμένων,
998 696 1101 742 ὅπου
1130 697 1340 758 κελεύειὸ
1366 698 1592 752 βασιλεὺς,
1623 696 1751 738 δίδω-
1803 695 1808 701 ’

302 779 382 816 σιν,
410 761 495 804 εἴτε
521 766 724 818 ἐθνικοῖς,
753 763 833 807 εἴτε
861 764 1110 822 πρόσφυξιν,
1138 765 1222 807 εἴτε
1251 759 1393 814 ἄλλοις
1421 766 1553 816 τισίν,
1593 759 1654 812 οἷς
1681 778 1749 804 κε-

301 828 415 870 λεύει
443 827 515 870 καί
540 828 758 882 βούλεται.
815 831 1150 887 ἐσφραγισμένοι]
1189 831 1271 887 γάρ
1313 828 1515 886 ἱππάριον
1549 825 1577 884 ἢ
1603 826 1803 882 μωλά-ιο

306 909 398 950 ριον
424 897 623 951 βασιλικῇ
649 895 806 954 βούλλῃ
837 893 977 938 odam*
1004 898 1167 939 δίδοται
1195 898 1255 946 εἷς
1281 892 1558 951 χαριστικήν·
1605 890 1748 948 ἐπειδὴ

303 958 412 1015 γὰρ,
462 955 531 1000 ὅτε
560 962 734 1015 γηράσει
773 965 845 1003 καί
872 963 1140 1018 οἷνενέργητον
1168 960 1275 1018 πρὸς
1303 959 1548 1016 ὁδοιπορίαν
1580 960 1750 1014 γένηται

301 1023 541 1078 ταξειδίου,
601 1022 803 1068 ἀλλάσσει
847 1026 953 1069 αὐτὸ
995 1030 1054 1077 εἰς
1096 1026 1171 1083 τήν
1199 1025 1420 1082 βασιλικὴν
1448 1023 1753 1080 προμοσέλλαν.

304 1089 466 1146 ὀφείλει
495 1092 540 1133 δὲ
570 1090 593 1131 ὅ
621 1089 753 1146 κόμης
779 1095 856 1134 τοῦ
895 1093 1078 1145 στοίβλου
1116 1092 1190 1135 καί
1215 1095 1239 1134 0‘
1275 1090 1583 1148 χαρτουλὰριος
1647 1087 1753 1143 μετὰ

301 1158 383 1198 τῶν
411 1153 628 1211 ἆρχόντων
657 1157 798 1200 αὐτῶν
826 1160 1115 1214 παρίστασθαι
1143 1161 1199 1209 εἷς
1241 1158 1318 1207 τοὶς
1343 1155 1560 1212 βασιλικὰς
1587 1153 1804 1213 ‹papati-15

271 1238 405 1275 (ςσεις,
433 1223 502 1264 ἵνα
529 1224 699 1264 ἕκαστον
726 1224 956 1279 σαγμάριον
980 1224 1167 1282 βαστάζῃ
1194 1224 1352 1278 μοδίων
1379 1223 1414 1279 η’
1442 1222 1652 1278 γομάριον·
1681 1221 1754 1264 καὶ

303 1284 356 1330 ἂν
384 1284 541 1343 εὕρωσι
568 1286 673 1329 κατὰ
703 1287 780 1343 τήν
814 1286 908 1331 ὁδὸν
937 1289 1295 1346 ἐπιφορτώματα,
1332 1286 1535 1331 τύπτουσι
1558 1286 1658 1336 τούς
1684 1302 1753 1337 τε-

244 1393 247 1397 ,
301 1353 495 1401 θεικότας
522 1350 576 1394 τὰ
606 1356 797 1408 τοιαῦτα,
829 1356 902 1396 καί
929 1355 1147 1411 ῥίπτουσιν
1176 1355 1304 1396 αὐτοὶ.
1335 1354 1408 1395 καί
1431 1352 1538 1406 μετὰ
1568 1350 1614 1394 τὸ
1646 1348 1752 1394 dno-

302 1417 615 1472 κατασταθῆναι
637 1417 714 1473 τήν
741 1426 958 1473 κομπΐναν,
986 1420 1094 1473 τότε,
1123 1418 1199 1461 ἐὰν
1226 1418 1382 1462 κελεύει
1410 1416 1432 1460 ὃ
1460 1415 1658 1472 βασιλεύς
1678 1432 1752 1461 ne·-

305 1487 497 1538 ριπατεῖν
526 1480 602 1536 τήν
629 1485 733 1535 μίαν
765 1485 916 1539 κόρτην
941 1484 1017 1527 καί
1048 1485 1123 1534 τὰς
1150 1485 1342 1540 ἡμισείας
1365 1485 1534 1536 τέντας,
1563 1479 1653 1536 ἅμα
1682 1483 1812 1530 mino.

308 1639 382 1674 rios
412 1643 534 1673 autem
557 1650 670 1685 equos
698 1640 858 1685 triplum.
910 1642 1053 1688 Epictes
1083 1651 1168 1675 vero
1198 1639 1256 1687 [id
1291 1644 1346 1675 est
1373 1639 1579 1686 compulsor
1605 1643 1642 1673 et
1666 1650 1757 1685 ope·-

309 1697 431 1719 rarum
455 1687 634 1732 regiarum
668 1688 916 1735 praefectus,)
942 1689 1061 1722 adstat
1093 1688 1325 1729 observator,
1356 1687 1503 1734 quando
1532 1687 1618 1733 equi
1645 1696 1755 1731 pensa

311 1744 375 1766 sua
400 1733 600 1777 accipiunt,
623 1739 660 1767 et
679 1734 810 1780 caligas
834 1740 872 1769 et
893 1735 1048 1779 capistra
1067 1741 1104 1769 et
1122 1735 1296 1780 stragulas
1321 1736 1359 1767 et
1379 1739 1516 1780 potum.
1564 1735 1627 1767 Est
1646 1742 1786 1778 pon-ost

311 1785 414 1813 vetus
445 1779 603 1813 edictum
640 1781 801 1826 regium,
844 1794 889 1815 ne
920 1783 1004 1827 quis
1032 1783 1071 1815 in
1102 1793 1233 1815 munus
1260 1781 1415 1826 accipiat
1441 1781 1580 1814 mulum
1605 1779 1757 1824 parhip-

312 1826 481 1872 piumve,
517 1827 616 1871 quod
640 1827 776 1860 habeat
806 1828 998 1874 imperiale
1017 1830 1158 1874 signum
1196 1829 1428 1872 impressum,
1467 1838 1514 1861 ne
1539 1823 1756 1872 promosella

315 1884 379 1906 seu
413 1873 596 1918 equitatus
634 1875 784 1919 privatis
822 1876 975 1920 Augusti
1007 1875 1133 1909 usibus
1174 1875 1374 1909 destinatus
1429 1874 1469 1907 in
1506 1873 1605 1919 vulgi
1651 1872 1758 1906 cedat

318 1931 403 1953 usus
434 1921 676 1964 promiscuos,
721 1932 837 1966 eaque
877 1922 1065 1955 occasione
1110 1923 1297 1955 minuatur
1339 1925 1377 1954 et
1414 1924 1549 1965 pereat.
1597 1918 1635 1952 Si
1672 1918 1756 1963 quis

318 1966 429 2011 igitur
462 1967 641 2011 signatum
677 1969 784 2001 armis
813 1969 1065 2014 imperialibus
1097 1969 1300 2002 iumentum
1335 1967 1471 2002 habere
1504 1963 1754 2010 deprehenda-

317 2017 398 2053 tur,
438 2013 468 2046 is
502 2019 674 2058 tanquam
702 2015 760 2047 fur
800 2015 839 2048 in
876 2016 932 2048 ius
965 2020 1112 2049 vocatur
1137 2021 1174 2049 et
1202 2015 1403 2048 damnatur.
1451 2013 1505 2046 De
1541 2012 1668 2044 ceteris
1693 2010 1754 2043 iu-

318 2059 449 2091 mentis
472 2070 547 2092 non
568 2060 714 2103 signatis
741 2062 890 2105 largitur
920 2062 1118 2106 Imperator
1139 2071 1205 2106 pro
1228 2061 1348 2094 lubitu
1373 2065 1447 2093 tam
1469 2059 1623 2098 exteris,
1649 2067 1758 2102 quam

319 2106 512 2150 transfugis
545 2106 724 2151 aliisque,
762 2108 896 2152 quibus
929 2108 1008 2141 vult
1035 2113 1071 2141 et
1098 2107 1176 2140 dari
1198 2107 1313 2140 iubet.
1359 2107 1453 2151 Equi
1472 2109 1594 2138 autem
1623 2108 1661 2137 et
1679 2115 1759 2136 mu·

320 2151 373 2192 li,
400 2156 549 2196 augusta
572 2153 702 2197 signati
725 2153 850 2194 bulla,
882 2154 1040 2194 nemini,
1075 2160 1116 2186 ut
1141 2154 1277 2187 dictum
1301 2156 1371 2192 est,
1398 2162 1463 2197 pro
1493 2150 1589 2184 dono
1618 2150 1759 2194 gratui-

321 2202 360 2231 to
392 2197 534 2230 dantur.
581 2199 771 2233 Vetustate
799 2204 920 2233 autem
955 2200 1126 2233 detritum
1153 2205 1189 2234 et
1215 2198 1402 2232 laboribus
1432 2197 1574 2231 bellicis
1612 2195 1759 2230 itineri-

321 2243 465 2289 busque
491 2244 670 2278 obeundis
698 2246 862 2291 ineptum
901 2257 1009 2292 porro
1039 2247 1171 2280 factum
1206 2245 1388 2292 quidquid
1417 2244 1549 2284 suerit,
1574 2242 1761 2283 id,suffe-

324 2291 390 2323 ctis
423 2290 463 2324 in
489 2291 566 2324 eius
602 2292 721 2324 locum
765 2292 866 2332 aliis,
912 2292 1149 2326 absconditur
1186 2293 1225 2326 in
1253 2291 1505 2338 promosellam
1534 2289 1760 2334 imperialem

326 2349 391 2371 seu
422 2339 685 2382 promtuarium
717 2343 755 2372 et
797 2339 956 2372 scholam
993 2340 1094 2372 velut
1125 2345 1235 2384 atque
1272 2338 1503 2371 seminarium
1534 2336 1760 2370 sellariorum

327 2383 582 2428 imperialium.
630 2384 763 2419 Adesse
797 2385 933 2420 debent
954 2386 1089 2419 stabuli
1124 2397 1240 2419 comes
1265 2390 1302 2417 et
1334 2383 1572 2417 chartularius
1598 2394 1677 2416 cum
1702 2392 1760 2414 re-

326 2430 430 2475 liquo
456 2431 578 2464 officio
603 2442 693 2472 suo,
729 2433 874 2477 quando
902 2434 1022 2478 regiae
1055 2433 1213 2466 sarcinae
1236 2433 1406 2464 iumentis
1430 2431 1691 2474 imponuntur,
1724 2431 1764 2462 et

326 2476 548 2522 prospicere,
570 2482 613 2509 ut
635 2479 849 2522 sagmarium
866 2479 1153 2524 unumquodque
1172 2482 1377 2523 competens
1395 2488 1498 2510 suum
1524 2487 1626 2514 onus,
1651 2474 1760 2520 quale

328 2524 468 2557 scilicet
498 2529 579 2557 octo
609 2523 782 2558 frumenti
822 2526 961 2560 modios
999 2531 1151 2571 aequat,
1183 2525 1346 2569 accipiat.
1395 2525 1553 2557 Potestas
1585 2519 1659 2554 illis
1685 2523 1760 2561 est,

328 2570 359 2603 si
398 2570 475 2615 ipsa
500 2571 539 2604 in
562 2570 620 2603 via
653 2571 928 2617 deprehendant
964 2572 1165 2606 iumentum
1195 2583 1308 2604 unum
1340 2571 1537 2603 alterumve
1562 2577 1762 2611 superone-

329 2621 448 2650 ratum
475 2628 575 2658 csse,
605 2617 688 2651 illos
713 2618 870 2652 fustibus
896 2619 1090 2660 caedendi,
1125 2619 1191 2664 qui
1217 2618 1317 2651 oneri
1344 2616 1565 2662 praescripto
1588 2614 1670 2660 plus
1694 2611 1765 2645 ad-

329 2663 500 2705 iecerint,
543 2668 590 2698 et·
614 2665 692 2710 ipsa
731 2666 964 2710 superaddita
999 2677 1109 2700 onera
1143 2664 1349 2698 deiiciendi.
1398 2665 1444 2696 Ut
1475 2660 1761 2712 combinatio-nes

331 2710 576 2745 iumentorum
602 2712 749 2748 tandem
772 2713 842 2747 rite
866 2714 1016 2748 fuerunt
1041 2712 1209 2747 reductae
1235 2711 1305 2760 [sc.
1331 2722 1351 2747 e
1374 2708 1561 2757 pascui812
1583 2705 1763 2753 Prae-‘²¹1³it
