1884 3112
869 0 909 37 ι

297 92 323 139 1'
336 104 354 138 1
365 84 401 152 4
573 101 928 146 CONSTAerNl
967 88 1467 144 PORPHYROGENm‘

283 205 400 250 ,κάτω
430 206 475 247 ἐν
502 205 560 262 τῷ
587 205 786 260 λουτῆρι,
833 204 907 245 καί
943 199 1195 259 ἆριστῶντος
1232 205 1308 246 τοῦ
1333 204 1563 258 βασιλέως,
1606 204 1734 247 αὐτοὶ
1768 241 1772 245 .

290 271 495 312 ἐκτελοῦσι
534 268 612 318 τὰς
649 268 846 324 συνήθεις
886 268 1144 324 ιῖκτολογίας,
1198 271 1271 311 καί
1306 267 1430 324 ἡνίκα
1470 270 1641 327 εἰσέλθῃ
1683 268 1731 311 τὸ

290 335 503 389 δούλκιον,
557 336 799 377 ἀποστέλλει
827 333 851 375 ὅ
878 334 1077 389 βασιλεὺς
1114 333 1376 390 ἄποκόμβια,
1426 333 1499 377 καὶ
1537 334 1731 389 λαβόντες

289 402 412 455 αὐτὰ,
441 400 742 458 ὖπερεύχονται
770 401 844 442 καί
869 398 1123 455 α’νίστανται,
1152 400 1226 444 καὶ
1249 403 1366 454 μένει
1391 398 1412 442 ὅ
1435 400 1632 455 βασιλεύς
1656 403 1734 444 ’καί

289 466 310 509 ὅ
341 466 606 523 πατριάρχης.
636 466 707 508 καί
731 465 911 510 πιόντων
939 465 1042 522 πρὸς
1070 464 1193 521 ἅπαξ,
1224 464 1484 521 ἀνίστανται,
1513 469 1587 509 καί
1612 471 1756 523 περι-5

108 533 483 588 Με.6ι.1)βάλλεται
512 533 533 575 ὃ
560 531 759 587 βασιλεύς
785 532 833 575 τὸ
863 533 1006 588 σαγίον
1045 533 1201 587 αὗτοῦ,
1254 532 1277 574 ὅ
1306 535 1353 576 δὲ
1385 532 1648 590 πατριάρχης
1684 531 1731 574 τὸ

287 594 528 654 ὦμοφόριον
558 598 708 652 αὑτοῦ,
735 595 826 641 εἶτα
858 601 1025 654 λέγουσι
1052 597 1124 641 τὸν
1151 597 1299 653 στίχον
1325 598 1400 642 καὶ
1423 601 1731 654 προσκυνοῦσιν

108 660 520 718 Ει1.1,.68άλλη’λους,
558 665 630 706 καί
658 661 678 705 ὃ
707 666 785 717 μὲν
811 662 1008 718 βασιλεύς
1037 661 1269 720 ἀπέρχεται
1295 665 1342 708 ἐν
1369 665 1428 723 τῷ
1456 665 1618 707 κοιτῶνι
1649 663 1731 707 αὖ-

285 731 374 783 τοῦ,
402 727 424 770 ὃ
455 730 504 771 δὲ
531 727 806 787 πατριάρχης,
836 727 940 772 ὅπου
969 730 1179 784 βούλεται.

878 847 1017 888 ΚΕΦ.
1045 847 1116 888 aff.
1734 869 1780 896 10

321 940 414 976 Ὅσα
438 939 499 974 δεῖ
518 938 831 988 παραφυλάττειν
853 941 896 986 τῇ
924 942 1126 987 παραμονῇ
1150 941 1220 977 τοῦ
1237 940 1351 987 ἁγίου
1366 942 1524 986 Ἠλιοῦ,
1554 945 1618 978 καὶ
1641 945 1683 991 τῇ

881 1009 980 1057 αὔτῇ
1005 1009 1123 1057 ἑορτῇ.

392 1097 543 1154 Δει’λης
569 1096 669 1155 περὶ
694 1093 806 1155 ὥραν
847 1096 1026 1155 ἑβδόμην
1054 1103 1308 1156 προέρχεται
1335 1098 1363 1156 ἦ
1392 1100 1618 1157 σύγκλητος
1643 1097 1726 1144 άπὸ

283 1164 604 1221 σκαραμαγγιὲον
632 1166 691 1214 εἰς
717 1163 787 1207 τὸν
815 1162 1089 1222 ἱππόδρομον,
1119 1165 1192 1207 καί
1217 1162 1450 1221 ἄνοι’γοντος
1472 1169 1549 1208 τοῦ
1576 1167 1726 1221 παπία,

282 1233 517 1287 εἰσέρχεται
557 1231 583 1286 ἦ
612 1229 837 1286 σύγκλητος
866 1229 936 1272 διά
966 1233 1051 1274 τῶν
1079 1232 1242 1275 σκύλων
1279 1231 1353 1274 καί
1377 1235 1455 1274 τοῦ
1485 1233 1782 1281 Ἰουστινια-ι5

282 1298 358 1340 νοῦ
405 1297 477 1338 καί
515 1298 591 1337 τοῦ
634 1298 863 1338 λαυσιακοῧ
918 1297 976 1347 εἷς
1013 1296 1088 1340 τὸν
1126 1299 1493 1355 χρυσοτρίκλινον,
1537 1299 1730 1342 κάκεῖθεν

282 1364 507 1418 διέρχεται,
536 1364 608 1404 καί
635 1363 870 1416 εἰσέρχεται
899 1364 958 1412 εἷς
985 1362 1057 1405 τὸν
1085 1362 1191 1406 ναὸν
1217 1366 1291 1420 τῆς
1318 1364 1549 1421 ὖπεραγιῖις
1574 1364 1728 1407 Θεοτό-

248 1444 360 1478 Βκου
388 1429 464 1470 τοῦ
493 1427 647 1484 φάρου.
676 1426 696 1469 ὅ
726 1429 773 1470 δὲ
802 1429 959 1478 παπιάς
985 1429 1152 1471 ἵσταται
1183 1431 1243 1479 εἰς
1271 1429 1348 1480 τάς
1376 1429 1638 1488 ἆνατολικᾲς,
1667 1431 1727 1480 εἷς

278 1493 327 1536 τό
366 1496 613 1550 πορφυροῦν
639 1494 879 1551 μάρμαρον,
916 1493 1024 1548 μετὰ
1067 1497 1311 1553 διαιταρι’ων
1352 1494 1648 1551 βασταζόντων
1675 1495 1725 1539 τά

278 1559 491 1615 βασιλικὰ,
521 1562 593 1602 καί
613 1562 685 1616 τῆς
707 1560 936 1616 συγκλήτου
957 1563 1224 1619 διερχομένης
1238 1564 1381 1616 ἐκεῖσε,
1409 1564 1581 1606 δι’δωσιν
1604 1562 1627 1605 ὅ
1645 1579 1783 1607 vta-20

278 1627 378 1675 πίας
405 1621 469 1667 ἔνι’
489 1622 646 1683 ἑκάστῳ
676 1625 755 1668 οἷνοὶ
787 1629 1018 1681 βασιλικοῦ.
1056 1626 1130 1670 καὶ
1154 1627 1205 1684 δὴ
1233 1631 1306 1684 τῆς
1333 1628 1562 1685 συγκλήτου
1593 1631 1728 1686 εἰσερ-

279 1693 457 1748 χομένης
493 1693 537 1734 ἒν
571 1694 630 1750 τῷ
669 1693 755 1751 ναῷ
794 1694 866 1749 τῆς
895 1693 1124 1751 ὖπεραγίας
1155 1694 1390 1750 Θεοτόκου,
1433 1694 1669 1752 οἶπάρχεται
1699 1695 1724 1751 ἧ

378 1807 430 1829 12.
455 1796 609 1828 ΣΧΟΛ.
630 1794 795 1836 Ἰστέον,
823 1793 882 1829 ὅτι
909 1794 1000 1839 αὕτη
1022 1788 1133 1841 [αὸτῆ
1160 1796 1234 1842 ed.]
1260 1797 1281 1840 ἦ
1306 1794 1416 1844 ἑορτὴ
1441 1796 1725 1844 ἐκαινουργήθη

373 1842 439 1875 ἐπὶ
464 1843 664 1876 Βασιλείου
688 1843 756 1876 τοῦ
780 1843 1042 1890 φιλοχρίστου.

282 1922 501 1965 Imperatore
528 1922 731 1954 convivium
757 1921 982 1965 celebrante,
1009 1923 1080 1968 ipsi
1104 1929 1290 1958 consuetas
1328 1923 1604 1957 acclamationes
1625 1923 1726 1957 ordi-

279 1974 391 2001 untur
406 1994 416 2008 ‚
458 1967 622 2013 cibisque
646 1968 766 2002 allatis
786 1994 794 2010 ‚
829 1970 1026 2014 Imperator
1051 1971 1261 2014 apocombia
1284 1971 1417 2011 mittit,
1456 1969 1588 2015 quibus
1620 1981 1723 2005 acce-

279 2014 366 2058 ptis,
394 2015 512 2048 fausta
538 2015 572 2047 ei
599 2021 837 2060 apprecantur
875 2022 1102 2062 ct·surgunt;
1138 2018 1336 2061 Imperator
1359 2022 1396 2050 et
1427 2015 1626 2060 patriarcha
1655 2016 1726 2051 soli

280 2066 478 2094 remanent.
529 2060 621 2105 Qui,
656 2067 847 2108 postquam
872 2063 1003 2096 iterum
1040 2070 1167 2108 potum
1193 2075 1374 2105 sumsere,
1399 2068 1565 2107 surgunt,
1590 2068 1627 2096 et
1650 2065 1723 2098 Im-

279 2113 425 2151 perator
450 2119 571 2152 sagum
595 2119 710 2149 suum,
735 2110 938 2153 patriarcha
957 2109 1210 2155 omophorium
1232 2109 1366 2151 induit,
1392 2109 1582 2155 stichoque
1611 2110 1722 2151 dicto,

281 2163 319 2186 se
359 2154 514 2187 invicem
535 2153 703 2195 adorant,
740 2161 776 2188 et
810 2156 1007 2200 Imperator
1040 2156 1086 2190 ad
1120 2168 1224 2191 suum
1252 2155 1484 2199 cubiculum,
1518 2157 1722 2201 patriarcha

282 2210 502 2251 quocunque
523 2201 667 2247 placet,
691 2200 894 2240 discedunt.

909 2294 1004 2330 CAP.
1034 2308 1045 2329 1
1077 2323 1086 2334 ,

520 2359 760 2397 Observanda
783 2362 825 2396 in
851 2363 987 2409 vigilia
1012 2308 1181 2398 S.9Eliae
1205 2364 1355 2412 eiusque
1366 2363 1480 2411 [οπο.

375 2450 524 2496 Vesperi
549 2453 640 2486 circa
667 2452 792 2487 horam
830 2455 1015 2500 septimam
1041 2460 1183 2489 senatus
1219 2456 1259 2489 in
1294 2456 1543 2501 scaramangiis
1568 2455 1613 2489 ad
1637 2454 1721 2500 hip-

281 2497 497 2542 podromum
519 2500 696 2544 procedit,
719 2506 756 2534 et
779 2507 968 2547 postquam
987 2512 1095 2547 papas
1119 2502 1291 2548 palatium
1312 2504 1470 2547 aperuit,
1491 2509 1635 2536 senatus
1656 2514 1721 2548 per

282 2545 404 2587 'st-yla,
431 2547 712 2588 IusUnianeum,
753 2553 791 2581 et
822 2548 1017 2582 lausiacum
1052 2550 1091 2582 in
1123 2559 1271 2582 aureum
1307 2549 1507 2583 triclinium
1532 2551 1720 2591 convenit,

280 2592 379 2625 unde
404 2592 449 2624 ad
474 2594 647 2638 templum
671 2593 704 2626 S.
730 2595 908 2640 Deiparae
935 2597 974 2629 in
998 2594 1110 2640 pharo
1134 2595 1308 2640 procedit.
1359 2597 1470 2642 Papas
1497 2597 1542 2630 ad
1557 2599 1719 2631 orient·—

282 2637 334 2670 les
362 2644 483 2683 portas
509 2646 545 2673 et
566 2639 800 2686 porphyrium
835 2654 990 2676 marmor
1023 2654 1102 2675 cum
1135 2642 1341 2684 diaetariis,
1374 2643 1525 2678 basilica
1547 2645 1720 2690 gestanti·-

281 2682 369 2726 bus,
406 2685 541 2729 adstat,
580 2692 617 2721 ct
651 2694 780 2723 senatu
811 2700 854 2723 co
888 2689 1064 2736 digresso,
1089 2691 1287 2736 unicuique
1310 2690 1502 2725 basilicum
1518 2689 1718 2729 distribuit.
