1878 3112
305 107 418 174 488
596 123 857 182 APPENDix
894 121 983 184 Ao
1007 121 1209 184 mmmm
1246 122 1459 187 Pmmmu
1487 153 1497 175 ,,

308 224 462 280 ὁμοίως
500 223 570 266 καὶ
608 222 647 265 οἱ
690 222 905 278 μάγειροι.
960 220 1034 263 καί
1070 217 1139 261 ὅτε
1182 220 1367 278 ἀποβάλῃ
1396 220 1422 262 ὃ
1446 219 1645 276 βασιλεῦς
1674 223 1733 271 εἰς

305 289 380 338 τοὶς
409 290 615 344 ἐρήμους,
660 286 940 341 λαμβάνουσιν
967 288 1065 328 καθ’
1093 282 1265 341 ἑκάστην
1292 284 1495 341 κυριακὴν
1518 285 1731 339 μαϊουμᾶν

307 357 379 396 καί
406 352 485 396 ἀντὶ
515 353 805 408 μιλιαρησίου.
860 352 1123 404 λαμβάνουσι
1153 353 1198 393 δὲ
1230 353 1303 392 καί
1337 349 1374 392 οἱ
1403 352 1473 406 τῆς
1499 350 1623 407 φίνας
1650 351 1733 393 τῶν

308 419 541 473 σχολαρίων
579 418 649 472 τῆς
675 415 757 458 ἔσω
785 417 858 458 καί
882 418 954 471 τῆς
987 414 1064 466 ἔξω
1100 417 1174 457 καί
1215 412 1338 457 advoc*
1375 415 1526 469 ὅμοίως
1554 413 1633 456 οἷνοὶ
1660 429 1734 468 μι-

265 484 545 537 Ωλιαρησιόυ·
603 479 772 536 ἐπειδὴ,
823 481 899 536 ἀφ’
932 474 982 520 οὗ
1009 480 1249 534 α’ποκινήσει
1280 479 1384 536 πρὸς
1414 482 1572 536 Συρίαν
1602 478 1627 520 ὅ
1655 480 1759 533 βα-5

308 546 462 600 σιλεὺς,
492 543 567 588 δύο
599 552 719 603 φῖναι
747 547 966 588 κυκλοῦσιν
993 545 1068 600 τὴν
1096 543 1312 601 βασιλικην
1339 543 1500 602 κόρτην.
1548 543 1621 586 καὶ
1645 540 1737 586 ὅσοι

310 626 505 667 αρχοντες
533 614 845 667 παραμένουσιν
875 612 934 668 τῶ
962 614 1152 686 βασιλεῖ,
1180 609 1488 664 λαμβάνουσιν,
1515 610 1554 652 εἰ
1577 609 1737 651 κελευει

308 675 503 726 πολλάκις
531 673 553 717 ὅ
555 675 784 752 ,Ιβασιλεύς
812 676 987 724 τούτους
1005 672 1258 752 υευεργετεΐν,
1288 675 1357 717 δια
1379 677 1669 732 μιλιαρησίων,
1698 674 1739 717 εἶ

307 743 384 796 μέν
413 743 519 784 εἰσιν
545 756 742 798 αρχοντες
767 738 940 796 μεγάλοι
966 742 1048 783 τῶν
1075 740 1305 795 ταγμάτων,
1333 739 1412 784 εἴτε
1437 757 1507 783 και
1526 738 1737 794 θεμάτων,

310 808 525 864 ὀφείλουσι
550 805 779 861 λαμβάνειν
809 802 890 848 clv&
915 808 1193 882 μιλιαρησίων
1220 804 1296 848 δυο
1327 803 1354 863 ἢ
1383 807 1524 862 τριῶν,
1562 804 1644 847 εἴτε
1669 803 1792 846 καίιο

307 870 361 926 δ’,
393 870 499 927 πρὸς
527 870 603 926 τήν
629 871 826 927 ποιότητα
855 874 933 913 τοῦ
961 868 1212 927 προσώπου·
1265 887 1325 920 εις
1355 873 1399 914 δὲ
1427 869 1502 926 τὴν
1532 868 1739 924 α’ποβολὴν

309 938 387 980 τοῦ
411 934 602 990 τούλὸου,
630 934 719 979 ὅσοι
745 936 1093 991 καβαλλικεύουσι
1122 935 1320 990 βασιλικά
1349 932 1480 991 αλογα
1509 953 1580 978 και
1618 934 1742 990 ἔχου-

311 1019 356 1045 σι
381 1002 594 1058 σαγμάρια
622 1000 843 1055 βασιλικοὶ,
878 1000 950 1043 καί
987 1000 1097 1044 αὐτὰ
1127 1001 1178 1044 τοὶ
1221 997 1351 1057 ἄλογα
1378 1000 1430 1045 τοὶ
1463 999 1659 1055 βασιλικοὶ
1694 992 1743 1042 δ’·

274 1069 509 1124 Βφείλουσι
536 1066 764 1119 λαμβάνειν
793 1065 1014 1121 κριθάριον
1057 1065 1137 1109 riva
1165 1066 1322 1120 μοδίων
1348 1066 1386 1108 ‹5'
1417 1068 1476 1116 εἰς
1502 1064 1632 1121 ταγῆν
1662 1060 1743 1107 αὖ·

308 1147 415 1173 των·
473 1129 626 1182 ὁμοίως
655 1145 724 1170 και
755 1145 835 1171 οσα
863 1129 947 1171 εἰσι
974 1132 1174 1186 σελλάρια
1204 1129 1355 1207 γυμνὰ,
1382 1127 1662 1185 βαστάζουσιν
1689 1126 1794 1170 v-15

309 1193 476 1236 ποκάτω
502 1194 584 1235 τῶν
611 1192 879 1247 σαγισμὰτων
910 1193 990 1236 οἷνοὶ
1020 1194 1179 1247 μοδῗων
1210 1194 1258 1250 η’.
1314 1195 1386 1238 καὶ
1420 1210 1501 1237 οσα
1528 1194 1739 1250 παρίππια

310 1257 399 1312 ἕχει
442 1257 467 1299 ὅ
495 1256 619 1313 κόμης
654 1260 731 1300 τοῦ
762 1259 943 1312 στοίβλου
972 1258 1171 1313 βασιλικὰ
1202 1277 1273 1302 και
1305 1257 1544 1316 σαγμάρια,
1595 1262 1750 1321 φορτοῖ

312 1320 424 1364 ἀυτοὶ
453 1321 533 1364 dmi
561 1323 660 1363 δέκα
690 1323 847 1376 μοὸίων
872 1325 1046 1379 κριθῆς·
1075 1340 1095 1365 ο
1129 1325 1174 1366 δὲ
1201 1323 1272 1367 ἐπὶ
1293 1325 1363 1380 τῆς
1390 1326 1592 1380 τραπέζης
1625 1322 1745 1380 ὄψει’-

310 1392 374 1431 λει
403 1386 514 1441 ἔχειν
540 1386 839 1438 ἔξκουσσάτους
881 1390 926 1430 ἐκ
966 1391 1041 1430 τοῦ
1070 1390 1252 1443 θέματος
1288 1392 1366 1432 τοῦ
1395 1386 1565 1444 οψικίου
1596 1390 1652 1431 ἐκ
1668 1389 1745 1431 τοῦ

309 1454 470 1507 χωρίου
499 1454 576 1493 τοῦ·
606 1454 772 1506 Τὲμβρη
807 1452 919 1507 μετὰ
951 1470 1023 1516 και
1052 1452 1254 1509 δικτύων,
1306 1456 1375 1498 ἵνα
1402 1457 1607 1526 κρατῶσιν
1624 1451 1798 1525 ‹izpci-ao

315 1608 434 1648 ferre,
465 1607 601 1653 erigere
635 1612 672 1645 et
699 1605 922 1661 destruere,]
958 1608 1047 1642 item
1078 1607 1303 1645 hebdomarii
1327 1578 1437 1649 idici,
1470 1605 1745 1645 contubernale·

316 1655 539 1688 sellariorum
573 1658 611 1687 et
646 1655 764 1697 coqui.
814 1654 969 1709 Quando
1015 1656 1054 1688 in
1093 1654 1233 1688 deserta
1259 1654 1522 1698 penetraverit,
1563 1651 1747 1698 accipiunt

318 1701 442 1747 quavis
472 1701 532 1735 die
562 1700 741 1734 dominica
765 1701 975 1741 maiumam,
1009 1705 1047 1734 et
1084 1701 1217 1745 singuli
1249 1701 1389 1745 singula
1418 1699 1624 1735 miliaresia.
1671 1698 1747 1744 Qui

319 1745 367 1779 ad
397 1747 503 1779 finam
537 1758 598 1780 seu
632 1746 828 1780 custodiam
853 1753 1067 1780 castrensem
1095 1753 1281 1797 utramque
1303 1746 1503 1793 pertinent,
1535 1746 1747 1781 interiorem

316 1797 406 1838 puta
421 1796 458 1826 et
483 1793 707 1834 exteriorem,
733 1793 911 1835 scholarii,
939 1793 1036 1847 (nam
1061 1805 1105 1827 ex
1131 1805 1203 1839 quo
1221 1794 1450 1838 Imperator*
1439 1805 1479 1827 ιιι
1503 1792 1643 1836 Syriam
1662 1803 1743 1825 mo-

317 1843 404 1880 vet,
428 1837 540 1872 ambit
575 1845 708 1873 cortem
736 1841 869 1885 regiam
901 1851 974 1872 non
998 1839 1067 1872 iam
1099 1840 1271 1884 simplex,
1309 1844 1350 1872 ut
1370 1840 1481 1881 alias,
1514 1837 1578 1872 sed
1607 1838 1747 1892 gemina

318 1884 576 1919 scholariorum
612 1885 786 1931 vigilia‚)
826 1885 866 1919 hi
898 1897 979 1931 ergo
1021 1885 1189 1919 scholarii
1227 1886 1416 1939 accipiunt
1441 1886 1578 1931 pariter
1614 1883 1748 1930 singuli

319 1931 460 1976 singula
500 1932 704 1966 miliaresia.
752 1932 870 1965 Etiam
897 1931 1084 1965 archontes
1113 1944 1175 1966 seu
1199 1932 1305 1965 duces
1339 1931 1534 1972 militares,
1568 1933 1748 1984 quotquot

321 1978 415 2010 circa
451 1978 704 2021 Imperatorem
729 1982 937 2018 versantur,
968 1979 1150 2023 accipiunt
1180 1988 1349 2023 persaepe
1378 1977 1583 2023 largitiones
1613 1977 1652 2008 in
1673 1975 1748 2008 mi-

320 2023 498 2064 liaresiis,
533 2024 564 2057 si
602 2023 751 2058 libuerit
785 2025 994 2068 Imperatori
1026 2024 1241 2058 beneficium
1278 2025 1351 2057 illis
1383 2027 1421 2058 et
1453 2022 1748 2069 gratificationem

318 2073 511 2123 praestare.
557 2070 734 2104 Maiorum
767 2069 921 2122 quidem
960 2070 1126 2104 ordinum
1163 2076 1344 2125 rectores?
1383 2070 1456 2102 sive
1487 2067 1533 2102 ad
1573 2071 1749 2113 tagmata,

321 2115 398 2148 sive
423 2114 469 2147 ad
499 2114 658 2149 themata
683 2115 914 2159 pertineant,
947 2115 1081 2149 debent
1113 2127 1154 2150 eo
1180 2128 1283 2156 casu,
1309 2116 1340 2149 si
1358 2125 1485 2160 nempe
1509 2114 1749 2148 nummarium

325 2165 380 2193 est
401 2159 638 2202 beneficium,
673 2162 833 2205 accipere
851 2162 985 2195 viritim
1009 2162 1204 2196 miliaresia
1237 2162 1348 2202 bina,
1370 2165 1433 2194 aut
1453 2165 1580 2202 terna,
1611 2161 1685 2193 imo
1711 2164 1750 2194 et

326 2211 520 2261 quaterna,
560 2206 685 2241 habita
716 2217 844 2250 nempe
891 2209 1029 2241 ratione
1068 2219 1209 2249 corum,
1255 2207 1385 2252 quibus
1424 2205 1566 2244 dantur.
1621 2205 1750 2262 Neque

325 2252 397 2297 ipsi
434 2256 572 2286 tantum
609 2264 652 2286 eo
686 2253 862 2286 beneficio
895 2253 1085 2295 fruuntur,
1117 2255 1181 2288 sed
1205 2255 1313 2287 etiam
1345 2262 1426 2307 quo.
1445 2257 1606 2298 tempore
1635 2252 1750 2306 gravis

327 2297 490 2342 supellex
524 2299 563 2332 in
591 2298 770 2332 hosticum
805 2300 1036 2340 immittitur,
1060 2304 1238 2346 quotquot
1269 2296 1516 2343 magistrorum
1539 2298 1752 2346 militarium

324 2343 430 2388 regiis
458 2343 638 2378 vehuntur
663 2346 765 2390 equis
809 2349 847 2378 et
878 2346 983 2388 regiis
1009 2350 1159 2379 utuntur
1194 2346 1396 2390 sagmariis,
1431 2344 1560 2378 horum
1585 2345 1648 2379 illa
1673 2339 1752 2389 ipsa

325 2401 471 2435 quoque
499 2391 595 2436 regia
619 2391 787 2424 animalia
818 2390 953 2424 dehent
976 2395 1062 2425 tunc
1094 2393 1254 2436 accipere
1277 2391 1406 2424 hordei
1434 2390 1573 2425 modios
1605 2395 1751 2446 quater-3

323 2447 389 2469 nos
412 2436 451 2469 in
474 2446 625 2479 pensum
659 2436 823 2470 diarium.
873 2437 1064 2483 Quotquot
1113 2443 1196 2472 sunt
1233 2438 1373 2471 sellaria
1413 2436 1509 2471 nuda
1560 2447 1623 2470 seu
1663 2436 1751 2481 equi

324 2483 541 2536 equitationi
570 2483 718 2528 quidem
759 2483 951 2523 destinati,
990 2489 1075 2517 tunc
1105 2489 1224 2518 tamen
1263 2483 1435 2528 ephippio
1473 2493 1547 2516 non
1582 2482 1773 2516 instructi

324 2539 443 2572 neque
474 2529 627 2562 insessui
656 2530 793 2574 parati,
823 2529 862 2562 hi
880 2530 945 2562 sub
979 2531 1143 2573 stragulis
1176 2540 1218 2562 eo
1251 2534 1411 2574 tempore
1437 2529 1572 2564 debent
1601 2533 1750 2562 octonos

323 2573 463 2607 modios
492 2574 619 2609 hordei
646 2581 813 2620 portare3
847 2580 1026 2620 quotquot
1055 2581 1172 2608 autem
1210 2587 1325 2609 comes
1353 2575 1486 2608 stabuli
1525 2574 1590 2617 sub
1619 2586 1657 2608 se
1685 2573 1755 2617 ¹¹².-

322 2619 388 2653 bet
433 2622 528 2666 regia
558 2621 747 2667 parhippia
779 2625 816 2654 et
842 2622 1029 2665 sagmaria,
1061 2622 1123 2654 illa
1155 2627 1278 2657 onerat
1307 2621 1407 2654 denis
1440 2613 1570 2655 modiis
1609 2619 1748 2654 hordei.

324 2665 526 2703 Praefectus
560 2678 702 2723 mensae
724 2666 835 2702 debet
859 2666 991 2703 habere
1014 2672 1202 2735 excusatos
1234 2680 1252 2702 e
1281 2667 1436 2703 themate
1445 2666 1591 2719 opsicii
1609 2671 1646 2711 et
1664 2666 1749 2712 qui-
