1884 3112
321 119 340 154 1
356 101 425 168 24
582 121 938 162 CONSTANTlNl
990 121 1474 165 PORPHYROGEMTI

312 220 371 269 εἷς
398 218 446 261 τὸ
473 221 824 277 χρυσοτρίκλινον,
852 220 1108 278 ἀπάρχονται
1137 221 1183 264 τὸ
1212 224 1436 280 τροπάριον
1457 223 1541 267 τῶν
1569 222 1749 280 eruant!-

144 291 395 339 Massam,
431 280 558 340 ἤγουν
596 284 641 329 τὸ
683 286 813 340 „Mea
851 302 917 329 σοι
946 290 1109 344 Χριστὲ
1150 286 1173 330 ὅ
1206 288 1338 342 Θεὸς,
1383 287 1620 332 ἀποστόλων
1642 289 1750 331 καύ-

305 353 469 404 χημα.”
523 351 597 393 καί
625 351 914 407 διερχόμενος,
946 348 1047 395 ὅθεν
1072 352 1236 396 κάκεῖσε
1257 354 1405 411 ἀπῄει,
1437 356 1652 411 διέρχεται
1679 355 1750 397 διὰ

309 416 438 470 μέσον
466 416 541 457 τοῦ
557 418 899 472 χρυσοτρικλίνου
913 451 925 471 ,
970 415 1042 459 καὶ
1068 418 1280 474 ἐξέρχεται
1307 418 1411 473 μετά
1438 421 1510 474 τῆς
1535 421 1652 475 λιτῆς
1673 419 1750 469 τὰς

311 479 554 530 ἀνατολικάς
578 481 735 536 πύλας,
781 483 855 525 καί
882 482 922 525 οἱ
949 485 1028 537 μὲν
1054 482 1277 540 μα’γιστροι
1309 483 1384 527 καί
1420 481 1657 527 ἀνθύπατοι
1678 487 1776 532 καί5

310 548 518 604 πατρίκιοι
548 548 623 590 καί
653 545 919 604 ὄφφικιάλιοι
945 549 1134 592 ἵστανται
1168 548 1343 606 ἀντικρὺ
1375 552 1450 593 τοῦ
1473 553 1578 594 ναοῦ
1598 551 1675 592 τοῦ
1702 549 1754 592 ἅ-

311 612 402 666 γίου
429 614 688 670 Δημητρίου,
717 610 844 669 ἤγουν
861 616 939 656 τοῦ
964 615 1191 671 ἀριστεροῦ
1219 615 1388 670 μέρους,
1417 614 1457 659 οἱ
1481 617 1529 658 δὲ
1557 617 1635 659 τοῦ
1657 631 1755 658 κου-

313 678 529 732 βουκλείου
556 678 658 723 κατά
685 679 935 731 ἀνατολικὰς
969 682 1048 722 τοῦ
1082 681 1287 736 ἡλιακοῦ,
1325 680 1365 723 οἱ
1388 683 1435 725 δὲ
1459 681 1655 726 δεσπόται
1679 697 1756 736 με-

276 742 371 791 Dr&
395 745 470 786 τοῦ
492 743 752 802 πατριάρχου
773 748 820 790 ἐν
853 748 909 804 τῷ
936 748 1176 805 προπυλαίῳ
1204 748 1277 802 τῆς
1300 748 1540 803 ἐκκλησίας,
1581 749 1654 790 καί
1685 748 1757 802 τῆς

313 811 516 861 εἰωθυίας
538 811 790 863 ἀκολουθίας
810 814 1099 868 τελεσθείσης,
1135 806 1263 868 ἦγουν
1291 813 1376 855 τῶν
1413 813 1652 867 ἔγκαινάυν,
1689 813 1810 867 γί-ιο

313 891 430 919 νεται
452 876 478 933 ἧ
501 875 675 927 εἴσοδος.
721 880 795 920 καί
818 875 840 920 ὅ
867 879 945 932 μὲν
974 877 1238 934 πατριάρχης
1259 878 1490 934 εἰσέρχεται
1516 878 1574 928 εἷς
1601 876 1650 924 τὸ
1674 881 1756 919 θυ-

314 939 568 998 σιαστήριον,
602 942 641 984 οἱ
670 944 717 985 δὲ
749 943 959 997 δεσπόται,
997 940 1258 1000 διερχόμενοι
1283 943 1411 997 μέσον
1432 945 1506 1000 τῆς
1525 945 1756 1000 ἐκκλησίας,

315 1009 555 1064 ἐξέρχονται
585 1011 658 1051 καί
679 1010 873 1052 ἵστανται
888 1012 934 1052 ἐν
962 1011 1020 1066 τῷ
1049 1010 1181 1051 ἐκεῖσε
1212 1010 1464 1067 τετρασέρῳ,
1495 1008 1759 1063 ἐκδεχόμενοι

317 1073 393 1130 τὴν
414 1075 491 1116 τοῦ
523 1074 764 1130 εὔαγγελίου
792 1071 1048 1130 ἀνάγνωσιν.
1102 1074 1211 1129 μετὰ
1235 1076 1283 1117 δὲ
1312 1072 1388 1130 τὴν
1408 1077 1485 1118 τοῦ
1516 1075 1757 1130 εὐαγγελίου

319 1136 554 1194 ἀνάγνωσιν
599 1142 862 1197 ἐξερχόμενοι
906 1142 980 1192 τὰς
1013 1141 1202 1197 ἀργυρᾶς
1236 1141 1313 1183 τοῦ
1355 1141 1577 1199 μάκρωνος
1611 1139 1814 1194 πύλας,15

319 1205 637 1249 ἀπαλλάσσουσι
665 1206 739 1257 τὰς
761 1206 918 1250 τούτων
944 1204 1188 1262 χλαμύδας,
1225 1205 1298 1248 καὶ
1324 1204 1610 1264 εἰσερχόμενοι
1634 1207 1765 1249 καθέ-

323 1274 462 1324 ζονται
487 1271 560 1314 ἐπὶ
592 1275 669 1314 τοῦ
693 1272 1064 1330 χρυσοτρικλίνου,
1096 1270 1239 1323 καθώς
1270 1271 1453 1316 εἴθισται
1485 1269 1653 1327 αὖτοῖς,
1691 1272 1767 1315 καὶ

146 1336 426 1399 Εα,1,,74μετὰ
452 1337 602 1395 μικρὸν
631 1340 816 1383 δίδονται
842 1338 1002 1393 μίνσαι.
1057 1340 1110 1395 τῇ
1138 1338 1248 1395 αὐτῇ
1273 1340 1319 1381 δὲ
1348 1337 1486 1398 ἡμέρᾳ
1517 1340 1765 1381 συνεστιῶν-
1818 1383 1819 1386 Ἰ

319 1420 394 1447 ται
423 1405 480 1461 τῷ
508 1404 744 1462 πατριάρχῃ
775 1408 848 1449 καί
878 1411 963 1456 τοῖς
994 1405 1312 1462 μητροπολίταις
1349 1406 1422 1448 καί
1451 1407 1502 1463 τῇ
1537 1404 1764 1460 συγκλήτῳ,

324 1466 387 1521 οἷς
411 1465 463 1514 ἂν
486 1468 749 1514 κελεύσωσιν.
1763 1488 1817 1516 20

926 1551 1063 1593 ΚΕΦ.
1089 1549 1164 1604 κβ’.

342 1626 435 1663 Ὅσα
458 1626 519 1663 δεῖ
536 1628 845 1676 παραφυλάττειν
868 1628 910 1675 τῇ
929 1627 1038 1675 ἑορτῇ
1066 1629 1128 1662 καὶ
1147 1625 1372 1676 προελεύσει
1387 1626 1452 1671 τῆς
1473 1626 1656 1673 ὕψῶσεως
1671 1626 1747 1663 τῶν

904 1689 1042 1733 τιμίων
1067 1685 1197 1727 ξύλων·

439 1764 732 1820 Προέρχονται
769 1762 808 1806 οἱ
835 1764 913 1805 τοῦ
934 1761 1249 1818 κουβουκλείου,
1283 1758 1500 1819 πατρίκιοί
1519 1776 1563 1803 τε
1592 1762 1666 1802 καί
1695 1760 1768 1801 δο-

329 1842 466 1877 latens
488 1852 598 1877 nutus
619 1854 674 1885 es;
723 1843 948 1888 ingrediente
972 1848 1093 1876 autem
1128 1842 1356 1887 processione
1386 1840 1584 1875 triclinium
1608 1850 1768 1880 aureum,

331 1890 532 1933 troparium
557 1890 821 1930 encaeniorum,
846 1891 997 1924 seilicet:
1026 1891 1157 1924 Gratia
1182 1891 1261 1931 tibi,
1288 1889 1427 1924 Christe
1446 1889 1555 1928 Deus,
1583 1887 1769 1933 apostolo-

332 1947 412 1970 rum
434 1937 575 1982 gloria,
600 1937 759 1971 recitare.
809 1937 1004 1982 Imperator
1028 1936 1136 1978 inde,
1169 1948 1240 1981 quo
1265 1936 1406 1969 abierat
1421 1959 1431 1975 ‚
1468 1933 1664 1978 digressus,
1704 1943 1770 1977 per

331 1982 492 2015 medium
515 1982 838 2026 chrysotriclinium
866 1983 982 2028 pergit
1008 1989 1045 2016 et
1069 1994 1112 2016 ex
1137 1982 1375 2016 orientalibus
1400 1981 1512 2025 portis
1534 1990 1614 2012 cum
1627 1989 1770 2024 proces-

334 2029 436 2062 sione
465 2029 666 2074 egreditur,
691 2029 774 2062 dum
799 2029 939 2063 interea
962 2030 1143 2073 magistri,
1175 2028 1431 2073 proconsules,
1456 2026 1602 2072 patricii
1624 2030 1662 2060 et
1684 2025 1769 2060 offi-

335 2075 449 2108 ciales
476 2087 495 2109 e
519 2077 665 2121 regione
694 2076 822 2120 templi
845 2076 879 2109 S.
904 2076 1080 2109 Demetrii
1106 2086 1167 2108 seu
1191 2074 1237 2108 ad
1261 2075 1444 2108 sinistram
1467 2077 1622 2117 partem,
1661 2071 1768 2105 cubi-

335 2122 462 2155 cularii
485 2133 570 2156 vero
595 2122 641 2156 ad
663 2123 856 2156 orientales
884 2122 1026 2162 solarii,
1065 2121 1213 2156 Domini
1249 2132 1329 2154 cum
1365 2119 1567 2166 patriarcha
1602 2120 1641 2152 in
1675 2119 1768 2152 atrio

334 2169 462 2214 templi
487 2174 606 2210 stant,
652 2179 693 2202 ac
717 2169 925 2202 solennibus
951 2169 1201 2202 encaeniorum
1228 2167 1359 2200 ritibus
1382 2166 1560 2211 peractis,
1597 2165 1769 2199 introitus

337 2216 392 2249 fit.
421 2215 622 2250 Patriarcha
644 2215 836 2249 sacrarium
859 2215 982 2255 intrat,
1011 2215 1156 2248 Domini
1180 2225 1245 2259 per
1267 2213 1421 2246 mediam
1446 2212 1628 2246 ecclesiam
1652 2217 1770 2246 trans-

339 2269 488 2304 euntes,
515 2262 766 2308 egrediuntur,
794 2267 831 2296 et
854 2263 893 2295 in
916 2267 1109 2303 tetrasero,
1141 2259 1239 2306 quod
1263 2261 1317 2294 ibi
1340 2265 1416 2302 est,
1443 2259 1636 2292 lectionem
1661 2268 1774 2292 evan·-

338 2311 425 2358 gclii
448 2309 627 2351 audituri,
661 2309 812 2343 adstant.v
870 2310 994 2343 Postea
1017 2320 1082 2353 per
1118 2313 1301 2352 argenteas
1327 2307 1501 2340 macronis
1525 2316 1588 2339 scu
1613 2306 1772 2350 porticus

339 2358 515 2403 oblongae
540 2358 664 2390 ianuas
688 2356 890 2401 progressi,
925 2356 1065 2389 tunicas
1089 2366 1171 2388 suas
1199 2354 1371 2394 induunt,
1410 2363 1630 2398 aureumque
1656 2352 1774 2386 tricli-

339 2405 442 2439 nium
466 2405 627 2449 ingressi,
652 2414 716 2448 pro
741 2413 837 2438 more
863 2402 1063 2443 consident,
1088 2407 1125 2435 et
1151 2401 1250 2434 brevi
1275 2406 1357 2444 post
1379 2400 1486 2433 missa
1509 2399 1628 2433 datur.
1675 2397 1778 2432 Con-

340 2452 436 2484 vivio
467 2456 586 2484 autem
615 2449 684 2483 hoc
718 2449 778 2483 die
801 2448 1064 2494 patriarcham,
1103 2447 1351 2493 metropolitas
1381 2451 1417 2480 ct
1449 2455 1684 2492 quoscunque
1710 2454 1779 2479 vo-

340 2498 423 2532 lunt
449 2503 633 2532 senatores
657 2495 846 2530 adhihent.

963 2564 1057 2599 CAP.
1084 2575 1139 2599 22.

368 2634 605 2670 Obseruantia
625 2635 666 2670 in
683 2635 771 2675 festo
789 2643 824 2669 et
838 2635 1069 2680 processione
1087 2632 1328 2668 exaltationis
1346 2628 1581 2666 venerandae
1608 2627 1737 2664 crucis.

437 2703 682 2746 cubicularii,
721 2704 863 2750 patricii
902 2708 938 2736 ct
970 2702 1155 2739 domestici
1187 2701 1370 2745 ceterique
1399 2708 1563 2744 proceres
1591 2706 1714 2732 omnes
1739 2693 1779 2727 in
