1748 3126
55 646 272 714 talesque
296 645 547 710 pertinent
578 646 752 692 ceteris
777 659 871 708 per
892 644 1239 708 septentrionis
1269 646 1497 709 regiones

49 717 229 810 positis
255 741 544 809 praefulget
557 741 683 808 sere
714 739 951 788 omnibus.
1029 739 1135 787 Iam
1177 755 1302 787 vero
1347 757 1497 808 quum

54 839 170 888 talis
211 840 307 896 sit,
361 831 620 903 peregrini
659 852 852 903 quoque
901 839 1095 902 pariter
1141 852 1251 884 cum
1298 837 1496 886 civibus

51 937 302 985 liberrimo
333 934 404 982 ad
432 936 539 983 eius
558 933 818 982 thesauros
846 932 1067 999 gaudent
1098 931 1268 981 aditu:
1299 949 1495 982 verum·

49 1045 211 1082 tamen
229 1044 498 1092 vestrates,
531 1049 659 1102 quae
686 1035 925 1080 maiorum
930 1032 1155 1100 fortuna
1178 1044 1227 1082 et
1251 1035 1496 1098 sapientia

49 1131 359 1181 bibliothecis
381 1132 565 1188 intulit,
583 1135 820 1200 gnaviter
834 1143 1012 1182 eruunt
1027 1135 1150 1199 ipsi,
1172 1130 1495 1198 publicaeque

46 1229 151 1277 luci
185 1241 333 1298 atque
376 1231 582 1279 utilitati
622 1231 837 1280 tradunt.
913 1229 1050 1280 Hinc
1086 1229 1398 1297 praeclaram
1438 1232 1492 1277 in

49 1327 321 1378 Germania
349 1342 498 1398 atque
532 1333 584 1378 in
616 1335 901 1380 universum
933 1329 1071 1396 apud
1102 1340 1303 1378 cunctos
1336 1328 1493 1377 bonae

45 1427 304 1477 doctrinae
332 1432 669 1479 aestimatores
701 1447 884 1498 aequos
915 1440 965 1479 et
1008 1431 1199 1496 peritos
1244 1425 1345 1477 sibi
1386 1425 1494 1472 lau-

46 1525 159 1575 dem
213 1531 406 1594 peperit
468 1529 526 1579 0.
587 1529 654 1579 D.
701 1529 1060 1587 Blocnms,
1122 1529 1234 1596 qui,
1277 1523 1491 1590 prolatis

46 1623 328 1674 Herodiani
373 1626 647 1695 Galenique
697 1628 862 1684 libris,
916 1631 1046 1676 inter
1100 1625 1212 1673 illos
1266 1631 1490 1670 censetur

46 1722 136 1786 qui
179 1721 398 1771 reductis
448 1724 694 1788 peculiari
732 1723 919 1771 saeculi
960 1725 1122 1769 nostri
1145 1721 1400 1786 felicitate
1433 1719 1487 1763 in

45 1817 204 1864 vitam
234 1817 378 1866 libris
408 1827 628 1867 veterum
642 1857 658 1878 ‚
717 1834 993 1866 communes
1022 1819 1295 1867 extiterunt
1321 1815 1486 1880 philo-

44 1912 271 1979 logorum
298 1914 659 1982 benefactores.-
701 1931 801 1963 non
832 1918 994 1964 minus
1027 1917 1241 1980 insignis
1260 1915 1486 1961 acumine

45 2012 239 2076 ingenii
265 2007 612 2081 doctrinaeque
638 2015 964 2079 praestantia,
1009 2011 1128 2060 dum
1158 2011 1483 2077 depravatam

43 2110 182 2156 unici
208 2107 395 2156 codicis
425 2112 738 2175 scriptionem
762 2107 999 2157 emendat.
1045 2108 1172 2156 Eum
1204 2081 1363 2173 igitur
1385 2125 1483 2172 per

40 2203 231 2252 litteras
264 2204 400 2263 adii,
433 2206 638 2254 simulac
669 2205 732 2254 de
774 2203 980 2254 edendis
1022 2202 1305 2253 Reisltianis
1343 2210 1482 2271 cogi-

40 2302 271 2350 tationem
291 2318 623 2368 susceperam,
658 2301 806 2370 idque
827 2318 885 2350 eo
905 2304 1067 2367 magis
1088 2301 1244 2365 quod,
1273 2315 1481 2369 propter

40 2406 114 2445 tot
142 2413 381 2446 annorum
403 2397 695 2457 absentiam,
732 2415 910 2463 parum
936 2415 1127 2464 gnarus
1155 2405 1475 2451 mutationum

39 2496 169 2559 quae
221 2496 409 2544 interea
453 2495 769 2555 accidissent,
832 2498 997 2544 nescio
1047 2495 1292 2562 quomodo
1351 2502 1477 2552 mihe‘

36 2591 379 2662 persuaseram
430 2598 736 2664 adscriptum
775 2614 881 2647 esse
909 2596 1104 2665 Regiae
1155 2597 1476 2648 bibliothecae

47 2694 230 2745 Virum
263 2693 598 2744 clarissimum.
663 2692 936 2761 Respondit
982 2695 1064 2744 ille
1095 2698 1300 2744 comiter
1330 2706 1486 2763 atque·
