1884 3112
359 151 432 194 DE
471 147 731 193 CERIMON.
771 145 956 188 AULAE
993 142 1215 186 BYzAN'r.
1257 146 1291 184 1.
1321 146 1388 189 ιιι.
1479 121 1587 177 215

157 253 312 311 ὅμοίως
338 253 418 296 ’καὶ
447 251 488 295 οἳ
522 249 735 305 Πράσινοι
781 250 840 298 εἷς
873 249 919 290 τό
957 245 1127 302 oin-tuoni
1166 247 1292 303 μέρος
1324 244 1498 300 πλησίον
1518 244 1592 285 τοῦ

156 322 353 375 στάβλου,
407 318 455 362 τὸ
484 320 531 361 δὲ
559 311 732 373 ὄργανον
759 317 819 364 εἷς
839 313 885 357 τὸ
917 310 1256 367 ἀναδενδράδων,
1286 309 1360 353 καί
1382 309 1428 352 τὸ
1451 311 1593 364 ἕτερον

155 389 216 436 εἰς
236 384 506 442 τήνεῖσοδον
538 385 615 425 τοῦ
642 379 849 435 στάβλου,
894 379 1032 434 ὄλίγον
1062 375 1143 420 cinci
1183 377 1487 432 διαστήματος,
1523 372 1595 416 καὶ

155 449 258 494 ἄλλο
283 445 457 508 ὄργανον
484 450 644 492 ἐκεῖθεν
670 449 747 488 τοῦ
775 445 1002 488 πουλπίτου
1023 446 1101 486 τοῦ
1120 444 1379 495 καταβασίου
1399 444 1474 484 τοῦ
1493 445 1594 482 λου-

128 519 268 574 5τροῦ.
322 518 397 559 καὶ
422 511 488 558 ὅτε
516 516 740 564 ἔξέλθωσιν
766 511 820 554 τιὶ
848 511 1036 565 σάβανα,
1065 509 1091 564 ἧ
1120 510 1366 564 μυροθήκη,
1395 507 1447 550 τὰ
1472 515 1630 563 σκρι-(Ζ

153 582 225 628 re'a
252 581 327 625 καὶ
348 579 400 625 τὰ
426 580 738 635 σικλότρουλλα,
769 577 1040 632 ὄψικεύουσιν
1068 573 1180 617 αὐτὰ
1201 570 1351 616 ὕπατοι
1370 575 1499 628 μέχρι
1518 575 1595 615 τοῦ

153 646 413 702 καταβασίου
450 648 524 690 τοῦ
560 646 766 701 λουτροῦ,
813 641 864 684 τὰ
894 639 1103 695 θυμελικὰ
1133 639 1270 682 πάντα
1309 637 1595 694 ὄψικεύουσιν,

152 711 211 764 ὥς
229 711 360 768 ἔχειῆ
389 711 606 767 συνήθεια,
634 711 709 752 καί
732 708 1040 751 ἀποσωθέντων
1063 706 1148 748 τῶν
1174 704 1382 760 σαβάνων,
1403 703 1597 760 ἔρχονται

153 778 192 820 οἱ
219 776 398 832 ὕπατοι,
426 779 499 819 καί
525 778 716 818 ἵστανται
742 775 803 824 εἷς
829 771 907 829 τὴν
932 773 1116 815 πόδωσιν
1143 772 1216 827 τῆς
1241 770 1430 827 γεφύρας
1456 784 1597 811 κονσι-

103 843 356 899 ιοστώριον·
411 841 450 884 οἱ
480 843 526 884 δὲ
552 840 764 897 πατρίκιοι
790 839 979 882 ἵστανται
1004 838 1065 886 εἷς
1090 835 1167 892 τὴν
1193 836 1401 893 τράπεζαν
1424 838 1499 890 τῆς
1525 849 1596 889 γε·

160 908 317 967 φύρας.
370 908 443 951 καί
466 905 535 950 ὅτε
561 907 709 964 ἐξέλθῃ
735 903 762 961 ἧ
793 901 1000 959 αὖγούστα
1026 901 1107 945 ἀπὸ
1133 905 1210 945 τοῦ
1237 904 1420 955 παστοῦ,
1449 898 1596 943 ἀποκι-

154 978 299 1018 νοῦσιν
327 972 367 1016 οἱ
392 972 603 1030 πατρίκιοι
631 969 898 1025 ὄψικεύοντες
924 968 997 1012 ἐπὶ
1019 967 1065 1012 τὸ
1093 969 1348 1022 καταβάσιον
1366 969 1441 1023 τῆς
1465 967 1597 1023 γεφύ-

152 1057 231 1098 ρας
255 1039 304 1083 τό
331 1042 460 1097 μέρος
483 1040 562 1082 τοῦ
589 1036 746 1090 «fluitem,
774 1039 847 1079 καί
869 1036 1138 1078 ἅποκινοῧσιν
1168 1033 1208 1076 οἱ
1235 1031 1392 1077 ὕπατοι
1422 1032 1598 1087 ὄψικεύ-

152 1122 266 1156 οντες
295 1108 426 1161 μέχρι
463 1106 539 1147 τοῦ
577 1104 836 1158 καταβασίου
863 1105 939 1158 τῆς
974 1101 1099 1157 ἁγίας
1123 1103 1375 1158 Χριστίνης.
1430 1102 1502 1142 καί
1528 1101 1601 1142 δέ-

101 1174 274 1227 ιόχεται
299 1173 466 1228 πρῶτον
489 1168 535 1213 τό
559 1171 690 1225 μέρος
729 1171 813 1212 τῶν
839 1170 1053 1221 Βενέτων,
1111 1165 1182 1209 ὅτε
1221 1167 1417 1224 ἀναφανῇ
1454 1165 1479 1222 ἦ
1521 1161 1644 1208 ati-1>

148 1237 316 1294 γούστα,
345 1235 419 1280 καί
443 1237 748 1291 ἀκτολογοῦσιν,
775 1233 833 1285 ὥς
862 1233 951 1288 ἔχει
975 1233 1002 1290 ἧ
1031 1231 1261 1289 συνήθεια.
1301 1230 1502 1275 αὖλοῦσιν
1527 1232 1602 1273 καὶ

148 1302 202 1348 τὰ
229 1299 411 1360 ὄργανα,
447 1305 520 1346 καί
546 1299 615 1344 ὅτε
641 1300 820 1356 μεσιίσει
854 1298 881 1357 ἦ
921 1297 1136 1355 αὖγούστα
1174 1301 1234 1349 εἰς
1260 1298 1308 1342 τὰ
1338 1296 1599 1353 ἀναδενδρά-

150 1371 254 1424 διον,
281 1364 485 1426 ἄρχονται
513 1369 751 1422 ἄκτολογεΐν
779 1368 850 1409 καί
877 1365 915 1408 οἱ
935 1367 1147 1423 Πράσινοι
1175 1365 1343 1419 ὁμοίως.
1369 1366 1443 1407 καί
1463 1366 1599 1420 εἰσέρ-

146 1449 271 1489 χεται
295 1435 323 1490 ἢ
352 1433 565 1489 αὖγούστα
597 1435 657 1483 εἰς
682 1431 728 1476 τὸ
755 1431 944 1489 λουτρὸν,
975 1431 1048 1474 καί
1074 1428 1141 1474 ὅτε
1166 1433 1328 1489 ἐξέλθῃ,
1358 1430 1509 1483 ὁμοίως
1534 1430 1599 1483 γί-

97 1516 265 1543 αονεται
290 1497 317 1555 ἢ
344 1500 572 1542 ἀκολουθία
599 1501 676 1542 τοῦ
703 1498 874 1552 ὄψικίου
903 1500 977 1553 τῆς
1005 1495 1260 1553 συγκλήτου,
1289 1496 1362 1538 καί
1387 1497 1598 1548 εἰσέρχον-

150 1582 219 1608 ται
247 1562 511 1619 ὄψικεύοντες
536 1565 667 1620 μέχρι
693 1566 768 1606 τοῦ
793 1566 966 1616 παστοῦ,
994 1563 1067 1605 καί
1086 1565 1275 1605 ἵστανται
1296 1559 1597 1615 κονσιστώριον,

152 1632 234 1680 ἕως
262 1625 311 1672 οὗ
338 1630 505 1687 εἰσέλθῃ
534 1629 560 1685 ἧ
590 1628 804 1684 αὕγούστα
847 1631 906 1678 εἰς
933 1627 978 1671 τὸ
1018 1626 1151 1684 δεξιὸν
1177 1629 1303 1682 μέρος
1330 1628 1403 1681 τῆς
1431 1625 1599 1680 κόγχης.

151 1693 207 1736 τοὶ
246 1697 293 1738 δὲ
329 1697 437 1750 μέρη
480 1693 676 1750 ἔρχονται
715 1697 788 1736 καί
825 1692 937 1735 affra
979 1689 1152 1735 ὄπισθεν
1190 1689 1489 1745 ἇκτολογοῦντα
1518 1693 1596 1738 ’ἕως

154 1762 233 1803 τοῦ
258 1762 444 1814 παστοῦ,
492 1759 537 1801 αἱ
564 1761 613 1804 δὲ
649 1763 868 1816 κληθεῖσαι
907 1765 1098 1815 γυναῖκες
1139 1759 1395 1815 ἀπέρχονται
1423 1752 1598 1799 ὄπισθεν

245 1873 278 1909 3.
304 1871 463 1917 στάβλου
488 1871 635 1918 ὀλίγον,
664 1869 742 1906 dud
765 1872 821 1906 ed.
889 1885 921 1918 7.
946 1864 1128 1919 θεμελικὰ
1167 1870 1223 1904 ed.
1292 1873 1325 1907 8.
1352 1862 1429 1904 α’πό
1450 1871 1596 1903 σωθέν-

242 1931 320 1953 των
338 1918 393 1952 ed.
446 1920 496 1954 16.
523 1920 723 1962 συνήθεια,
749 1919 912 1953 αὐλοῦσι
933 1919 988 1952 cd.
1042 1931 1091 1966 ¹7·
1119 1917 1268 1966 μεσάσῃ
1294 1918 1351 1956 ed,
1378 1915 1420 1951 τὸ
1447 1929 1517 1950 om.
1539 1916 1597 1954 ed.

152 2031 265 2068 prope
289 2020 469 2055 stabulum
502 2021 653 2055 adstant.
715 2021 897 2067 Organum
925 2023 963 2055 in
988 2021 1175 2062 arboreto,
1200 2020 1373 2066 aliudque
1398 2021 1438 2054 in
1462 2018 1596 2053 stabuli

153 2068 256 2102 aditu
288 2069 479 2102 intervallo
516 2068 698 2115 quodam3
736 2068 837 2101 aliud
872 2080 1043 2114 organum
1069 2070 1106 2102 in
1130 2069 1295 2114 pulpito,
1323 2067 1418 2100 unde
1444 2066 1489 2099 ad
1514 2065 1596 2098 bal-

151 2125 263 2148 neum
289 2115 541 2156 descenditur,
577 2117 736 2160 positum
766 2121 832 2151 est.
891 2115 1046 2161 Quando
1069 2127 1153 2149 vero
1186 2115 1339 2156 sabana,
1371 2113 1594 2157 myroffleca,

153 2161 285 2195 scrinia
315 2167 352 2195 et
377 2162 578 2196 siclotrulla
612 2161 832 2208 procedunt,
887 2163 1051 2196 consules
1086 2173 1127 2195 ea
1162 2173 1277 2207 usque
1310 2162 1356 2197 ad
1383 2161 1595 2194 descensum

153 2208 278 2242 balnei
309 2218 382 2241 una
414 2219 495 2242 cum
531 2208 737 2252 thymelicis
763 2209 930 2242 omnibus
954 2221 1019 2254 pro
1045 2220 1144 2243 more
1169 2210 1408 2248 comitantur,
1435 2213 1469 2240 et
1492 2211 1594 2251 post-

155 2265 263 2299 quam
286 2254 418 2288 sabana
442 2254 671 2289 deduxerunt
686 2281 695 2295 ‚
723 2255 898 2297 redeunt,
931 2262 970 2290 et
991 2257 1032 2290 in
1058 2256 1326 2289 substructione
1351 2255 1468 2300 pontis
1483 2279 1492 2292 ‚
1526 2264 1594 2297 pa-

155 2301 254 2334 tricii
279 2311 363 2334 vero
387 2301 432 2335 ad
454 2308 612 2335 mensam
654 2301 815 2336 eiusdem
841 2304 964 2347 pontis
989 2303 1241 2336 consistorium
1265 2302 1497 2335 constituunt.
1544 2299 1594 2331 Et

158 2345 304 2392 quando
333 2347 491 2393 Augusta
514 2360 540 2383 e·
568 2348 724 2382 thalamo
751 2360 932 2394 egressura
965 2355 1040 2390 est,
1063 2351 1229 2393 patricii,
1256 2360 1334 2382 eam
1358 2347 1590 2383 comitantes,

155 2392 204 2425 ad
233 2393 443 2446 descensum
478 2396 601 2440 pontis
638 2402 851 2443 partemque
889 2398 1007 2437 ovati,
1042 2397 1205 2430 consules
1243 2396 1288 2429 ad
1325 2396 1530 2428 descensum
1556 2391 1590 2423 S-

155 2437 360 2492 Chnstinae
395 2440 586 2475 divertunt.
654 2442 775 2483 Hanc,
809 2442 893 2477 dum
920 2449 1120 2488 comparet,
1156 2444 1269 2487 prima
1294 2442 1512 2476 Venetorum
1538 2438 1592 2470 fa-

157 2490 230 2518 ctlo
256 2486 413 2529 excipit,
449 2492 485 2520 et
502 2513 512 2529 ,
544 2494 586 2521 ut
609 2500 684 2522 mos
709 2494 786 2529 est,
825 2490 1019 2530 acclamat,
1045 2501 1176 2535 organa
1202 2499 1344 2535 quoque
1369 2491 1519 2518 sonant:
1552 2485 1593 2516 in

157 2530 278 2564 medio
302 2531 711 2574 arboreto‚coustitutae
735 2536 873 2569 Prasini
909 2537 1078 2569 similiter
1103 2537 1310 2569 acclamant.
1367 2533 1480 2564 Intrat
1505 2541 1589 2563 vero

161 2577 323 2622 Augusta
346 2577 535 2621 balneum,
562 2593 606 2614 ex
634 2593 706 2626 quo
730 2581 816 2614 dum
840 2582 948 2622 redit,
971 2583 1123 2615 officium
1146 2580 1312 2627 obsequii
1333 2582 1512 2612 senatores
1530 2588 1591 2610 ce-

156 2623 320 2664 lebrant,
342 2623 479 2660 intrant
503 2638 582 2660 cum
606 2627 782 2674 obsequio
806 2627 853 2662 ad
878 2628 1096 2669 thalamum,
1123 2635 1160 2662 et
1184 2638 1297 2672 usque
1323 2626 1409 2659 dum
1433 2624 1591 2669 Augusta

159 2669 323 2704 dextrum
348 2672 507 2706 conchae
530 2673 625 2707 latus
646 2675 848 2719 ingressura
872 2680 938 2716 est,
963 2676 1213 2708 consistorium
1239 2673 1474 2707 constituunt,
1521 2670 1592 2702 Fa-

159 2718 298 2752 ctiones
321 2727 405 2752 vero
431 2724 469 2753 et
491 2720 590 2767 ipsae
615 2731 636 2754 a
660 2726 760 2767 tergo
775 2746 785 2763 ‚
810 2725 887 2757 acta
915 2721 1152 2766 celebrantes,
1175 2731 1290 2766 usque
1315 2718 1360 2752 ad
1385 2716 1590 2756 thalamum,
