1832 3112
293 121 367 178 80
564 134 923 182 coNsTANnm
975 137 1462 183 PORPHYROGENm

294 243 379 296 μὲν
407 241 608 296 βασιλεύς
632 243 751 296 μένει
772 239 882 295 μετὰ
904 239 1031 294 μόνου
1054 243 1131 284 τοῦ
1155 243 1438 299 πατριάρχου,
1466 241 1539 284 καὶ
1554 243 1631 285 τοῦ
1653 257 1752 285 κου-

262 311 290 344 Β
304 307 521 363 βουκλείου
546 310 878 364 παρισταμένου,
890 309 964 349 καί
985 306 1151 358 πιόντες
1166 309 1388 365 προσάπαξ
1409 309 1666 362 ἀνίστανται,
1681 311 1756 351 καί

297 375 630 429 προσκληθέντες
656 371 695 414 οἱ
722 371 847 428 ἱερεῖς
870 371 953 414 ἀπὸ
987 372 1213 423 κελεύσεως
1234 375 1509 430 εἰσέρχονται,
1539 373 1613 416 καὶ
1633 390 1754 430 περι-

299 437 554 494 βαλλόμενος
572 438 592 481 ὃ
610 438 877 495 πατριάρχης
897 436 945 480 τὸ
966 437 1207 496 ὦμοφόριον
1226 438 1373 493 αὑτοῦ,
1386 442 1554 482 ποιοῦσι
1570 437 1754 496 τὸνζστί-

295 521 398 559 χον,
427 506 501 546 καί
526 503 699 555 ἐπιδούς
721 504 744 546 ὅ
772 505 1036 561 πατριάρχης
1060 506 1119 563 τῷ
1135 508 1308 559 βασιλεῖ
1331 505 1535 560 εὐλογίας,
1559 507 1777 562 ἐξέρχον·5

299 587 369 613 ται
397 568 438 612 οἱ
463 569 602 627 ἱερεῖς.
650 572 740 628 (Ζ.)
764 573 858 613 Καὶ
880 567 963 612 εἶθ’
986 567 1116 621 οὕτως
1135 569 1495 627 προσκυνήσαντες
1525 569 1753 628 ἀλλήλους,

300 634 375 678 καί
405 635 695 690 ἀσπασάμενοι
721 632 755 689 ὅ,
780 652 826 678 τε
849 634 1050 690 βασιλεύς
1073 636 1147 680 καί
1168 636 1191 678 ὅ
1214 635 1498 693 πατριάρχης,
1527 638 1754 694 ἀπέρχεται

298 704 380 757 μὲν
403 701 427 744 ὅ
454 702 720 759 πατριάρχης
741 701 815 744 καί
843 703 1124 754 διασώζουσιν
1151 701 1279 746 αύτὸν
1301 701 1339 746 οἱ
1358 705 1432 745 τοῦ
1457 703 1753 757 κουβουκλείου

302 769 435 824 μέχρι
457 769 541 810 τῶν
571 766 919 824 κατηχουμένων,
960 768 981 810 ὃ
1011 771 1058 810 δὲ
1080 766 1279 823 βασιλεῦς
1301 768 1567 811 ἀναπαύεται
1601 766 1754 824 μικρὸν

302 835 437 875 ἐκεῖσε
446 867 460 887 ,
490 832 564 875 καὶ
589 833 907 889 καταλαβούσης
934 836 1008 888 τῆς
1039 831 1154 890 ὥρας
1177 832 1471 890 περιβάλλεται
1502 832 1526 876 ὅ
1554 831 1809 889 βασιλεῦςιό

269 896 497 953 οκολόβιον
512 898 750 956 τριβλάτιον
774 902 1278 955 χρυσοσωληνοκέντητον,
1301 898 1372 942 διὰ
1395 900 1528 942 λίθων
1554 898 1627 941 καί
1643 916 1756 956 μαρ-

299 965 440 1023 γάρων
453 958 764 1022 ’ἧμφιεσμένοη
781 962 806 1006 ὃ
822 966 894 1006 καί
907 964 1064 1022 βότρυς
1087 969 1289 1019 καλεῖται,
1309 964 1382 1007 καὶ
1397 966 1580 1008 σπαθιὀν
1600 963 1757 1019 ὁμοίως

298 1032 487 1088 χρυσοῦν
515 1029 587 1072 διὰ
622 1033 754 1073 λίθων
786 1029 862 1072 καί
883 1030 1113 1087 μαργάρων
1137 1031 1436 1088 ἠμφιεσμένον,
1475 1029 1548 1072 καὶ
1575 1027 1656 1072 εἶθ’
1680 1028 1756 1072 οῦ-

298 1113 382 1146 τως
402 1095 639 1152 ἐπιτίθησιν
664 1094 687 1137 ὅ
704 1095 981 1152 πραιπόσιτος
1001 1094 1078 1151 τὴν
1102 1095 1216 1152 τόγα,
1245 1091 1374 1153 ἤγουν
1391 1095 1469 1152 τὴν
1492 1095 1656 1152 τιάραν,
1685 1097 1758 1138 ἐπὶ

299 1164 374 1220 τῆς
401 1165 480 1204 τοῦ
503 1163 711 1217 βασιλέως
737 1162 882 1216 τιμιάς
910 1163 1109 1219 κεφαλῆς.
1164 1162 1238 1205 καί
1257 1163 1468 1219 ἐξέρχεται
1497 1161 1523 1204 o‘
1555 1160 1805 1216 βασιλεῦςι5

300 1227 618 1284 δηριγευόμενος
642 1227 723 1270 ὑπὸ
747 1230 831 1270 τῶν
856 1227 1075 1284 ἀρχόντων
1104 1230 1182 1270 τοῦ
1207 1231 1524 1283 κουβουκλείου,
1567 1225 1752 1286 φορούν-

302 1311 387 1337 των
417 1295 562 1338 αὕτῶν
588 1293 715 1349 σαγία
739 1292 920 1350 ἀληθινὰ
937 1326 949 1348 ,
992 1293 1063 1336 καὶ
1094 1296 1307 1351 διέρχεται
1340 1293 1411 1338 διὰ
1434 1297 1520 1338 τῶν
1547 1310 1753 1350 κατηχού-

299 1362 479 1415 μενει’ων
505 1362 583 1402 τοῦ
612 1358 843 1417 νάρθηκος,
887 1359 940 1402 τὰ
966 1362 1013 1403 δὲ
1038 1363 1147 1417 βῆλα
1170 1359 1219 1403 τά
1249 1355 1349 1403 ὄντα
1367 1363 1501 1404 ἐκεῖσε
1533 1364 1754 1416 κουβικου-

299 1426 444 1483 λάριοι
472 1426 728 1481 βαστάζουσι
743 1460 757 1480 ,
787 1425 859 1468 καί
879 1427 1090 1482 διέρχεται
1124 1425 1194 1469 διά
1223 1429 1296 1469 τοῦ
1324 1424 1550 1484 ἀριστεροῦ
1566 1426 1752 1481 κοχλιοῦ,

298 1495 355 1535 δι’
381 1488 433 1535 οὗ
458 1491 531 1535 καί
551 1493 756 1548 ἀνῆλθεν,
790 1495 864 1534 καί
882 1494 1079 1546 δέχονται
1107 1491 1234 1535 αὐτὸν
1267 1495 1310 1536 οἳ
1345 1510 1390 1535 τε
1419 1492 1645 1549 μάγιστροι
1678 1485 1826 1538 aem'ao'¹

297 1561 510 1616 πατρίκιοι
545 1556 704 1609 ἔξωθεν
733 1559 811 1599 τοῦ
837 1558 973 1600 αὐτοῦ’
1007 1560 1180 1612 κοχλιοῦ
1208 1559 1267 1609 εἷς
1298 1557 1371 1601 τὸν
1402 1560 1606 1615 λουτῆρα,
1646 1555 1754 1600 ἔνθα

299 1626 374 1668 καί
393 1623 440 1667 τὸ
473 1626 591 1681 πρωῒ
614 1624 894 1681 ἀνερχομένου
922 1625 999 1666 τοῦ
1014 1627 1222 1679 βασιλέως
1242 1622 1432 1679 ἔμειναν,
1467 1621 1755 1680 ὑπερευχόμε-

303 1707 369 1734 νοι
395 1689 466 1734 τὸν
486 1692 680 1745 βασιλέα.
716 1690 789 1732 καὶ
808 1689 990 1742 ἐξελθών
1012 1689 1033 1733 ὃ
1051 1689 1264 1745 βασιλεύς,
1293 1689 1460 1733 ἱππεύει
1480 1690 1526 1732 ἐν
1552 1690 1603 1748 τῇ
1626 1688 1754 1747 πύλῃ,

265 1758 354 1807 Dav
383 1752 412 1814 ᾗ
431 1755 618 1799 εἴθισται
649 1752 765 1814 αύτῷ
797 1758 896 1799 καθ’
915 1755 1093 1814 ἑκάστην
1121 1758 1368 1814 προέλευσιν
1391 1757 1517 1799 τοῦτο
1545 1760 1700 1808 ποιεῖν,
1727 1751 1752 1796 ὅ

299 1825 348 1866 δὲ
377 1824 504 1872 ἵππος
526 1821 727 1879 ἒστρωται
745 1819 1039 1878 σελλοχάλινον
1058 1825 1246 1881 χρυσοῦν
1274 1822 1490 1877 διάλιθον,
1518 1821 1806 1879 ἧμφιεσμέ-ῃό

299 1938 370 1969 tur.
394 1933 443 1968 Hi
461 1934 578 1967 fausta
588 1935 798 1980 Imperatori
813 1937 951 1981 precati
970 1941 1131 1982 surgunt,
1152 1941 1189 1971 et
1205 1936 1353 1977 abeunt,
1375 1936 1575 1980 Imperator
1589 1946 1668 1968 cum
1681 1946 1750 1980 pa-

299 1981 459 2016 triarcha
475 1987 512 2014 et
527 1981 692 2015 adstante
712 1982 879 2017 cubiculo
897 1984 994 2016 solus
1011 1989 1143 2025 manet,
1162 1989 1198 2017 et
1212 1989 1404 2029 postquam
1423 1981 1541 2015 adhuc
1557 1982 1668 2015 semel
1684 1993 1751 2026 po-

300 2034 380 2062 tum
402 2039 572 2068 sumsere,
598 2035 759 2073 surgunt,
776 2029 938 2063 arcessiti
958 2036 1078 2064 autem
1101 2030 1304 2064 sacerdotes
1323 2041 1343 2062 a
1357 2028 1524 2063 mandato
1543 2029 1693 2070 intrant,
1712 2033 1751 2063 et

299 2080 495 2121 postquam
515 2074 768 2119 omophorium
786 2077 989 2121 patriarcha
1005 2077 1138 2116 induit,
1158 2076 1314 2111 stichum
1330 2077 1485 2118 faciunt,
1505 2075 1640 2110 deinde
1655 2087 1751 2121 pane

299 2121 497 2156 benedicto
513 2122 726 2166 Imperatori
742 2123 972 2168 apatriarcha
996 2124 1093 2165 dato,
1113 2123 1314 2158 discedunt.
1340 2123 1450 2170 (vn.)
1466 2125 1658 2168 Postquam
1675 2124 1753 2155 Im-

307 2174 454 2214 perator
481 2173 519 2201 ct
544 2168 746 2212 patriarcha
771 2181 808 2204 se
833 2177 959 2204 mutua
983 2171 1195 2205 adoratione
1219 2172 1380 2205 venerati
1407 2171 1634 2215 osculatique
1654 2173 1752 2211 sunt,

307 2214 389 2248 abit
411 2215 472 2248 hic
506 2226 526 2246 a
554 2215 784 2250 cubiculariis
817 2217 863 2250 ad
899 2217 1155 2252 catechumena
1186 2229 1300 2264 usque
1339 2219 1515 2262 stipatus3
1553 2217 1751 2262 Imperator

306 2266 433 2296 autem
467 2261 522 2294 ibi
555 2263 742 2308 paulisper
775 2264 959 2306 subsistit,
998 2271 1035 2299 et
1057 2265 1145 2299 hora
1180 2265 1362 2305 instante,
1400 2263 1581 2298 colobium
1605 2263 1753 2297 triblat-

306 2314 409 2344 teum
426 2333 437 2349 ‚
469 2310 587 2342 aureis
610 2310 741 2344 taeniis
767 2317 932 2344 ornatum
959 2312 1216 2358 lapidibusque
1242 2317 1278 2346 et
1302 2310 1500 2345 unionibus
1525 2309 1749 2351 distinctum,

307 2355 410 2404 quod
433 2360 470 2389 et
495 2355 620 2400 botrys
643 2363 810 2398 vocatur,
843 2358 988 2400 induit,
1027 2359 1220 2405 gladioque
1246 2370 1354 2392 aureo
1381 2364 1419 2391 et
1440 2357 1577 2403 pariter
1603 2357 1751 2402 gemmis

307 2415 350 2437 ac
373 2403 572 2448 margaritis
596 2410 723 2437 ornato
755 2415 793 2438 se
827 2406 1003 2451 accingit:
1038 2412 1128 2440 tunc
1151 2404 1356 2452 patriarcha
1388 2410 1509 2450 togam
1534 2415 1598 2437 seu
1623 2405 1752 2437 tiaram

306 2449 513 2484 venerando
540 2450 769 2494 Imperatoris
802 2453 913 2497 capiti
945 2454 1113 2498 imponit.
1173 2454 1205 2486 Is
1242 2457 1369 2497 postea
1403 2463 1423 2483 a
1448 2451 1615 2484 cubiculo
1639 2461 1752 2495 prae-

308 2497 414 2530 fectis
440 2508 522 2542 saga
548 2508 730 2542 purpurea
754 2499 977 2543 gestantibus
1003 2501 1174 2544 stipatus,
1198 2510 1264 2545 per
1287 2497 1543 2533 catechumena
1566 2496 1748 2531 narthecis

307 2545 459 2584 transit,
486 2542 718 2577 cubiculariis
747 2546 848 2586 vela,
873 2558 966 2592 quae
992 2546 1046 2580 ibi
1070 2551 1176 2587 sunt,
1203 2544 1453 2591 portantibus,
1490 2555 1627 2590 perque
1656 2545 1750 2578 sini-

309 2596 418 2624 stram
451 2590 632 2624 cochleam
648 2615 658 2632 ‚
694 2602 759 2636 per
789 2603 897 2638 quam
933 2599 1101 2634 venerat,
1151 2593 1266 2633 redit,
1304 2603 1458 2638 eumque
1494 2591 1678 2636 magistri,
1711 2595 1750 2624 et

308 2637 454 2683 patricii
478 2643 578 2671 extra
611 2637 794 2672 cochleam
818 2639 972 2674 eandem
990 2641 1044 2680 >in
1077 2640 1290 2686 baptisterio
1306 2664 1318 2680 ,
1359 2638 1424 2672 ubi
1449 2644 1486 2672 et
1512 2648 1615 2671 mane
1640 2636 1750 2682 adve-

308 2685 474 2718 nientem
500 2685 755 2730 Imperatorem
779 2692 1083 2731 exspectaverant,
1107 2687 1235 2732 faustis
1259 2685 1527 2732 precationibus
1552 2684 1747 2728 excipiunt.

311 2731 344 2765 Is
371 2731 410 2766 in
433 2736 537 2775 porta
553 2757 563 2772 ,
587 2732 653 2767 ubi
675 2731 716 2766 id
737 2733 776 2767 in
801 2734 951 2779 singulis
985 2733 1276 2781 processionibus
1300 2733 1417 2768 facere
1451 2732 1566 2774 solet,
1602 2740 1748 2777 equum,
