1878 3112
300 79 413 135 360
586 97 946 142 CONSTANTlNl
986 99 1470 144 PORPHYROGEmn

301 198 491 254 ἱππικὸν,
533 199 640 242 ἀλλὰ
671 199 878 254 λαμβάνει
905 199 1065 257 τῇπρό
1119 203 1221 254 μιᾶς
1249 202 1414 260 ἡμέρας
1454 203 1533 245 τοῦ
1567 202 1694 256 βοτοῦ
1723 198 1748 244 ὅ

301 267 573 323 πραιπόσιτος
603 265 717 321 παρα
750 267 824 307 τοῦ
851 269 1058 320 βασιλέως
1090 263 1330 324 ἀπόκρισιν,
1374 268 1446 311 καί
1475 268 1622 311 δίδωσι
1655 267 1751 319 διοί-

302 334 420 382 ταξιν
452 333 508 388 τῷ
536 332 608 386 τῆς
636 331 945 386 καταστάσεως,
969 329 1076 374 ὥστε
1108 335 1160 390 τῇ
1185 331 1278 390 ἑξῆς
1307 329 1503 390 ἄγεσθαι.
1529 337 1602 377 καί
1626 331 1751 377 ἕσπέ-

303 414 380 454 ρας
425 393 538 453 ὥραν
578 395 616 438 θ’
648 391 674 452 ἢ
723 396 747 438 ι’
782 395 835 439 τὰ
874 399 982 454 μέρη
1021 402 1210 442 Βενέτων
1239 399 1312 442 καί
1355 402 1588 457 Πρασίνων
1625 399 1750 456 ἆνὲρ-

301 478 448 518 χονται
484 463 543 513 εἷς
581 461 681 514 τοὺς
723 463 883 519 δήμους
922 465 1086 507 αὐτῶν·
1144 463 1182 507 οἱ
1221 468 1267 508 δὲ
1305 465 1515 522 δήμαρχοι
1554 467 1771 513 &aramus

303 527 440 582 κάτω,
475 531 658 584 λέγοντες
680 529 892 573 σκωπτικὰ
930 529 1034 587 πρὸς
1063 531 1292 588 ἀλλήλους,
1328 534 1399 575 καί
1431 529 1510 575 ὅσα
1542 533 1608 574 δεῖ
1633 532 1749 574 ἐκτε-

303 598 390 637 λεῖν
407 597 461 654 τῇ
491 591 646 655 ἑσπέρᾳ
677 595 825 655 ἐκείνῃ,
860 596 1185 648 ἄπολακτίζουσι
1215 599 1261 640 δὲ
1293 597 1330 640 οἱ
1363 601 1542 655 δρομεῖς,
1572 598 1645 639 καί
1676 612 1751 638 κα·-

110 663 474 718 Με.ι45.αθέζεται
502 659 524 703 ὅ
555 659 744 719 ῦπαρχος
768 665 828 713 εἰς
852 662 906 704 τὰ
938 670 1103 719 σημεῖα,
1135 665 1307 708 ἐκτελῶν
1333 663 1484 718 πάντα,
1515 662 1544 705 ἃ
1575 664 1644 705 δεῖ
1671 662 1752 704 αὕ-

259 726 379 775 Βτόν
412 729 614 771 ἐκτελεῖν.
669 730 721 787 τῇ
758 731 804 771 δὲ
837 727 930 786 ἑξῆς
969 732 1249 786 προέρχονται
1284 727 1463 780 ἅπαντες
1492 729 1677 783 ἐννύχιοι
1705 729 1752 770 ἐν

301 794 360 851 τῷ
379 792 606 852 ἡμικυκλίῳ
623 796 699 850 τῆς
727 795 895 850 α’ψίδος,
925 798 1149 852 φοροῦντες
1177 794 1216 838 οἱ
1247 791 1446 853 ἄρχοντες
1467 796 1543 838 τοῦ
1571 798 1802 849 κουβου-ιο

305 860 442 902 κλείου
467 860 667 915 χλανίδια
702 861 859 918 τύρεα,
902 862 941 905 οἱ
979 865 1026 906 δὲ
1053 864 1264 919 πατρίκιοι
1290 861 1363 905 καί
1387 862 1408 905 ὅ
1443 864 1516 918 τῆς
1543 859 1753 903 καταστά-

304 942 411 975 σεως
438 926 511 969 καί
535 927 561 983 ἦ
592 928 817 983 σύγκλητος
845 931 1025 985 φοροῦσι
1050 930 1251 982 χλανίδια
1280 926 1560 985 α’τραβατικὰ,
1600 925 1675 968 καί
1702 922 1754 967 ἇ-

304 989 516 1042 νοίξαντος
543 995 621 1034 τοῦ
643 994 863 1048 παλατίου,
893 996 1166 1052 εἰσέρχονται,
1195 994 1268 1037 καὶ
1288 994 1480 1037 ἵστανται
1503 994 1674 1042 ἕκαστος
1694 992 1755 1042 εἷς

306 1054 383 1112 τὴν
410 1059 524 1101 ἰδίαν
551 1060 682 1114 τάξιν,
712 1057 768 1109 ὥς
795 1061 839 1102 ἐν
866 1061 1000 1120 ἡμέρᾳ
1021 1059 1202 1114 ἱππικοῦ,
1227 1061 1368 1110 καθώς
1389 1061 1654 1117 προείρηται.
1683 1057 1757 1100 καὶ

308 1124 625 1180 δηριγευόμενος
653 1125 674 1167 ὅ
704 1125 904 1180 βασιλεῦς
929 1126 997 1169 ὑπ’
1027 1127 1178 1180 αὐτῶν,
1209 1127 1422 1182 διέρχεται
1449 1124 1520 1168 διὰ
1548 1127 1622 1182 τῆς
1649 1124 1808 1178 dol-15

310 1191 385 1240 δος
413 1191 486 1232 καί
515 1192 592 1232 τοῦ
620 1192 884 1247 αὔγουστέως
913 1194 984 1234 καί
1018 1194 1091 1235 τοῦ
1121 1195 1325 1246 μυστικοῦ
1349 1194 1541 1245 κοχλιοῦ,
1591 1189 1665 1232 καί
1703 1190 1755 1231 οἶ-

311 1257 503 1312 νέρχεται
530 1258 575 1300 ἐν
601 1259 659 1315 τῷ
686 1257 917 1312 καθίσματι
945 1259 1005 1307 εἷς
1031 1256 1076 1300 τὸ
1106 1258 1308 1312 κλούβιον,
1338 1256 1412 1300 καί
1437 1256 1459 1299 ὃ
1482 1254 1756 1313 σιλεντιάριος

118 1333 305 1369 Ed,L.210
316 1322 563 1378 κατέρχεται
589 1321 694 1377 μετὰ
722 1325 796 1380 τῆς
823 1325 1046 1380 κυλίστρας
1074 1324 1133 1374 εἷς
1159 1323 1206 1366 τὸ
1235 1323 1400 1378 στὰμα,
1448 1322 1522 1366 καὶ
1557 1325 1640 1365 τῶν
1678 1323 1756 1363 δύο

311 1390 451 1445 μερῶν
480 1389 610 1431 ἐκεῖσε
635 1387 848 1443 ἑστώτων,
885 1392 1018 1432 κυλίει
1047 1389 1071 1431 ὅ
1100 1388 1371 1445 σιλεντιάριος
1400 1391 1446 1432 ἐκ
1471 1389 1529 1445 γ’,
1570 1389 1642 1431 καί
1668 1385 1757 1432 οἷον

314 1450 366 1496 ἂν
391 1455 520 1510 μέρος
546 1457 746 1513 παραβῇ,
786 1453 866 1498 εἶθ’
897 1452 1028 1506 οὕτως
1055 1458 1225 1506 ἕκαστος
1253 1456 1394 1499 αὐτῶν
1422 1454 1469 1498 τὸ
1499 1453 1607 1498 ἴδιον
1631 1456 1812 1511 μέροςαο

312 1515 559 1576 εὖτρεπιζει,
590 1519 630 1563 οἱ
652 1522 732 1575 μὲν
757 1521 1039 1579 πρωτόθυρον,
1069 1521 1108 1564 οἱ
1139 1523 1185 1564 δὲ
1212 1520 1258 1566 τὸ
1285 1524 1467 1565 δέκατον.
1505 1521 1527 1565 ὅ
1558 1523 1604 1564 δὲ
1631 1525 1757 1576 βασι-

314 1583 412 1635 λεπὶς
437 1591 733 1642 προσκαλεῖται
761 1589 821 1637 εἷς
846 1586 893 1629 τὸ
922 1589 1112 1642 κλούβιον
1138 1590 1381 1645 πατρικίους
1405 1587 1479 1630 καὶ
1501 1585 1759 1645 στρατηγοὺς

314 1652 387 1693 καί
415 1650 513 1703 τοὺς
539 1655 618 1694 τοῦ
644 1654 934 1708 κουβουκλείου
962 1650 1170 1712 ἄρχοντας
1196 1653 1270 1697 καί
1302 1654 1401 1706 τοὺς
1427 1653 1482 1696 τὰ
1509 1655 1656 1711 πρῶτα
1676 1653 1758 1709 ὄφ-

317 1718 438 1774 φίκια
467 1721 743 1774 κατέχοντας,
785 1722 860 1764 καί
894 1723 1065 1765 δίδωσιν
1093 1717 1238 1772 αὖτοῖς
1276 1722 1512 1779 σφραγῖδας
1547 1722 1760 1774 διανεῖμαι

319 1885 380 1920 die
406 1886 479 1921 diei
504 1892 672 1923 votorum
699 1891 929 1936 praepositus
955 1902 1168 1937 responsum
1195 1891 1241 1924 ab
1273 1891 1496 1937 Imperatore
1533 1888 1689 1933 accipit,
1723 1892 1763 1922 et

317 1935 491 1979 magistro
518 1937 797 1970 cerimoniarum
823 1939 1023 1984 praecipit,
1057 1939 1227 1984 sequenti
1252 1937 1312 1972 die
1339 1943 1463 1971 votum
1497 1935 1674 1970 celebrari
1698 1933 1763 1968 de-

317 1979 417 2016 here.
478 1982 630 2027 Vesperi
662 1984 750 2018 hora
778 1986 825 2019 lx
861 1992 925 2019 aut
958 1986 987 2020 X
1009 1986 1231 2019 Venetorum
1257 1995 1298 2018 ac
1317 1985 1546 2018 Prasinorum
1570 1992 1691 2027 greges
1715 1982 1764 2015 ad

319 2037 402 2060 suas
427 2029 603 2062 sactiones
630 2030 839 2065 discedunt:
867 2031 1050 2065 demarchi
1075 2043 1159 2065 vero
1187 2032 1281 2065 infra
1309 2035 1426 2071 stant,
1462 2040 1500 2063 se
1524 2030 1679 2063 invicem
1704 2040 1765 2062 ca-

317 2073 503 2117 villantes,
531 2075 648 2121 deque
672 2077 803 2110 ritibus
831 2089 872 2110 ea
899 2089 1048 2123 vespera
1073 2078 1308 2112 observandis
1333 2078 1603 2122 colloquentes:
1640 2086 1766 2109 curso-

321 2131 379 2154 res
403 2127 642 2165 procurrunt,
669 2129 706 2156 et
732 2125 936 2169 praefectus
961 2124 1007 2157 ad
1031 2126 1131 2170 signa
1155 2124 1259 2157 sedet
1274 2149 1283 2165 ,
1309 2124 1452 2164 omnia,
1485 2133 1579 2169 quae
1603 2123 1765 2167 partium

321 2166 438 2212 ipsius
464 2174 571 2210 sunt,
595 2175 817 2214 peracturus.
868 2172 1043 2218 Sequenti
1070 2171 1130 2204 die
1156 2181 1279 2204 omnes
1306 2176 1416 2203 noctu
1441 2170 1488 2202 ad
1522 2169 1764 2213 hemicyclum

321 2213 460 2259 apsidis
485 2215 711 2260 procedunt,
737 2217 911 2262 praefecti
938 2217 1105 2250 cubiculo
1140 2218 1272 2250 tunicis
1299 2218 1438 2261 Tyriis,
1470 2216 1636 2262 patricii,
1671 2217 1765 2250 ceri—

322 2261 525 2294 moniarius
557 2267 595 2296 et
634 2269 781 2296 senatus
817 2263 1047 2307 atrebaticis5
1092 2270 1293 2310 apertoque
1325 2263 1464 2309 palatio
1501 2263 1639 2296 intrant
1666 2263 1766 2296 etin

323 2318 390 2340 suo
413 2308 565 2350 ordine,
589 2314 631 2342 ut
652 2310 692 2342 in
716 2309 775 2343 die
800 2310 1022 2344 decursionis
1049 2312 1227 2357 equestris
1243 2337 1252 2352 ‚
1287 2322 1396 2357 quem
1429 2321 1537 2355 supra
1572 2310 1767 2356 descripsi-

322 2365 427 2396 mu8‚
452 2355 587 2401 singuli
616 2356 772 2395 adstant.
819 2357 874 2392 Ab
900 2357 955 2390 his
981 2358 1134 2402 stipatus
1161 2359 1360 2403 Imperator
1388 2368 1452 2402 per
1480 2356 1666 2402 apsidem,
1699 2368 1768 2389 au-

323 2406 490 2446 gusteum
525 2407 563 2436 et
594 2402 778 2437 cochleam
819 2410 992 2438 secretam
1025 2405 1227 2450 digressus,
1267 2404 1314 2437 ad.
1345 2404 1516 2437 thronum
1549 2404 1588 2436 in
1617 2403 1767 2436 clathris

325 2449 564 2483 constitutum
587 2451 777 2495 procedit,
803 2451 1025 2485 silentiarius
1051 2463 1133 2485 cum
1167 2463 1258 2484 urna
1292 2451 1338 2485 ad
1371 2452 1564 2485 stationem
1594 2449 1696 2492 abit,
1730 2453 1770 2483 et

322 2494 363 2527 in
391 2502 586 2541 conspectu
612 2497 764 2531 duarum
792 2498 991 2531 factionum
1016 2498 1070 2531 ibi
1096 2498 1316 2532 adstantium
1349 2510 1428 2532 eam
1463 2502 1520 2531 ter
1542 2501 1684 2537 movet,
1707 2501 1770 2537 et,

327 2552 569 2589 quaecunque
595 2544 706 2577 factio
734 2545 888 2586 exierit,
914 2547 1035 2579 statim
1062 2546 1195 2591 singuli
1221 2557 1362 2590 gregem
1388 2557 1492 2579 suum
1519 2543 1701 2584 ordinant,
1727 2543 1769 2575 hi

325 2589 500 2632 primam,
529 2591 586 2623 illi
613 2591 789 2625 decimam
813 2593 969 2625 ianuam.
1025 2595 1225 2637 Imperator
1247 2593 1441 2638 patricios,
1475 2596 1674 2635 strategos,
1705 2601 1768 2623 cu-

324 2634 451 2668 biculo
480 2638 683 2682 praefectos
710 2643 748 2671 ct
772 2640 955 2684 principes
982 2640 1195 2673 officialium
1219 2639 1265 2672 ad
1291 2639 1430 2673 clathra
1454 2643 1581 2678 vocat,
1605 2637 1768 2682 ipsisque

326 2686 481 2718 tesseras
498 2711 506 2727 ,
534 2685 756 2732 pauperibus
773 2712 783 2728 ‚
810 2691 850 2720 ut
873 2697 972 2722 more
1007 2688 1158 2733 antiquo
1184 2687 1223 2723 in
1258 2687 1418 2722 triclinio
1447 2683 1685 2720 novendecim
1708 2693 1768 2717 ac-
