1878 3112
370 111 484 177 438
641 127 996 170 CONSTANTINI
1046 126 1527 169 PORPHYROGENITI

355 226 500 280 αὗτοΐς
523 227 704 285 ἔγραψεν
731 227 949 285 ἀρχόντων
988 229 1033 271 ἒν
1060 234 1146 277 τοῖς
1179 228 1356 285 Ἲερείας
1382 227 1600 278 παλατίοις
1637 232 1712 272 καὶ
1748 230 1800 272 ὕ·-

357 297 567 350 παντῆσαι
595 294 731 351 αὐτῷ·
789 290 887 350 ὅπερ
919 296 991 335 καί
1017 293 1237 348 ἐποίησαν.
1292 293 1365 335 καί
1389 295 1441 350 τῇ
1467 291 1691 350 ἐπαύριον,
1728 292 1795 346 ἓξ·-

356 357 574 415 καιὸεκάτῃ
603 361 678 400 τοῦ
706 355 839 400 αὐτοῦ
865 357 1118 413 Αὐγούστου
1146 355 1302 413 μηνὸς,
1354 358 1431 401 ἷνδ.
1461 360 1508 412 ς’,
1557 357 1694 415 ἡμέρᾳ
1721 374 1797 400 κυ-

355 426 483 480 ριακῇ
510 424 627 479 πρωῒ
648 421 778 476 ἐμβάς
813 425 873 472 εἷς
900 422 947 464 τὸ
979 421 1194 477 βασιλικὸν
1219 421 1436 476 δρομάνιον
1464 424 1718 478 προσέβαλεν
1745 423 1792 464 ἓν

352 490 406 546 τῇ
438 489 582 545 χρυσῇ
620 487 777 546 πόρτῃ.
832 489 956 530 κάκεῑ·
990 487 1327 543 προσυπὴντησεν
1365 488 1483 544 αὐτῷ
1519 490 1634 530 πᾶσα
1661 485 1688 543 ἦ
1715 487 1821 535 τιό-5

351 557 429 606 λις,
457 553 606 608 μικροί
628 568 674 593 τε
700 555 772 595 καί
796 554 982 608 μεγάλοι,
1009 551 1115 606 μετὰ
1145 553 1375 606 λαμπάδων
1402 552 1475 594 καί
1492 551 1792 606 θυμιαμάτων.

351 618 565 661 κατελθών
606 621 652 662 δὲ
691 618 772 660 άπὸ
812 622 887 661 τοῦ
927 619 1128 674 ὸρόμονος
1167 617 1241 660 καὶ
1280 617 1486 668 ἱππεύσας
1520 621 1692 675 διῆλθεν
1719 618 1792 661 διὰ

350 685 428 725 τοῦ
454 681 534 734 ἔξω
562 684 852 741 παρατειχιόυ,
883 687 956 726 καί
981 684 1052 726 διά
1081 686 1155 739 τῆς
1183 686 1396 740 πλακωτῆς
1426 684 1625 740 στραφεὶς
1652 685 1792 739 εἰσῆλ-

322 751 436 792 Βθεν
461 749 521 798 εἷς
546 748 622 805 τὴν
649 748 782 805 μονήν
810 752 892 792 τῶν
923 750 1194 806 ’Λβραμιτῶν
1246 749 1323 804 τὴν
1369 750 1589 804 λεγομένην
1624 749 1793 805 οἷχειρο-

351 815 521 869 ποίητον
548 816 626 870 τῆς
653 815 874 869 Θεοτόκου,
903 815 975 857 καί
1000 812 1118 871 ὥραν
1145 814 1286 870 τρίτην
1314 811 1454 868 βαλών
1481 812 1846 869 σκαραμάγγιονιο

351 881 583 935 καστώριον
611 879 684 922 καί
708 880 1040 935 καββαλικεύσας
1056 914 1069 935 ,
1113 876 1245 935 ἦλθεν
1279 881 1338 929 εἰς
1374 881 1450 934 τὴν
1474 879 1658 934 μεγάλην
1683 896 1793 936 χρυ-

349 947 427 1001 σῆν
454 944 627 1002 πόρταν,
655 948 726 988 καί
752 945 854 997 στὰς
881 945 1062 1002 ἔφιππος
1089 947 1133 988 ἐν
1161 946 1213 1003 τῇ
1241 946 1348 1002 αὕτῇ
1375 939 1522 1003 πόρτῂ,
1561 944 1682 988 ἔνδον
1706 947 1792 987 τῶν

349 1010 424 1053 δύο
450 1013 590 1067 μερῶν
618 1013 692 1054 τοῦ
722 1013 855 1067 δήμου
885 1011 1130 1064 ἱσταμένων,
1160 1011 1407 1067 εὐφημίσθη
1437 1008 1587 1059 οὕτως·
1627 1011 1794 1063 ,,καλώ’ς

346 1073 487 1133 ἦλθες,
520 1076 752 1132 Νικηφόρε,
782 1072 1058 1133 αὐτοκράτωρ
1083 1077 1318 1131 Ῥωμαίωνδ
1372 1079 1507 1126 καλῶς
1534 1073 1673 1132 ἦλθες,
1711 1081 1792 1120 Νι-

346 1141 516 1198 κηφὸρε,
545 1137 651 1193 ἄναξ
676 1143 846 1195 μέγιστε
868 1139 1111 1195 Ῥωμαίων·
1166 1144 1300 1190 καλῶς
1327 1137 1467 1196 ἦλθες,
1496 1140 1735 1197 Νικηφόρε,
1765 1137 1845 1189 ὄι5

345 1209 661 1262 τροπωσάμενος
688 1207 905 1263 φάλαγγας
930 1210 1164 1261 πολεμίων·
1219 1210 1340 1249 καλοῖ
1342 1225 1362 1258 ς
1387 1202 1525 1262 ἦλθες,
1555 1205 1787 1262 Νικηφόρε,

346 1270 368 1314 ὃ
395 1271 615 1328 πορθήσας
642 1271 781 1320 πόλεις
811 1273 1007 1314 ἐναντίων
1023 1289 1034 1300 ·
1089 1273 1224 1322 καλῶς
1251 1267 1405 1327 ἦλθες,
1445 1269 1700 1328 οἷνδριώτατε
1727 1289 1790 1316 νι-

346 1335 469 1392 κητά,
509 1336 751 1390 αἐισέβαστε
770 1354 781 1365 ·
837 1339 973 1386 καλῶς
1011 1332 1162 1392 ἦλθες,
1204 1340 1259 1379 δι’
1293 1332 1346 1379 οὗ
1381 1336 1646 1392 ὑπετάγησαν
1674 1337 1789 1393 ἔθνη.

347 1401 418 1444 διά
448 1405 525 1444 σοῦ
556 1398 729 1456 Ἰσμαὴλ
757 1399 952 1456 ἡττηθεὶς
979 1401 1249 1458 κατεπτώθη·
1306 1400 1378 1444 διὰ
1407 1405 1486 1445 σοῦ’
1510 1401 1562 1445 τά
1596 1404 1787 1458 σκῆπτρα

309 1465 569 1520 ΟῬωμαίων
597 1467 894 1522 κρατύνονται·
950 1465 1103 1508 ἕντεινε
1143 1463 1217 1509 οὖν
1254 1467 1327 1509 καὶ
1358 1468 1585 1509 κατευοδοῢ
1612 1466 1686 1509 καὶ
1708 1470 1840 1521 five-20

152 1531 499 1587 Mamaboc'levs,
553 1532 726 1588 ἠλέησεν
753 1529 774 1574 ὅ
805 1530 912 1580 Θεὸς
938 1530 1009 1574 τὸν
1037 1532 1135 1574 λαὸν
1164 1533 1324 1585 αὕτοῦ,
1354 1532 1573 1583 ἀναδείξας
1599 1536 1676 1586 σὲ,
1706 1537 1788 1578 Νι·-

347 1596 525 1654 κηφόρε,
552 1599 728 1652 βασιλέα
756 1596 1044 1654 αὐτοκράτορα
1070 1598 1320 1652 ιΡωμαίων.
1376 1594 1606 1654 εὖφραίνου
1634 1601 1786 1652 τοίνυν,

345 1712 522 1756 Augusti,
558 1710 759 1745 indictione
792 1716 890 1745 sexta
907 1737 916 1752 ‚
948 1711 1032 1753 die,
1064 1724 1156 1758 quac
1181 1718 1257 1746 tum
1278 1716 1355 1746 erat
1381 1710 1582 1753 dominica,
1617 1711 1786 1746 inscensu

345 1769 450 1792 manc
471 1759 568 1792 facto
600 1759 639 1790 in
666 1758 887 1803 imperialem
915 1757 1123 1792 dromonem
1141 1760 1200 1792 vel
1222 1758 1461 1799 liburnicam,
1487 1757 1696 1804 applicabat
1711 1759 1786 1792 Im·-

343 1810 492 1850 perator
512 1804 558 1837 ad
581 1810 721 1848 portam
743 1815 904 1847 auream3
930 1805 994 1838 ubi
1020 1806 1090 1849 ipsi
1110 1811 1184 1839 tota
1207 1806 1312 1846 urbs,
1347 1816 1524 1850 senesque
1552 1807 1786 1851 iuvenesque,

345 1862 425 1884 cum
442 1849 671 1895 lampadibus
697 1856 734 1883 et
749 1852 963 1884 suffimentis
989 1851 1234 1887 occurrebant.
1281 1852 1419 1885 Relicto
1440 1851 1612 1886 dromone
1635 1857 1672 1886 et
1690 1862 1784 1898 equo

344 1908 553 1938 conscenso,
578 1897 756 1930 transihat
779 1909 845 1943 per
863 1904 1048 1932 externum
1074 1898 1132 1931 vel
1153 1897 1404 1931 suburbanum
1435 1897 1694 1942 parateichium
1721 1908 1784 1930 seu

371 1945 588 1986 omoerium3
612 1943 772 1989 indeque
795 1955 1002 1985 conversus,
1027 1955 1092 1989 per
1118 1945 1285 1988 placoten
1305 1955 1368 1977 seu
1396 1945 1489 1978 viam
1513 1945 1649 1988 magnis
1675 1941 1784 1977 tabu—

341 1953 390 2022 fis
409 1990 523 2022 saxeis
544 1995 691 2023 stratam
719 1989 874 2024 intrabat
895 1991 934 2023 in
957 1991 1213 2023 monasterium
1240 1990 1503 2024 Abramitarum
1517 2014 1528 2030 ‚
1557 1988 1655 2035 quod
1676 1990 1783 2035 vulgo

343 2035 650 2080 Acheiropoeiitos
677 2035 758 2081 [seu
785 2039 901 2081 imago
928 2036 1094 2069 manibus
1122 2048 1196 2070 non
1222 2037 1339 2082 facta]
1371 2037 1549 2080 Deiparae
1568 2035 1781 2080 appellatur.

343 2080 443 2114 Hora
463 2083 568 2115 tertia
586 2082 733 2116 indutus
757 2084 1033 2127 scaramangium
1053 2087 1254 2115 castoreum
1268 2082 1347 2115 ibat
1371 2082 1409 2114 in
1439 2093 1532 2127 equo
1553 2081 1599 2114 ad
1618 2091 1783 2127 magnam

342 2133 485 2171 portam
508 2139 649 2162 auream
663 2154 672 2169 ,
709 2127 1061 2174 ibique'subsistens
1082 2129 1122 2161 in
1145 2140 1238 2174 equo
1266 2127 1448 2168 nonnihil,
1470 2126 1718 2172 excipiebatur
1736 2127 1782 2162 ab

343 2172 519 2206 ambabus
533 2174 751 2208 factionibus
765 2176 858 2207 intra
877 2181 1018 2219 portam
1036 2174 1212 2207 stantibus
1237 2175 1364 2208 faustis
1378 2173 1435 2206 his
1450 2173 1782 2209 acclamationibus:

341 2221 440 2254 Bene
465 2222 624 2260 veneris,
647 2220 866 2266 Nicephore,
890 2221 1094 2266 Imperator
1117 2221 1366 2257 Romanorum.
1412 2222 1509 2255 Bene
1534 2221 1691 2260 veneris,
1715 2221 1784 2254 Nc-

343 2265 516 2312 cephore,
559 2267 714 2300 Domine
755 2268 909 2301 maxime
936 2268 1191 2300 Romanorum.
1240 2269 1336 2302 Bene
1371 2267 1530 2307 veneris,
1549 2266 1780 2312 Nicephore,

343 2313 540 2346 multarum
565 2312 751 2346 hostilium
777 2311 977 2347 cohortium
1002 2314 1126 2346 victor
1149 2322 1185 2347 et
1196 2313 1368 2358 fugator,
1403 2316 1500 2348 Bene
1525 2315 1688 2352 veneris,
1714 2313 1783 2346 Ni-

344 2358 511 2404 cephore,
543 2370 694 2400 eversor
716 2358 859 2392 arbium
896 2360 1151 2396 inimicarum..
1187 2361 1282 2393 Bene
1313 2362 1474 2400 veneris,
1497 2359 1694 2404 fortissime
1719 2360 1783 2393 vi-

345 2413 438 2446 ctor,
461 2417 600 2449 ¹semper
620 2407 788 2450 Auguste.
837 2407 934 2440 Rene
957 2407 1126 2445 veneris,
1150 2417 1219 2451 per
1242 2418 1346 2448 quem
1369 2407 1515 2440 subacti
1538 2413 1622 2446 sunt
1645 2405 1783 2439 alteni-

345 2462 474 2495 genae.
522 2453 594 2487 Per
619 2459 651 2486 te
676 2459 864 2496 superatus
890 2453 1022 2486 Ismael
1061 2450 1115 2496 [id
1136 2460 1187 2485 est
1211 2464 1341 2486 nomen
1365 2464 1467 2487 omne
1492 2450 1778 2498 saracenicam]

345 2497 446 2531 humi
466 2498 671 2543 procubuit.
718 2498 789 2532 Per
811 2506 845 2531 te
871 2507 1014 2542 sceptra
1037 2499 1278 2532 Romanorum
1305 2499 1418 2532 robur
1445 2507 1479 2532 et
1503 2498 1780 2545 firmamentum

346 2545 546 2590 accipiunt.
595 2544 779 2579 Alacriter·
813 2546 938 2589 itaque
972 2553 1007 2578 et
1043 2554 1188 2578 strenue
1217 2556 1458 2591 prospereque
1489 2555 1623 2590 perage
1654 2554 1712 2576 res
1743 2551 1780 2577 et

345 2589 568 2624 administra
592 2591 790 2635 imperium.
836 2592 1008 2624 Misenus
1025 2591 1108 2636 suit
1129 2592 1226 2625 Deus
1256 2593 1384 2636 populi
1405 2591 1463 2624 sui
1496 2593 1536 2624 in
1566 2602 1630 2629 eo,
1680 2587 1782 2634 quod

348 2644 406 2675 te,
434 2636 654 2681 Nicephore‚
683 2637 925 2670 Romanorum
947 2649 1082 2670 summa
1105 2649 1183 2672 cum
1211 2646 1388 2683 potestate
1411 2638 1665 2682 Imperatorem
1689 2646 1779 2668 con-

349 2682 477 2717 nituit.
526 2684 681 2719 Laetare
707 2684 831 2729 itaque
856 2691 917 2726 ιιι4
955 2683 1038 2718 urbs
1072 2684 1321 2719 Romanorum.
1370 2684 1515 2728 Suscipe
1540 2680 1780 2727 Nicephorum
