1878 3112
322 137 397 178 ne
433 132 691 177 cmmon.
733 130 913 173 mm:
946 129 1170 171 nYzANT.
1208 129 1263 170 u.
1288 129 1357 175 52.
1442 106 1559 181 747

119 233 481 290 πέμπτηςὴμέρος
505 232 578 274 δεῖ
589 229 703 284 ὑμᾶς
720 229 1055 285 προευτρεπιζειν
1076 229 1136 277 εἰς
1155 228 1301 282 κλῆσιν
1318 229 1389 284 τῆς
1411 227 1555 279 τιμίας

120 296 251 350 ὅντως
269 298 491 353 βασιλικῆς
507 296 715 352 τραπέζης
729 295 839 348 ὁμοῦ
862 295 908 337 ἐκ
925 296 1008 336 τῶν
1033 289 1227 350 ἀνωτέρω
1244 294 1547 349 μνημονευθέν-
1558 295 1594 329 D

118 382 205 408 των
226 364 403 416 ἐνδόξων
422 362 673 417 μεγιστάνων
696 359 779 403 σύν
800 362 878 402 τοῦ
897 359 1143 413 δομεστίκου
1155 363 1238 402 τῶν
1259 356 1473 411 ἱκανάτων,
1491 359 1556 414 φί-

119 434 220 481 λους
244 428 316 472 τὸν
339 426 523 484 ἀριθμὸν
550 425 618 481 ιβ’,
665 425 739 468 καί
762 424 944 480 εἰσάγειν
975 423 1132 474 αὐτοῦς
1157 423 1262 478 μετά
1288 426 1370 467 τῶν
1396 423 1562 467 οἰκείων.

91 492 432 549 ὄᾶλλαξιμάτων,
458 492 603 544 καθώς
630 489 822 547 ἆνωτέρω
851 490 1093 547 δεδήλωται.
1141 491 1187 533 έν
1213 493 1260 533 δὲ
1286 495 1378 539 τοῖς
1399 493 1556 538 λοιποῖς

117 563 351 616 ἄκουβίτοις
377 562 449 603 δεῖ
468 563 607 602 καλεῖν
634 558 744 612 ὁμοῦ
770 555 1013 611 βασιλικούς
1053 555 1323 611 ἀνθρώπους,
1361 555 1417 606 ὥς
1445 555 1565 597 ἄνω--

117 629 224 683 τέρω
265 624 512 683 εἰρήκαμεν.
565 626 611 668 ἐν
643 626 691 666 δὲ
732 630 819 672 τοῖς
861 624 1080 678 κατωτέρω
1117 621 1213 670 τούς
1241 616 1447 677 ἄρχοντας
1477 620 1564 662 τοῦ,

115 692 323 749 τάγματος
347 694 431 735 τῶν
458 691 599 734 αὐτῶν
624 688 851 742 ἱκανάτων,
890 686 978 732 οἷον
1014 686 1295 743 τοποτηρητὴν
1321 689 1403 729 τῶν
1427 687 1566 742 nour}-

115 774 214 812 των,
240 756 316 800 τὸν
338 755 648 813 χαρτουλάριον
673 757 756 798 τῶν
784 752 1038 811 κεντάρχων,
1070 751 1346 810 βανδοφόρων
1363 785 1376 807 ,
1406 747 1590 807 σημει-,’Δ

68 821 312 881 ιοοφόρων,
355 821 674 877 δουκινιατόρων
703 820 777 863 καὶ
808 818 1111 875 μανδατόρων,
1155 818 1218 862 σδ’
1252 817 1326 862 τὸν
1354 815 1553 873 α’ριθμὸν,
1594 851 1597 853 Α

114 890 190 932 καί
214 891 390 944 πένητας
417 886 484 942 ιβ’,
511 887 691 943 εἰσάγειν
717 889 766 929 δὲ
792 885 952 935 αὐτους
978 887 1025 928 έν
1051 886 1105 943 τῇ
1132 881 1382 940 ἀνακλήσει,
1410 880 1555 932 καθώς

114 953 190 998 καὶ
213 956 259 998 ἐν
294 960 382 1004 τοῖς
419 958 578 1003 λοιποῖς
613 951 797 1008 τάγμασι
832 951 1168 1008 προεγράφαμεν.
1221 950 1473 1006 σημειωτέον
1500 948 1548 990 δὲ
1557 957 1666 995 mu..
1677 959 1745 1004 433

112 1023 262 1064 τοῦτο·
310 1023 352 1063 εἰ
375 1019 456 1077 γὰρ
485 1021 531 1063 ἐν
553 1021 605 1077 τῇ
629 1017 771 1077 πρώτῃ
799 1018 937 1076 ἡμέρᾳ
961 1020 1034 1073 τῆς
1058 1012 1291 1072 ἑβδομάδος
1318 1017 1343 1072 ἡ
1371 1016 1456 1058 τῶν
1483 1015 1554 1057 ἔν-

115 1085 248 1138 δόξων
271 1088 348 1129 τοῦ
371 1087 564 1142 Χριστοῦ
590 1086 812 1140 γενεθλίων
839 1085 988 1139 ἐπέστη
1016 1080 1157 1139 ἑορτή,
1189 1081 1262 1123 καὶ
1287 1079 1369 1123 α’πὸ
1397 1079 1554 1134 ταύτης

67 1152 142 1210 ιόἧ
169 1154 252 1195 τόν
278 1150 334 1194 13¹
365 1149 596 1205 ἆκουβίτων
621 1152 808 1202 δεξιωσις
836 1147 913 1206 τὴν
939 1146 1078 1205 ἇρχῆν
1105 1149 1386 1203 ἐπιδείξηται,
1413 1147 1484 1187 δεῖ
1503 1145 1552 1201 ἡ-

111 1219 199 1272 μᾶς
228 1218 274 1260 ἐν
299 1218 354 1275 τῇ
378 1219 472 1275 ἕκτῃ
498 1214 633 1274 ἡμέρᾳ
659 1214 731 1258 ἐπὶ
753 1217 831 1269 μὲν
874 1217 948 1270 τῆς
984 1215 1126 1268 τιμίας
1151 1213 1371 1268 βασιλικῆς
1396 1212 1550 1268 τραπέ-

114 1286 189 1340 ζης
212 1287 432 1339 συγκαλεῖν
457 1283 518 1332 εἰς
546 1279 732 1325 ἑστίασιν
758 1280 832 1324 τόν
859 1281 1183 1336 ἅρχιεπίσκοπον
1210 1281 1706 1331 Km1¹orarrtvov-Ms.247.
1719 1283 1743 1316 b

110 1347 271 1399 πόλεως
293 1348 401 1403 μετὰ
429 1350 504 1390 καί
541 1348 593 1403 ιβ’
622 1347 864 1403 ἡγουμένων
897 1349 980 1389 τῶν
1017 1348 1064 1388 έν
1088 1349 1141 1403 τῇ
1175 1345 1275 1400 περὶ
1300 1343 1412 1399 ἡμᾶς
1436 1343 1550 1400 τόμῳ

110 1415 333 1468 κειμένων,
375 1411 557 1468 εἰσάγειν
584 1415 631 1456 δὲ
672 1411 825 1462 αὐτούς
865 1414 909 1454 ἐν
936 1413 988 1469 τῇ
1018 1409 1243 1466 ἀνακλήσει
1271 1407 1423 1457 οὕτως·
1476 1406 1550 1450 τὸν

61 1482 193 1534 αομὲν
219 1478 484 1534 πατριάρχην
509 1477 588 1521 συν
613 1480 671 1537 τῷ
687 1482 869 1532 ,βασιλεῖ
889 1474 978 1531 ἅμα
1016 1479 1093 1519 τοῦ
1130 1478 1278 1529 στίχου
1315 1474 1374 1524 εἰς
1398 1472 1446 1515 τὸ
1477 1472 1551 1516 ἐπὶ
1600 1512 1602 1515 ,

115 1547 271 1603 δίφρου
313 1546 598 1599 καθεσθῆναι·
652 1543 752 1593 τούς
791 1545 838 1586 δὲ
873 1543 1016 1593 ὁσίους
1057 1542 1311 1597 ἡγουμένους
1349 1538 1548 1594 στιχηδόν

112 1610 219 1654 κατὰ
244 1609 318 1667 τὴν
343 1612 498 1653 οἰκείαν
524 1607 642 1662 τάξιν
677 1608 751 1652 καὶ
788 1606 1056 1666 ἁρμόζουσαν
1084 1606 1231 1658 δόξαν·
1289 1605 1470 1660 εἰσάγειν
1497 1605 1546 1648 δὲ

114 1790 192 1814 rare
220 1778 399 1813 vocandos
425 1778 473 1811 ad
496 1790 629 1813 sacram
653 1782 691 1812 et
721 1788 802 1812 vere
828 1776 959 1823 regiam
994 1787 1151 1811 mensam
1181 1774 1372 1810 duodecim
1408 1773 1542 1807 amieos

113 1827 161 1860 de
189 1825 393 1860 illustribus
414 1827 623 1870 proceribus
642 1834 754 1870 supra
780 1824 996 1865 memoratis,
1016 1834 1168 1870 quorum
1194 1834 1286 1857 unus
1313 1835 1356 1856 eo
1385 1821 1446 1855 die
1470 1820 1544 1854 erit

113 1872 329 1906 domesticus
353 1871 612 1909 hicanatorum.
658 1873 706 1905 Hi
723 1897 733 1914 ,
757 1877 798 1905 ut
819 1871 889 1904 iam
913 1875 1097 1910 notatum,
1124 1870 1163 1902 in
1181 1870 1337 1915 propriis
1365 1868 1438 1901 suis
1462 1878 1544 1900 mu-

110 1918 256 1953 tatoriis
279 1918 567 1956 introducuntur.
624 1918 680 1952 Ad
707 1919 865 1964 reliquos
897 1917 1005 1951 simul
1037 1927 1160 1951 omnes
1200 1915 1385 1950 accubitus
1414 1924 1540 1947 vocare

112 1970 280 2010 oportet,
311 1965 358 1999 ad
382 1966 516 2011 primos
546 1964 692 2012 quidem
723 1977 744 1999 a
776 1975 875 1999 sacro
900 1965 1082 2009 proximos
1114 1963 1278 1997 homines
1313 1961 1540 2007 imperiales,

111 2017 156 2046 ut
176 2012 247 2045 iam
275 2012 452 2055 diximus3
488 2012 534 2045 ad
564 2012 755 2046 inferiores
787 2017 905 2045 autem
926 2010 1121 2045 eorundem
1152 2010 1312 2055 ipsorum
1346 2008 1540 2042 hicauato-

110 2069 191 2092 rum
222 2064 402 2100 rectores,
437 2064 479 2093 ut
511 2064 775 2104 topoteretam,
807 2059 972 2099 comites,
1002 2056 1275 2098 chartularium,
1304 2054 1538 2095 centarchos,

110 2102 385 2150 handophoros,
407 2106 648 2146 vexilliferos,
670 2105 903 2139 ducenatores
946 2110 984 2138 et
1005 2103 1230 2138 mandatores
1244 2128 1255 2144 ‚
1278 2101 1324 2135 ad
1346 2112 1537 2136 numerum

111 2151 205 2194 204,
238 2157 275 2186 et
296 2156 439 2196 praeter
462 2164 524 2187 eos
547 2152 665 2187 adhuc
697 2151 887 2186 duodecim
913 2161 1099 2195 pauperes,
1145 2150 1317 2184 Evoeatos
1346 2148 1396 2182 ita
1425 2158 1535 2192 opor-

109 2201 167 2230 tet
193 2197 435 2239 introducere,
458 2205 510 2242 ut,
532 2210 646 2247 quum
670 2198 716 2232 de
740 2200 867 2233 ceteris
890 2197 1077 2231 ordinibus
1105 2195 1321 2236 diceremus,
1352 2194 1534 2240 praescri-

109 2243 258 2289 psimus.
304 2245 536 2289 Tenendum,
558 2247 590 2280 si
611 2247 766 2292 primum
795 2245 835 2278 iu
861 2244 958 2278 diem
979 2243 1213 2279 hebdomadis
1243 2241 1378 2277 incidat
1399 2242 1532 2275 festum

110 2289 287 2334 gloriosae
315 2293 513 2328 nativitatis
551 2293 708 2335 Christi,
746 2291 833 2325 inde
861 2303 906 2325 ue
938 2291 1084 2324 initium
1110 2295 1226 2324 sumat
1255 2288 1454 2324 convivatio
1489 2286 1531 2319 in

110 2335 194 2370 XIX
220 2337 416 2380 accubitis,
445 2346 590 2386 oportet
615 2351 681 2373 nos
714 2344 815 2372 sexto
867 2338 900 2372 ‘e
924 2336 969 2385 [is
1000 2344 1054 2372 est
1078 2334 1235 2384 sabbati]
1263 2335 1308 2370 ad
1335 2333 1526 2369 convivan-

110 2380 196 2415 dum
228 2394 307 2416 cum
338 2384 493 2420 Domino
523 2385 839 2430 venerabilemque
871 2384 1095 2429 imperialem
1123 2395 1282 2418 mensam
1310 2391 1437 2414 vocare
1468 2391 1528 2413 ar-

108 2427 377 2476 ehiepiscopum
411 2432 846 2478 constantinopolitanum
868 2443 959 2473 *una
995 2442 1074 2464 cum
1115 2430 1305 2465 duodecim
1339 2427 1415 2461 illis
1461 2425 1529 2459 he-

108 2477 290 2519 gummis,
325 2481 390 2522 qui
418 2481 459 2514 iu
490 2479 667 2514 codicillis
695 2478 824 2512 nostris
852 2489 964 2523 penes
989 2489 1054 2512 nos
1086 2476 1316 2512 haerentibus
1356 2473 1530 2518 descripti

109 2526 148 2554 et
181 2521 359 2601 ᾱοείἱυιιῑί
391 2531 484 2560 sunt.
529 2527 701 2561 Evocatos
740 2530 860 2558 autem
893 2535 954 2559 eos
996 2530 1139 2569 oportet
1159 2524 1230 2556 'sic
1278 2518 1527 2555 introducere:

107 2569 263 2611 patr-iare
290 2580 347 2602 am
410 2573 518 2606 simul
561 2584 641 2607 cum
678 2573 900 2616 Imperatore
932 2572 1097 2618 protinus
1136 2568 1232 2614 apud
1277 2566 1528 2601 recitationem

109 2613 216 2647 stichi
250 2613 340 2660 [seu
381 2618 554 2653 orationis
591 2617 808 2664 mensalis]‚
837 2628 908 2663 quo
943 2618 974 2651 is
1003 2629 1110 2663 super
1139 2616 1227 2650 sella
1247 2612 1404 2648 resideat
1436 2610 1528 2659 [ne-

110 2671 182 2705 que
201 2664 431 2712 accumbat13
466 2673 604 2702 sanctos
632 2671 753 2700 autem
782 2663 998 2708 hegumenos
1029 2663 1188 2699 seriatim
1213 2659 1407 2695 secuudum
1427 2659 1526 2704 ipso—

109 2717 186 2742 rum
224 2707 386 2747 ordinem
416 2717 453 2747 et
493 2710 705 2759 dignitatem
734 2715 1004 2758 competentem.
1056 2708 1334 2746 Introdumnwr
1347 2731 1358 2750 ι
1399 2715 1526 2752 ‘luem'
