1878 3112
284 93 392 150 568
551 108 906 152 CONSTANnNJ
955 109 1438 154 PoRPnYRoGENm

279 231 349 256 ναι
377 214 487 256 νεύει
515 209 535 254 ὃ
562 211 837 268 πραιπόσιτος
863 211 919 268 τῷ
947 209 1142 271 ὄστιαρίῳ
1186 214 1243 270 τῷ
1269 211 1344 269 τήν
1369 210 1535 268 χρυσῆν
1561 211 1716 266 βέργαν

281 280 516 333 κατέχοντι,
558 276 632 318 καί
664 277 876 332 ἐξέρχεται
915 275 989 318 καί
1024 276 1179 332 εἰσάγει
1216 281 1344 334 βῆλον
1371 276 1423 331 α’,
1463 275 1565 327 τους
1589 275 1718 331 μαγί-

283 360 454 399 στρους.
510 341 584 384 καί
610 342 735 384 πάλιν
763 341 834 384 διὰ
864 342 1068 393 νεύματος
1096 346 1173 385 τοῦ
1199 346 1474 399 πραιποσίτου
1505 344 1718 398 ἐξέρχεται

285 413 424 464 ἕτερος
463 405 694 463 ὄστιάριος,
739 407 811 450 καί
847 407 1003 462 εἰσάγει
1039 411 1096 466 τῷ
1135 406 1250 468 αὐτῷ
1289 408 1476 464 σχήματι
1509 411 1639 463 βῆλον
1665 407 1719 462 β’,

86 474 383 531 Ms.192.broz)g
410 477 677 530 πατρικίους.
732 472 807 516 καί
840 473 966 516 πάλιν
1008 473 1079 516 διὰ
1107 473 1311 527 νεύματος
1346 477 1421 517 τοῦ
1446 473 1745 531 πραιποσίτουό

280 543 496 595 ἐξέρχεται
525 538 545 582 ὃ
578 541 714 597 ἕτερος
741 538 977 597 ὄστιάριος,
1017 543 1090 584 καί
1121 541 1275 596 εἰσάγει
1313 543 1371 599 τῷ
1398 541 1515 600 affui?
1538 539 1723 595 σχήματι

243 612 272 644 Β
281 609 410 662 βῆλον
436 606 484 660 γ’,
533 605 633 657 τούς
663 606 989 663 συγκλητικούς,
1036 607 1109 650 καί
1135 605 1275 657 ἁπλῶς
1302 605 1382 650 ὅσα
1417 604 1470 650 ἂν
1495 607 1605 662 βῆλα
1631 603 1722 660 ἔχει

280 672 306 728 ἦ
336 669 541 727 συνήθεια
571 673 644 715 καί
667 673 693 729 ἦ
723 672 839 725 τάξις
867 675 950 716 τῶν
978 675 1128 728 δοχῶν.
1182 675 1253 716 καί
1275 670 1355 716 εἶθ’
1383 670 1512 722 οὕτως
1539 673 1723 727 εἰσέρχε-

280 754 353 780 ται
382 737 405 779 ὅ
431 737 646 781 κατεπάνω
672 737 777 793 μετὰ
809 738 883 782 καὶ
914 741 984 781 τοῦ
1013 741 1258 793 δομεστίκου
1287 741 1361 782 καί
1386 741 1469 781 τῶν
1494 752 1724 793 χρυσοτρι-

282 805 488 858 κλινιτῶν,
517 803 589 846 καί
618 806 807 848 ἵστανται
835 807 951 862 δεξιᾷ
980 804 1053 847 καί
1079 802 1277 863 ἀριστερᾷ
1302 803 1382 862 πρὸ
1411 806 1496 847 τῶν
1521 802 1598 845 δύο
1622 799 1779 858 πρὸςιο

285 869 407 911 δύσιν
439 871 605 925 συρτῶν
644 871 805 927 βήλων,
852 872 924 913 καί
953 870 1060 925 μετὰ
1098 870 1147 914 τὸ
1185 873 1332 927 στῆναι
1372 867 1527 920 αὐτούς
1564 866 1676 911 νεύει
1703 865 1727 910 ὅ

279 934 559 991 ,πραιπόσιτος
599 938 656 995 τῷ
699 935 897 995 ὄστιαρίῳ
934 938 990 994 τῷ
1028 937 1103 993 τὴν
1125 939 1292 994 χρυσῆν
1315 938 1471 994 βὲργαν
1496 937 1727 989 κατέχοντι,

286 1003 362 1044 καί
387 1001 544 1056 εἰσάγει
574 1000 646 1045 τὸν
674 1001 864 1055 ἑθνικὸν,
912 1002 1102 1058 δηλονότι
1127 1000 1408 1059 κρατούμενον
1434 999 1518 1044 ὑπὸ
1549 1003 1626 1044 τοῦ
1652 1016 1728 1042 κα-

286 1066 450 1109 τεπάνω
477 1069 560 1110 τῶν
585 1070 812 1121 βασιλικῶν
838 1064 866 1124 ἢ
893 1071 966 1111 καί
1000 1067 1081 1111 ὑπὸ
1115 1070 1191 1112 τοῦ
1224 1069 1400 1125 κόμητος
1438 1068 1515 1112 τοῦ
1542 1064 1727 1110 σταῦλου

287 1127 316 1188 ἢ
344 1132 418 1174 καί
443 1132 524 1174 ὑπὸ
550 1135 624 1175 τοῦ
653 1132 1044 1190 πρωτοστράτωρος,
1074 1133 1270 1184 συνόντος
1294 1131 1434 1184 αὗτοῖς
1461 1134 1535 1175 καί
1559 1134 1635 1174 τοῦ
1658 1129 1782 1188 «ἔρ-15

290 1201 517 1254 μηνευτοῦ,
569 1203 928 1255 προπορευομὲνου
959 1199 1150 1255 δηλονότι
1185 1202 1259 1243 καί
1297 1202 1373 1242 τοῦ
1400 1199 1622 1254 λογοθέτου
1649 1199 1728 1240 τοῦ

252 1263 473 1321 Εδρόμου.
528 1265 601 1306 καί
637 1265 688 1321 δὴ
736 1264 888 1307 τούτου
929 1264 1207 1319 εἰσελθόντος,
1260 1268 1401 1308 πίπτει
1442 1267 1508 1307 ἐπ’
1543 1262 1730 1320 ἐδάφους

294 1332 538 1387 προσκυνῶν
563 1330 661 1380 τούς
690 1331 924 1384 δεσπότας,
967 1332 1041 1373 καί
1075 1331 1233 1382 εὐθέως
1262 1332 1442 1373 αὐλοῦσι
1468 1327 1520 1372 τὰ
1547 1324 1732 1385 ὄργανα·

295 1394 385 1439 εἶτα
412 1397 648 1452 εἰσέρχεται
675 1397 749 1438 καί
773 1398 943 1439 ἵσταται
979 1395 1062 1438 ἀπὸ
1101 1396 1382 1452 διαστήματος
1409 1398 1489 1439 τοῦ,
1511 1396 1732 1450 βασιλικοῦ

296 1462 476 1519 θρόνου,
518 1463 590 1503 καί
615 1458 775 1511 εὔθέως
802 1458 975 1504 παίουσι
1001 1460 1054 1504 τοὶ
1085 1457 1261 1519 ὄργανα.
1317 1463 1475 1516 ἰστέον,
1520 1459 1613 1515 ὅτι,
1655 1461 1790 1510 τοῦηο

298 1530 424 1585 φίλου
455 1527 748 1577 ἄποκινοῦντος
773 1525 880 1583 πρὸς
905 1526 977 1570 τὸν
1007 1529 1209 1583 βασιλέα,
1259 1529 1517 1584 εἰσέρχονται
1553 1525 1594 1569 οἱ
1630 1541 1736 1583 προ-

299 1592 540 1648 κριτιότεροι
567 1592 714 1635 τούτου
741 1587 981 1650 ἅνθρωποι,
1006 1593 1079 1636 καὶ
1103 1595 1427 1650 προσκυνοῦντες
1453 1595 1643 1646 ἵστανται
1670 1591 1738 1635 ἔν-

301 1661 372 1702 δον
409 1660 490 1702 τῶν
530 1657 605 1701 δύο
640 1660 803 1715 συρτῶν
828 1657 990 1715 βήλων.
1046 1658 1119 1703 καί
1153 1661 1368 1710 ποιοῦντος
1402 1661 1481 1702 τοῦ
1518 1661 1739 1714 λογοθέτου

303 1807 453 1840 missum
476 1807 534 1841 vel
552 1818 679 1853 corpus
703 1807 1011 1843 admittendorum
1035 1820 1224 1855 procerum
1243 1809 1410 1854 primum,
1427 1806 1614 1852 magistros
1637 1809 1740 1852 putz-

303 1855 356 1888 Eo
382 1855 490 1896 selem,
515 1867 637 1888 rursus
661 1855 757 1897 exit,
793 1855 857 1889 sed
884 1856 998 1898 alter,
1023 1856 1210 1898 ostiarius,
1236 1861 1273 1889 et
1305 1857 1336 1889 is
1361 1865 1506 1902 qnoque
1538 1851 1740 1899 praepositi

303 1907 395 1934 nutu
421 1901 638 1943 admonitus,
669 1908 706 1937 et
729 1903 928 1938 introducit
951 1902 1078 1937 eodem
1102 1903 1209 1937 modo
1233 1904 1353 1938 velum
1377 1899 1588 1941 secundum,
1607 1909 1741 1944 nempe

303 1948 488 1993 patricios.
536 1950 669 1982 Rursus
698 1949 868 1994 deinceps
891 1955 1015 1984 monet
1046 1950 1271 1995 praepositus
1303 1948 1411 1982 illum·
1437 1948 1594 1992 priorem
1627 1946 1742 1979 ostia-

307 1996 400 2027 rium
429 2001 466 2028 et
491 1996 521 2028 is
548 2006 707 2041 egressus
730 1996 931 2031 introducit
954 1998 1100 2030 tertium
1124 1996 1266 2038 velum3
1300 2000 1337 2029 et
1358 1992 1663 2029 hoe<a1ternatim
1686 1991 1740 2026 ita

307 2042 371 2081 fit,
404 2041 519 2074 donec
548 2042 761 2076 intraverint
789 2044 870 2076 vela
903 2044 1043 2083 omnia,
1084 2047 1265 2088 quotquot
1295 2042 1431 2075 intrare
1464 2037 1743 2073 consuetudinis

308 2091 364 2120 est
389 2093 425 2120 et
456 2090 685 2123 cerimoniale
717 2090 963 2134 receptionum
992 2089 1138 2133 flagitat.
1199 2088 1263 2121 His
1295 2087 1421 2128 factis,
1467 2087 1607 2120 intrant
1641 2089 1742 2119 cate-

306 2145 403 2180 pano
429 2132 659 2168 basilicorum
684 2141 722 2169 et
746 2135 962 2169 domesticus
987 2133 1406 2179 [chrysotriclinitarum,
1430 2136 1473 2165 ut
1495 2131 1640 2166 videtur
1653 2131 1677 2179 ‚]
1703 2136 1745 2166 et

299 2179 657 2223 ‘chrysotriclinitaffi
683 2187 721 2216 et
758 2183 959 2215 consistunt
982 2181 1070 2215 hinc
1099 2181 1202 2214 illinc
1227 2179 1274 2213 ad
1302 2180 1463 2213 dextram
1489 2183 1527 2212 et
1558 2179 1743 2212 sinistram

311 2237 430 2260 coram
455 2225 629 2260 ambobus
659 2228 900 2263 attractilibus
934 2228 1035 2262 velis.
1083 2228 1130 2260 Ut
1157 2227 1198 2259 hi
1227 2227 1489 2266 constiterunt,
1520 2226 1598 2259 exit
1630 2223 1744 2259 ostia·

309 2274 385 2308 rius
410 2283 492 2306 cum
513 2284 619 2306 aurea
642 2275 740 2319 virga
756 2300 765 2315 ‚
799 2275 997 2319 praepositi
1020 2278 1111 2307 nutu
1129 2272 1309 2314 monitus,
1334 2277 1372 2306 et
1392 2270 1591 2307 introducit
1620 2270 1745 2306 ethni-

311 2332 394 2355 cum
419 2331 481 2353 seu
505 2319 661 2365 legatum
695 2322 960 2366 alienigenam3
993 2331 1100 2366 quem
1137 2324 1309 2364 catepano
1342 2319 1573 2353 basilicorum
1587 2320 1672 2355 'ut
1705 2321 1744 2352 ct

311 2377 431 2413 comes
456 2365 591 2400 stabuli
614 2372 678 2400 aut
700 2374 738 2402 et
759 2373 997 2413 protostrator
1028 2378 1073 2400 ex
1105 2365 1253 2400 brachio
1285 2371 1430 2406 tenent,
1464 2367 1660 2399 comitante
1683 2365 1744 2398 in-

310 2417 470 2459 terprete
496 2419 532 2446 et
557 2420 754 2459 praeeunte
789 2414 974 2459 logotheta
1003 2413 1130 2448 dromi.
1188 2413 1342 2458 Legatus
1381 2411 1488 2459 [intra
1513 2411 1647 2458 velum]
1681 2410 1744 2444 in-

310 2471 450 2504 gressus
473 2458 575 2494 humi
600 2462 722 2495 statim
746 2461 924 2506 procidit,
953 2465 989 2494 et
1018 2459 1144 2493 adorat
1174 2459 1367 2502 Domin0s3
1401 2465 1439 2493 et
1470 2458 1578 2492 simul
1613 2460 1746 2492 sonant

311 2518 445 2551 organa
471 2506 610 2540 flatilia.
659 2509 707 2541 Ut
731 2509 886 2542 surrexit
910 2513 947 2540 et
980 2507 1155 2552 processit
1189 2506 1363 2547 ulterius,
1395 2506 1560 2540 consistit
1593 2503 1639 2538 ad
1672 2503 1744 2537 ali-

312 2565 421 2599 quam
454 2552 498 2585 ab
524 2554 702 2599 imperiali
726 2553 856 2588 throno
882 2555 1110 2596 distantiam3
1143 2556 1180 2586 et
1215 2554 1380 2597 protinus
1412 2553 1583 2588 intonant
1615 2560 1747 2595 organa

313 2600 501 2647 pulsatilia
527 2599 734 2648 [naccarae].
781 2602 906 2635 Amico
923 2626 933 2641 ,
967 2599 1006 2633 id
1031 2605 1085 2633 cst
1110 2599 1226 2644 legato
1251 2605 1441 2640 extraneo,
1475 2598 1522 2632 ad
1543 2599 1748 2642 Imperato-

315 2658 392 2679 rem
417 2648 541 2692 itaque
566 2649 770 2690 accedente,
788 2649 927 2683 intrant
951 2646 1200 2681 honoratiores
1223 2644 1413 2679 hominum
1429 2656 1490 2679 seu
1514 2644 1746 2678 familiarium

317 2693 406 2735 cius,
433 2693 599 2740 factaque
623 2707 704 2742 erga
719 2695 914 2731 Dominum
939 2693 1161 2735 adoratione,
1190 2691 1391 2727 subsistunt
1415 2691 1566 2727 inferius
1590 2688 1686 2736 apud
1709 2691 1747 2722 et
