1884 3112
273 125 384 182 228
579 143 936 188 οοΝεΤΑΝΤιΝι
971 144 1456 193 PORPHYROGENlTl

266 244 379 307 ἔτη.”
437 248 545 303 (Γ)
576 245 671 288 Καὶ
693 248 740 288 ἐν
769 247 819 303 τῇ
846 247 1142 304 συμπληρώσει
1169 253 1242 307 τῆς
1269 251 1482 309 εὐφημίας
1509 254 1720 312 εἰσέρχον-

264 330 338 355 ται
366 312 405 355 οἱ
434 310 635 354 δεσπόται
660 313 734 354 καί
756 311 796 353 οἱ
822 315 1019 369 καίσαρες
1045 314 1119 357 καί
1144 315 1168 358 ὅ
1194 318 1503 374 νωβελήσιμος,
1545 321 1618 364 καὶ
1641 338 1719 365 κα-

67 381 459 435 Εᾰ.1,.ι34θε’ζονται
486 378 530 419 ἐν
557 379 614 434 τῷ
640 376 830 436 τρικλίνῳ
859 380 944 421 ταῖν
969 379 1026 422 ιθ’
1055 381 1314 438 ιῖκουβίτων,
1354 387 1428 427 καί
1462 383 1523 437 εἷς
1559 393 1713 445 καϊσαρ

262 445 483 493 καθέζεται
513 445 558 484 ἐν
585 445 644 500 τῷ
673 444 793 500 δεξιῷ
820 443 942 499 μέρει
970 447 1043 487 καί
1068 443 1128 496 εἷς
1157 449 1200 497 ἐξ
1230 445 1468 506 ἀριστερᾶς,
1498 453 1573 494 καί
1597 454 1714 495 ἵστα·-

261 528 332 553 ται
361 507 383 550 ὅ
412 510 692 565 νωβελήσιμος
718 511 778 559 εἷς
804 508 850 552 τὸ
879 509 1010 562 δεξιὸν
1035 515 1178 568 μέρος,
1207 517 1281 557 καί
1307 516 1542 573 εἰσέρχεται
1569 516 1614 560 τὸ
1644 520 1740 565 σε’-5

260 576 433 631 κρετον,
446 577 556 630 βῆλα
583 577 715 630 βῆλα,
744 572 801 626 ὥς
829 578 944 619 ἐστιν
971 576 997 632 ἢ
1026 579 1247 634 συνήθεια.
1305 582 1346 622 εἷ
1365 583 1446 636 μὲν
1474 581 1588 626 ἔστιν
1607 584 1633 638 ἤ
1663 583 1715 626 ἆ-

256 641 328 698 γία
367 644 439 684 καί
472 640 632 696 μεγάλη
675 640 878 698 κυριακὴ,
925 647 1219 698 προσκυνοῦσα
1248 645 1275 700 ἦ
1305 647 1535 704 σύγκλητος
1562 650 1714 691 δίδωσι

256 707 332 764 τήν
359 706 543 763 ἀγάπην,
594 708 633 749 εἰ
659 709 705 749 δὲ
734 702 838 763 ἄλλη
867 706 1018 765 ἑορτὴ,
1066 708 1143 764 τήν
1171 713 1444 768 προσκύνησιν
1474 716 1548 756 καί
1571 713 1712 770 μόνον,

258 775 330 816 καί
355 773 637 830 προσκυνοῦσι
666 771 765 824 τούς
792 772 926 823 πόδας
950 774 1024 816 καί
1048 775 1100 818 τὰ
1130 776 1208 818 δύο
1235 777 1392 832 γόνατα
1422 781 1498 821 τοῦ
1525 779 1710 834 μεγάλου

256 842 483 892 δεσπότου,
530 838 679 893 ὁμοίως
710 842 782 882 καί
810 843 885 883 τοῦ
919 845 1095 898 μικροῦ,
1137 843 1210 886 καί
1236 847 1542 901 προσκυνοῦσιν
1569 846 1614 888 ἓν
1639 847 1763 901 γό.10

254 916 378 948 ’νατον
406 907 483 947 τοῦ
511 907 556 947 ἐκ
588 907 726 957 δεξιοῦ
753 908 974 962 καίσαρος,
1014 908 1086 950 καί
1111 910 1155 951 ἓν
1182 911 1264 952 τοῦ
1287 912 1332 962 ἐξ
1357 909 1606 966 εὐωνύμου,
1634 914 1709 955 τοῦ
1736 911 1740 914 ’

254 975 301 1015 δὲ
329 969 504 1022 ἑστῶτος
533 973 815 1027 νωβελησιζιιου
847 974 1019 1028 φιλοῦσι
1044 973 1121 1029 τὴν
1145 981 1294 1032 χεῖρα,
1327 976 1400 1018 καί
1425 979 1709 1034 προσκυνοῦν-

252 1055 320 1089 τες
349 1039 537 1081 ἵστανται
574 1038 895 1094 κονσισταίριον.
952 1042 1024 1082 καί
1062 1037 1132 1083 ὅτε
1170 1041 1369 1100 πληρώσῃ
1411 1042 1439 1098 ἧ
1479 1041 1708 1099 σύγκλητος

255 1103 331 1160 τὴν
367 1100 658 1159 εύχαριστίαν,
688 1103 882 1147 νεύουσιν
921 1103 961 1147 οἱ
1003 1105 1199 1148 δεσπόται
1239 1109 1297 1165 τῷ
1324 1108 1607 1167 πραιποσίτῳ,
1636 1109 1711 1151 καί

210 1184 238 1216 Β
255 1170 363 1224 λέγει
390 1167 687 1223 ,,κελευ’σατε,”
724 1170 798 1212 καὶ
823 1171 1099 1225 ἐπεύχονται,
1142 1173 1214 1214 καί
1238 1175 1453 1229 ἐξέρχεται
1479 1172 1526 1215 τὸ
1558 1174 1758 1231 σε’κρε-ι5

255 1252 338 1289 τον,
369 1237 440 1278 καί
466 1237 702 1292 πληροῦται
730 1239 843 1278 πᾶσα
872 1234 897 1292 ἡ
925 1237 1158 1279 ἀκολουθία
1185 1241 1256 1294 τῆς
1285 1237 1446 1295 ἑορτῆς,
1476 1237 1533 1289 ὥς
1554 1235 1607 1295 ἦν
1629 1257 1705 1282 τυ-

57 1313 122 1348 Ms.
145 1302 398 1351 101.bmn6v.
451 1300 534 1359 χρὴ
575 1304 621 1344 δὲ
662 1301 905 1357 γινώσκειν,
936 1300 1002 1345 ὅτι
1041 1305 1100 1354 εἰς
1137 1303 1214 1359 τήν
1253 1301 1417 1360 άγάπην
1444 1307 1518 1348 καί
1541 1307 1600 1357 εἷς
1627 1305 1705 1361 τήν

236 1370 471 1411 κοινωνίαν
501 1368 540 1410 οἱ
568 1371 763 1425 καίσαρες
792 1371 866 1412 καί
891 1368 914 1411 ὅ
943 1369 1226 1425 νωβελήσιμος
1252 1369 1358 1425 μετὰ
1381 1372 1463 1414 τῶν
1492 1372 1704 1415 δεσποτῶν

255 1436 522 1477 κοινωνοῦσιν
550 1433 704 1489 ὁμοίως
730 1435 804 1478 καί
826 1437 886 1487 εἰς
911 1434 987 1492 τὴν
1017 1432 1194 1492 ἀγάπην.
1686 1432 1691 1439 “

427 1546 656 1595 ’Λκτολογία
680 1547 756 1584 τῶν
780 1548 911 1596 δήμων
934 1548 999 1585 ἐπὶ
1021 1551 1241 1595 χειροτονίᾳ
1264 1550 1532 1596 νωβελησίμου.
1701 1568 1754 1596 20

363 1625 460 1683 Χρὴ
488 1625 722 1682 γινώσκειν,
753 1623 834 1681 ὅτι,
864 1625 940 1669 ἐὰν
966 1625 1163 1680 βασιλεύς
1189 1626 1344 1685 θελήσῃ
1373 1629 1548 1683 ποιῆσαι
1573 1630 1702 1682 νωβε-

226 1691 453 1750 ρλήσιμον,
492 1693 519 1749 ἦ
550 1695 666 1736 πᾶσα
693 1691 805 1744 τάξις
833 1692 906 1735 καί
935 1690 1166 1736 ἀκολουθία
1194 1697 1399 1746 τελεῖται,
1447 1692 1504 1743 ὥς
1531 1692 1603 1734 ἐπὶ
1626 1694 1702 1735 τοῦ

349 1817 399 1840 ¹1.
427 1804 467 1838 ἐκ
499 1798 624 1844 δεξιόν
655 1805 745 1847 cod.,
773 1805 814 1840 ἐκ
845 1804 982 1845 δεξιῶν
1006 1805 1044 1838 Β.
1145 1817 1195 1851 ¹7·
1224 1804 1278 1842 εἰς
1300 1801 1369 1847 τὴν
1393 1802 1546 1850 ἀγάπην
1569 1802 1698 1854 delen-

347 1852 433 1885 dum
459 1857 567 1897 putat
590 1855 628 1887 R.

255 1955 333 1978 mus
368 1943 542 1988 ingressi,
587 1942 625 1976 in
668 1944 831 1980 triclinio
864 1942 1102 1978 novendecim
1134 1943 1363 1977 accubituum
1394 1942 1604 1983 consident,
1629 1941 1695 1976 ubi

255 2002 348 2024 unus
373 1991 502 2023 Caesar
525 1991 565 2023 in
594 1990 743 2033 dextro,
778 1992 868 2024 alter
893 1991 931 2025 in
958 1990 1103 2024 sinistro
1129 1991 1242 2024 latere
1267 1989 1412 2030 sedent,
1437 1989 1693 2023 Nobilissimus

252 2047 337 2070 vero
363 2036 408 2069 ad
435 2037 596 2070 dextram
619 2043 710 2078 stat,
744 2043 780 2071 et
810 2039 948 2071 intrant
977 2038 1106 2070 secreti
1149 2037 1228 2070 vela
1255 2036 1418 2080 singula,
1444 2041 1486 2069 ut
1520 2046 1596 2068 mos
1627 2039 1692 2072 est.

255 2083 365 2128 Sique
394 2090 513 2116 sancta
537 2089 573 2116 et
594 2095 720 2128 magna
747 2084 925 2119 dominica
957 2083 1088 2117 incidit
1103 2108 1112 2124 ‚
1137 2088 1281 2116 senatus
1302 2083 1403 2114 flexis
1434 2081 1585 2126 genibus
1607 2092 1691 2125 aga-

254 2141 327 2175 pen
347 2128 426 2169 dat,
451 2130 481 2163 si
500 2130 599 2163 aliud
626 2131 775 2170 festum,
800 2136 938 2163 tanturn
962 2129 1104 2163 adorat:
1139 2134 1328 2162 veneratur
1361 2133 1482 2160 autem
1513 2127 1623 2172 pedes
1653 2134 1691 2164 et

254 2187 370 2223 genna
390 2177 510 2221 magni
533 2187 647 2222 aeque
674 2188 713 2209 ac
735 2178 880 2210 minoris
903 2177 1073 2217 Domini,
1098 2187 1282 2221 unumque
1300 2185 1392 2219 genu
1416 2175 1515 2215 eius,
1580 2174 1616 2207 ui
1641 2174 1690 2208 ad

254 2224 415 2258 dextram
445 2222 548 2256 sedet
583 2223 743 2257 Caesaris
757 2248 766 2263 ‚
793 2228 830 2262 et
849 2234 959 2255 unum
980 2223 1059 2255 eius
1077 2247 1087 2262 ‚
1113 2223 1177 2268 qui
1196 2221 1241 2254 ad
1267 2222 1450 2254 sinistram
1469 2226 1541 2262 est,
1600 2220 1685 2255 obi·'

252 2270 380 2305 lissimi
401 2276 522 2305 autem
554 2269 728 2303 adstantis
751 2280 895 2302 manum
915 2269 1116 2309 osculatur,
1150 2273 1186 2301 et
1210 2273 1293 2312 post
1326 2267 1574 2302 adorationem
1598 2279 1687 2302 con-

250 2318 430 2360 sistorium
453 2318 652 2350 constituit.
704 2316 907 2350 Gratiarum
941 2316 1083 2349 actione
1105 2327 1125 2348 a
1154 2319 1281 2348 senatu
1311 2315 1511 2358 completa,
1537 2315 1686 2349 Domini

249 2366 657 2409 praepositoannuunt,
693 2362 722 2396 is
755 2362 867 2396 dicit:
894 2362 1039 2403 Iubete,
1065 2367 1102 2395 et
1137 2367 1349 2407 precantur,
1388 2368 1564 2397 secretum
1587 2361 1688 2403 abit,

248 2422 425 2458 omneque
448 2411 607 2445 officium
630 2409 727 2450 festi,
753 2414 794 2442 ut
818 2410 1024 2443 institutum
1049 2408 1381 2453 praescriptumque
1403 2414 1468 2450 est,
1493 2408 1685 2454 peragitur.

248 2457 414 2492 Ceterum
432 2457 613 2492 observari
625 2456 800 2496 meretur,
832 2456 871 2488 in
891 2467 1000 2500 agape
1026 2460 1062 2489 et
1086 2455 1338 2488 communione
1359 2455 1528 2488 Caesares
1549 2465 1591 2488 ae
1609 2453 1687 2488 No-

247 2503 463 2538 bilissimum
482 2515 563 2538 cum
578 2503 744 2537 Dominis
765 2504 1027 2536 communicare
1045 2513 1190 2548 unaque
1209 2512 1348 2548 agapen
1370 2503 1549 2547 accipere.

462 2597 680 2640 Accnauu'lo
708 2615 916 2638 FACTIONUH
942 2615 979 2638 11(
1005 2613 1225 2637 ΡΒΟΜΟΤΙΟἩΒ
1250 2614 1471 2637 uonxmssnn.

337 2683 607 2719 Observandum
635 2689 714 2726 est,
750 2684 780 2718 si
816 2684 1012 2728 Imperator
1035 2681 1311 2716 Nobilissimum
1347 2692 1470 2716 creare
1501 2681 1680 2725 voluerit,

245 2739 387 2765 omnem
406 2731 515 2766 ritum
530 2742 571 2766 ac
591 2730 751 2771 officium
767 2729 865 2765 idem
877 2755 888 2773 ,
915 2728 1015 2777 quod
1033 2729 1074 2763 in
1096 2728 1259 2764 Caesaris
1287 2729 1522 2775 promotione
1535 2753 1546 2771 ‚
1579 2727 1682 2763 ohti-
