1878 3112
382 129 734 175 consrmmi
769 129 966 171 Pomm.
1007 131 1079 169 DE
1115 129 1370 172 cmmors.
1475 107 1583 165 505

163 231 243 278 ’σαν
267 235 315 276 δὲ
339 235 388 291 τῇ
405 233 512 290 αὕτῇ
531 232 664 287 ἡμέρᾳ
686 233 761 272 καί
785 230 824 273 οἱ
839 230 939 280 τούς
960 232 1156 284 δεσμίους
1179 233 1374 287 φέροντες
1395 231 1442 272 ἐν
1462 234 1585 286 Χρυ-

162 296 350 352 σοπόλει,
390 299 464 340 καί
486 295 687 351 βαλόντες
714 294 871 345 αὖτοὺς
897 298 956 344 εἰς
983 300 1120 348 πλοῖα,
1151 297 1400 351 διεπέρασαν
1431 294 1590 344 αὐτοῦς

163 363 268 407 ἔνθα
301 364 377 405 καί
399 363 424 404 ὅ
458 359 655 416 βασιλεῦς
689 363 850 416 παρῆν·
906 359 931 402 ὅ
958 363 1006 403 δὲ
1042 363 1115 416 τῆς
1141 359 1298 410 πόλεως
1327 359 1511 416 ἔπαρχος
1533 355 1762 416 {rusam

161 426 465 485 προετοιμάσας
501 427 575 467 καί
609 427 870 479 καταστέψας
920 424 998 480 τὴν
1034 425 1155 467 πόλιν
1203 427 1319 481 δίκην
1367 427 1586 482 νυμφικῶν

135 491 380 538 ὄπαπᾶδων
416 490 498 532 ἀπὸ
527 492 848 547 σκαραμαγγίων
885 488 1098 546 διαφόρων
1124 492 1199 532 καί
1233 493 1372 540 σενδὲς
1407 490 1481 532 καὶ
1506 491 1585 547 α’ρ-

157 557 287 614 γόρου
326 553 572 613 πολυφότων
623 573 666 598 τε
701 558 776 598 καί
804 558 965 598 ἀνθέων
997 558 1071 597 καί
1105 554 1242 612 ῥόδων
1278 557 1473 599 ποικίλων
1499 555 1581 598 α’πὸ

155 625 230 678 τῆς
250 625 414 680 χρυσῆς
439 622 594 678 πόρπης
620 624 748 678 μέχρι
773 624 847 677 τῆς
885 624 1066 677 χαλκῆς,
1112 623 1187 662 καί
1215 622 1416 671 διελόντες
1439 620 1479 664 οἱ
1501 623 1585 664 τῶν

154 688 307 740 τάξεων
331 689 417 747 ι’δάὲι
442 690 516 729 καί
538 690 670 743 χωρίς
703 686 809 730 κατὰ
837 687 952 738 τάξιν
977 686 1077 736 τούς
1104 689 1321 740 δεσμίους,
1359 686 1411 730 τὰ
1440 685 1581 744 λάφυ-

157 770 225 811 ρα,
251 753 304 797 τὰ
331 751 510 811 ἅρματα,
540 751 852 809 ἐθριάμβευσαν
874 755 1002 806 μέσον
1027 755 1101 808 τῆς
1128 751 1298 803 πόλεως.
1343 751 1448 807 μετὰ
1475 754 1614 796 ταῦ-Β

107 835 212 863 rora
239 822 286 863 δὲ
312 816 495 868 ἇναοτάς
532 819 556 861 o‘
592 820 791 873 βασιλεὺς
830 816 1044 875 ἐφόρεσεν’
1060 821 1222 873 χιτῶνα
1254 819 1580 875 χρυσοῦφαντον

152 882 395 940 έπιλοόρικον
419 885 491 926 τὸν
517 882 794 940 ῥοδόβοτρυν,
838 883 1073 937 ζωσάμενος
1098 886 1173 925 καί
1208 884 1411 936 σπαθίον,
1437 882 1581 938 βαλών

153 952 228 991 καί
251 948 401 1005 τιάραν
426 950 499 990 ἐπὶ
520 952 594 1004 τῆς
617 951 799 1006 κεφαλῆς
838 949 973 991 αὑτοῦ
984 979 996 991 .
1050 950 1176 1005 ἐπέβη
1214 951 1262 991 δὲ
1301 950 1411 1006 ἵππῳ
1446 950 1579 1007 λευκῷ

152 1014 424 1073 ἐστρωμμένῳ
443 1013 633 1069 Δχιοιῇιιιιττ
661 1016 852 1073 διαλίθῳ,
883 1013 1026 1068 λαβών
1052 1015 1097 1057 ἐν
1121 1017 1173 1071 τῇ
1199 1016 1313 1072 δεξιᾷ
1333 1015 1452 1071 χειρὶ
1474 1017 1576 1069 σκῆα

150 1094 291 1135 πτρον.
343 1078 367 1122 ὅ
394 1081 442 1121 δὲ
466 1086 617 1136 καῖ’σαρ
645 1079 847 1136 ἑφόρεσεν
869 1082 1058 1136 χρυσοῦν
1099 1078 1310 1134 κλιβάνων
1345 1078 1425 1122 σὺν
1448 1095 1575 1133 μανι-

103 1140 319 1188 '15stva
340 1147 415 1186 καί
438 1147 705 1199 ποδοψέλλων
730 1148 807 1187 καί
836 1142 974 1188 αὐτῶν
998 1147 1196 1201 χρυσῶν,
1236 1143 1380 1199 βαλών
1410 1146 1482 1187 ἐπὶ
1501 1147 1577 1200 τῆς

150 1210 335 1266 κεφαλῆς
361 1210 494 1252 αὐτοῦ
521 1212 596 1251 καί
618 1211 772 1252 κασίδα
800 1209 880 1252 σὺν
906 1213 1211 1268 περικεφαλαίᾳ
1235 1211 1379 1268 χρυσῇ
1383 1244 1397 1263 ,
1437 1206 1576 1262 ζωσά-

147 1290 271 1328 μενος
295 1276 370 1316 καί
386 1277 580 1329 «ruamur,
606 1276 756 1330 ἐπιβὰς
781 1277 854 1318 καί
879 1274 1007 1325 αὐτὸς
1033 1277 1143 1333 ἵππῳ
1172 1275 1325 1329 ὁμοίως
1343 1278 1476 1333 λευκῷ
1493 1274 1575 1318 συν

146 1333 334 1394 ’χιώματι
360 1341 580 1383 &tall-‘hv-
634 1339 782 1395 ἔλαβεν
810 1343 858 1384 δὲ
883 1343 958 1382 καί
994 1344 1045 1399 τῇ
1067 1341 1186 1397 χειρὶ
1209 1339 1362 1397 λόγχην
1385 1342 1610 1397 χρυσᾶν·0

147 1402 295 1460 μικρὸν
330 1405 379 1447 δὲ
415 1408 489 1461 τῆς
521 1404 671 1462 πόρτης
708 1405 935 1463 πεφθακαὶς
960 1409 1110 1462 κατέβη
1138 1409 1215 1448 τοῦ
1241 1409 1367 1448 ἵππου
1396 1405 1419 1448 ὅ
1445 1409 1572 1460 βασι-

97 1469 268 1523 ustaig,
308 1473 383 1512 καὶ
417 1470 561 1514 ἔπεσεν
597 1471 703 1527 πρὸς
732 1471 935 1521 ἀνατολὰς
969 1470 1257 1528 προσκυνήσας
1281 1474 1432 1527 τρίτον.
1487 1466 1569 1512 εἶθ’

150 1531 283 1585 οὕτως
308 1536 490 1586 α’ναοτὰς
515 1539 641 1592 ἐπέβη
668 1539 724 1595 τῷ
750 1539 881 1596 ἵππῳ.
936 1540 1010 1579 καί
1050 1539 1322 1594 εῖσερχομένῳ
1360 1537 1473 1593 αὐτῷ
1494 1534 1569 1590 τὴν

242 1636 292 1659 12.
316 1626 471 1659 ΣΧΟΛ.
490 1626 652 1672 τούφαν.

147 1725 294 1771 agebat,
326 1732 367 1759 ut
379 1727 543 1760 diximus.
591 1728 663 1760 Hos
678 1728 802 1774 itaque
819 1728 951 1762 ethaec
969 1739 1048 1761 suas
1065 1729 1104 1761 in
1121 1729 1247 1761 classes
1262 1727 1414 1761 diremta
1436 1731 1563 1760 taxeo-

145 1777 205 1805 tae
228 1783 292 1805 seu
316 1774 449 1806 milites
472 1774 699 1818 praesidiarii
729 1775 887 1820 captivos
914 1780 950 1808 et
972 1775 1087 1819 spolia
1113 1779 1150 1807 et
1171 1785 1266 1806 arma
1285 1772 1565 1808 introducebant

146 1818 409 1864 triumphantes
430 1819 586 1853 mediam
609 1821 647 1853 in
666 1821 805 1862 Urbem,
819 1832 925 1867 quam
947 1822 1148 1866 praefectus
1161 1820 1266 1854 Urbis
1291 1826 1396 1853 antea
1418 1830 1565 1853 curave-

145 1871 202 1899 rat
213 1865 260 1899 ad
271 1866 385 1900 instar
398 1865 633 1901 thalamorum
650 1869 846 1912 genialium
861 1869 968 1902 variis
992 1867 1255 1913 scaramangiis,
1280 1867 1410 1912 pannis
1423 1866 1565 1908 sendes,

144 1917 304 1956 argento,
331 1912 552 1946 candelabris
570 1914 699 1947 multas
710 1914 890 1959 lampades
908 1914 1183 1955 sustinentibus,
1209 1914 1309 1954 rosis,
1323 1913 1478 1958 aliisque
1500 1923 1564 1946 va-

146 1958 281 1990 riorum
313 1960 472 1992 colorum
502 1960 651 1992 floribus
682 1961 806 2002 indui,
839 1962 1003 1993 coronari
1027 1966 1064 1994 et
1087 1961 1271 1993 illustrari.
1318 1958 1498 1994 Militibus
1522 1959 1564 1992 in

143 2004 327 2050 triumpho
351 2005 482 2038 Urbem
500 2006 679 2051 ingressiS‚
693 2006 906 2051 exsurgebat
925 2008 1122 2052 Imperator
1145 2018 1165 2039 e
1190 2011 1306 2046 corte,
1335 2005 1483 2038 indutus
1501 2010 1562 2039 tn-

141 2051 222 2083 nica
246 2062 334 2084 auro
357 2057 540 2096 pertexta,
563 2053 658 2085 loros
693 2053 870 2094 habente,
901 2053 1045 2098 qualem
1076 2052 1323 2096 rhodobotryn
1356 2053 1433 2099 [seu
1456 2062 1562 2084 rosu-

142 2096 253 2143 vm]
278 2098 475 2143 appellant,
496 2099 658 2144 spatham
672 2100 718 2132 ad
738 2101 832 2132 latus
856 2099 992 2132 habens
1018 2110 1038 2132 e
1056 2100 1201 2144 cingulo
1214 2098 1498 2143 dependentem,
1522 2102 1561 2131 et

144 2142 184 2175 in
207 2144 323 2188 capite
345 2146 472 2178 tiaram
511 2157 574 2178 seu
590 2172 600 2186 ‚
624 2151 665 2179 ut
699 2147 837 2191 vulgari
861 2157 1025 2179 sermone
1048 2146 1253 2191 appellant,
1282 2145 1417 2188 tufam;
1441 2154 1559 2190 eoque

141 2188 183 2221 in
205 2196 377 2234 apparatu
413 2191 647 2225 inscendebat
676 2193 715 2225 in
753 2204 886 2240 equum
909 2193 1120 2233 candidum,
1145 2193 1203 2224 cui
1226 2191 1396 2238 phalerae
1419 2195 1561 2237 stragu-

143 2234 273 2280 laeque
291 2243 487 2281 gemmatae
502 2238 547 2271 de
570 2238 768 2272 cervicibus
794 2244 833 2271 et
859 2239 965 2272 dorso
998 2238 1269 2284 dependebant,
1313 2238 1352 2270 in
1376 2248 1448 2283 quo
1472 2247 1558 2281 pro-

141 2279 358 2323 vehebatur,
385 2283 507 2317 dextra
526 2296 634 2318 manu
652 2290 829 2330 sceptrum
859 2296 994 2330 gerens.
1040 2285 1113 2331 Qui
1144 2285 1190 2318 ad
1206 2286 1299 2317 latus
1320 2284 1390 2328 ipsi
1410 2284 1558 2328 equita-

142 2325 207 2358 bat
226 2326 364 2370 Caesu,
388 2331 551 2373 [Alexius
571 2332 712 2372 Moseli,
733 2342 840 2376 gener
855 2331 967 2379 eius,]
995 2333 1103 2364 etiam
1122 2331 1161 2365 in
1180 2342 1274 2378 equo
1292 2329 1444 2363 candido
1459 2339 1556 2373 gem-

140 2373 247 2406 matis
263 2372 420 2418 phaleris
435 2376 587 2418 illustri,
608 2377 754 2423 gerebat
777 2388 924 2423 corpore
954 2379 1100 2411 loricam
1129 2389 1293 2418 auream,
1317 2376 1475 2408 armillas
1490 2385 1557 2407 au-

141 2429 219 2452 reas
243 2418 282 2451 in
297 2420 479 2464 manibus,
501 2423 712 2468 podopsella
736 2434 799 2457 seu
823 2425 988 2469 genualia
1020 2435 1128 2458 aurea
1168 2425 1208 2457 in
1229 2422 1411 2461 cruribus,
1434 2422 1474 2453 in
1496 2430 1555 2452 ca-

140 2465 220 2509 pite
243 2466 416 2499 cassidem
450 2479 529 2502 cum
563 2470 708 2514 capitali
743 2481 806 2503 seu
838 2470 1048 2504 redimiculo
1090 2481 1221 2511 aureo,
1258 2468 1305 2502 ad
1339 2469 1434 2500 latus
1471 2477 1558 2511 spa-

139 2509 259 2552 tham,
294 2517 331 2544 et
361 2513 400 2545 in
423 2513 547 2548 dextra
575 2527 682 2549 manu
714 2516 853 2549 hastam
884 2527 1039 2550 auream.
1101 2516 1155 2550 Ad
1177 2516 1341 2560 exiguam
1372 2513 1417 2545 ab
1445 2522 1554 2545 aurea

137 2562 242 2600 porta
263 2557 468 2592 distantiam
494 2561 633 2594 delatus
661 2562 901 2596 descendebat
927 2565 1123 2607 Imperator
1144 2573 1188 2595 ex
1205 2573 1318 2608 equo,
1342 2558 1555 2604 procidebat

137 2601 260 2645 humi,
291 2605 395 2637 vultu
410 2605 467 2639 ,ad
490 2607 664 2640 orientem
694 2619 861 2647 converso
875 2635 886 2650 ‚
911 2614 949 2642 et
969 2609 1141 2642 adorabat
1162 2610 1278 2642 Deum
1298 2612 1362 2639 ter.
1409 2605 1552 2638 Deinde

142 2659 326 2694 resurgens
348 2662 466 2685 rursus
484 2654 744 2687 conscendebat
765 2665 917 2700 equum,
941 2660 978 2688 et
998 2656 1049 2689 sic
1070 2655 1213 2688 tandem
1240 2652 1399 2685 intrabat
1417 2651 1455 2684 in
1484 2662 1551 2684 au-

141 2706 236 2730 ream
260 2702 409 2741 Portam·
475 2699 543 2735 Per
576 2701 675 2734 cuius
698 2712 839 2746 magnas
865 2701 1000 2736 medias
1036 2702 1154 2738 valvas
1182 2700 1332 2735 intranti
1353 2697 1550 2734 offerebant
