1884 3112
389 146 751 194 nncmmon.
783 143 965 188 AULAE
994 142 1217 186 mzzmr.
1245 145 1279 184 1.
1307 142 1375 188 17.
1516 123 1620 181 105

189 249 322 298 αῧτόν
349 253 395 297 ἐν
421 254 482 311 τῷ
506 250 684 308 νάρθηκι
726 246 883 301 ἔξωθεν
921 247 996 302 τῆς
1040 246 1173 302 πύλης
1199 246 1274 288 τοῦ
1302 244 1434 288 aaron?
1461 245 1630 299 κοχλιοῦ

190 319 390 369 ὥσαύτως
408 319 483 361 καί
510 315 551 359 οἱ
568 317 645 360 τοῦ
664 314 956 368 κουβουκλείου
978 307 1192 368 ἄρχοντες.
1245 310 1320 352 καί
1336 308 1478 365 λαβών
1496 311 1631 363 νεῦμα

193 385 219 427 ὅ
239 382 509 441 πραιπόσιτος
526 380 641 438 παρὰ
661 382 733 423 τοῦ
761 379 990 434 βασιλέως,
1023 374 1135 420 νεύει
1159 378 1217 433 τῷ
1234 378 1308 432 τῆς
1326 377 1632 429 καταστάσεως,

193 449 379 500 κάκεῖνος
397 450 503 504 λέγει
530 445 816 502 „aceldama”
855 446 943 501 (E.)
966 446 1059 485 Καὶ
1077 442 1385 499 δηριγευόμενος
1403 441 1475 484 ὑπ’
1493 437 1634 483 αὐτῶν

166 515 220 559 δὸ
238 512 438 571 βασιλεύς
468 514 683 570 ἐξέρχεται
712 509 789 566 τήν
821 505 953 553 οὖσαν
981 508 1087 566 πρὸς
1106 508 1158 551 τὰ
1177 509 1381 565 γραδὴλια
1401 510 1532 564 μέσην
1551 506 1635 550 πύ-

193 585 269 638 λην
286 583 363 624 τοῦ
381 578 590 636 νάρθηκος
629 580 702 620 καί
731 575 897 619 ἱππεύει
917 577 1047 618 ἐκεῖσε
1067 578 1138 632 ἐφ’
1158 574 1286 617 ἵππου
1306 577 1455 617 λευκοῦ
1474 576 1633 630 ἐστρω-

192 644 423 700 phou-¹511&
444 645 715 699 σελοχαλίνου
733 643 899 698 χρυσοῦ
918 642 1112 685 διαλίθου
1131 642 1371 696 χειμευτοῦ,
1399 641 1674 698 ἤμφιεσμέ-Ι)

194 727 270 755 νου
291 709 372 755 ἀπὸ
400 710 640 767 μαργάρων,
671 707 710 751 οἷ
740 709 787 750 δὲ
815 706 953 750 λοιποὶ
977 703 1176 762 ἄρχοντες
1202 706 1450 750 ἱππεύουσιν
1466 705 1546 758 ἔξω
1564 708 1638 762 τῆς

195 779 342 834 πύλης.
385 780 432 821 ἐν
452 778 499 819 δὲ
517 779 566 833 τῇ
586 773 764 833 περιόδῳ
782 774 857 816 τοῦ
875 775 1081 827 βασιλέως
1099 777 1279 814 τελεῖται
1299 772 1324 828 ἢ
1343 774 1417 827 τῆς
1435 772 1637 828 προελεύ-

146 858 300 894 ιοσεως
330 844 447 894 τάξις
475 840 557 885 ύπό
576 856 621 883 τε
645 842 728 883 τῶν
758 838 952 897 ἐφίππων
970 837 1044 881 καί
1060 839 1194 889 πεζῶν
1231 837 1430 888 ὡσαύτως
1461 840 1536 880 καί
1553 838 1638 880 ταῖν

197 912 364 967 μερῶν,
405 906 451 951 ὃν
486 908 642 965 τρόπον
675 906 873 961 α’νωτέρω
905 906 957 962 τῇ
990 905 1164 963 δευτέρᾳ
1199 905 1275 961 τῆς
1316 902 1636 959 διακαινησίμου

195 979 281 1019 τῶν
301 973 430 1030 ἁγίων
449 971 690 1016 ἀποστόλων
709 970 781 1014 ἐπὶ
797 973 931 1029 λεπτῷ
950 972 1192 1024 ἐξεθέμεθα.
1235 970 1474 1022 ἐξελθόντος
1494 971 1541 1012 δὲ
1560 966 1639 1012 τοῦ

198 1043 407 1097 βασιλέως
437 1041 484 1083 ἐν
513 1041 567 1096 τῇ
593 1037 729 1096 πύλῃ,
771 1031 860 1095 ἕνῇ
882 1038 1092 1093 διέρχεται
1124 1037 1170 1079 ἐν
1199 1034 1353 1094 ἑκάστῃ
1384 1036 1638 1093 προελεύσει,

193 1103 325 1163 ἤγουν
348 1107 400 1162 τῇ
419 1101 523 1163 οὔσῃ
543 1103 648 1161 πρὸς
667 1099 841 1160 ἄρκτον,
886 1104 1079 1157 δέχονται
1099 1098 1227 1144 αὗτὸν
1245 1104 1376 1145 ἐκεῖσε
1396 1103 1440 1144 ἐν
1459 1099 1640 1158 πρώτοις

149 1173 221 1222 ιόὄ
240 1172 478 1226 δομέστικος
507 1172 591 1214 τῶν
610 1171 773 1225 σχολῶν
790 1168 894 1223 μετὰ
914 1170 991 1211 τοῦ
1008 1170 1236 1225 περατικοῧ
1256 1167 1388 1225 δήμου
1407 1168 1492 1210 τῶν
1509 1167 1640 1209 Βενέ-

195 1255 304 1292 των,
341 1237 559 1280 ἐπιδίδωσι
585 1238 632 1278 δὲ
662 1235 922 1292 λιβελλάριον
948 1237 1007 1293 τῷ
1038 1238 1226 1289 βασιλεῖ’,
1268 1236 1408 1292 φορῶν
1424 1231 1824 1287 χλανιῖἳιονΕᾶὡῶῧ

195 1306 374 1348 Βένετον
391 1302 737 1359 χρυσοθφαντον,
783 1304 856 1344 καί
874 1301 1070 1353 διασώζει
1088 1299 1160 1343 τὸν
1177 1303 1355 1355 βασιλέα
1374 1298 1421 1342 τὸ
1441 1299 1543 1340 αὕτὸ
1563 1300 1641 1351 μὲ-

197 1385 269 1426 ρος
300 1371 428 1424 μέχρι
456 1370 535 1410 τοῦ
563 1367 807 1419 ἑξακιονίου.
859 1366 881 1411 ὅ
911 1369 959 1410 δὲ
987 1368 1224 1421 δομέστικος
1250 1368 1335 1409 τῶν
1364 1363 1640 1419 ἐκσκουβίτων

194 1433 303 1489 μετὰ
330 1436 407 1477 τοῦ
425 1436 652 1490 περατικοῦ
672 1434 804 1490 δήμου
832 1434 916 1476 τῶν
934 1433 1166 1487 Πρασίνων
1198 1434 1392 1487 δέχονται
1420 1429 1491 1473 τὸν
1518 1433 1642 1484 βασι..

147 1501 276 1547 πολέα
295 1500 341 1542 ἐν
358 1501 416 1558 τῷ
434 1498 666 1558 ὲξακιονίῳ,
694 1501 767 1541 καί
792 1497 1045 1548 ἐπιδιδόντος
1062 1500 1141 1540 τοῦ
1169 1497 1430 1555 δημοκράτου
1450 1493 1643 1551 λιβελλᾰ-

203 1581 320 1621 ριον,
358 1565 637 1617 διασώζουσιν
669 1563 799 1607 aaran
827 1564 954 1620 μέχρι
985 1566 1060 1620 τῆς
1089 1565 1285 1619 μονήτας·
1342 1568 1471 1620 φορεῖ
1493 1563 1538 1604 δὲ
1571 1558 1644 1602 καὶ

201 1629 224 1672 ὅ
245 1631 506 1686 δημοκράτης
521 1629 703 1683 χλανίδα
723 1629 946 1686 Πράσινον
967 1628 1289 1686 χρυσοΰφαντον
1307 1627 1413 1670 κατὰ
1443 1626 1518 1684 τήν
1538 1623 1640 1670 ἆνα-
1649 1637 1717 1673 Ms.
1732 1635 1825 1673 58.h

201 1695 340 1748 λογίαν
366 1697 444 1736 τοῦ
473 1697 630 1751 μέρους
660 1692 807 1737 αὗτοῧ.
859 1698 932 1737 καί
949 1696 1023 1749 τῆς
1056 1697 1263 1750 πολιτικῆς
1303 1692 1350 1736 τὸ
1389 1695 1517 1749 μέρος
1559 1692 1641 1734 τῶν

202 1762 434 1815 Πρασίνων
453 1761 644 1815 δέχονται
663 1758 736 1803 τὸν
755 1763 932 1815 βασιλέα
951 1762 998 1803 ἐν
1017 1762 1070 1817 τῇ
1086 1760 1243 1819 μονήτῃ
1256 1793 1270 1815 ,
1307 1760 1380 1802 καί
1397 1757 1640 1802 ἐπιδίδωσιν

250 1861 303 1896 16.
326 1846 525 1907 χλανίδιον
546 1862 585 1896 R.
617 1873 661 1896 ex
684 1873 797 1909 comp.
822 1862 916 1906 cod„
937 1861 1097 1909 χλανίδα
1124 1861 1182 1900 ed.
1253 1865 1308 1898 23.
1331 1861 1401 1896 τοῦ
1420 1861 1561 1909 μέρους
1582 1859 1640 1894 ed.

199 1939 305 1974 thece
344 1945 444 1975 extra
486 1940 652 1976 cochleae
683 1947 821 1988 portam
875 1954 948 1977 una
988 1954 1069 1977 cum
1105 1941 1296 1988 praefectis
1337 1941 1508 1986 cubiculo
1554 1950 1638 1974 eum

198 1988 398 2033 excipiunt.
446 1988 672 2032 Praepositus
693 1991 794 2032 signo
825 1989 870 2023 ab
901 1991 1118 2034 Imperatore
1151 1989 1257 2030 dato,
1288 1988 1539 2022 cerimoniario
1570 1998 1638 2021 an-

198 2035 307 2074 nuit,
332 2035 363 2068 is
385 2033 493 2069 dicit:
518 2035 653 2070 Iubete.
685 2036 758 2082 (V.)
782 2036 940 2081 Stipatus
964 2036 1009 2070 ab
1030 2037 1118 2082 ipsis
1142 2037 1360 2082 Imperator,
1391 2046 1458 2080 per
1482 2032 1638 2068 mediam

203 2080 385 2114 nar-thecis
412 2087 579 2126 portam,
602 2083 705 2116 scalis
727 2084 943 2127 proximam,
968 2084 1043 2116 exit
1073 2089 1110 2117 et
1139 2083 1193 2117 ibi
1224 2094 1356 2129 equum
1385 2082 1533 2122 album,
1568 2092 1639 2114 au-

204 2138 282 2168 reo,
307 2128 452 2172 gemmis
477 2135 516 2163 et
539 2129 736 2174 margaritis
758 2137 882 2164 ornato
914 2130 1070 2176 alboque
1094 2130 1267 2175 ephippio
1289 2131 1525 2169 instructum,
1550 2138 1638 2161 con-

204 2174 366 2207 scendit:
390 2174 523 2220 'reliqui
538 2176 711 2219 praefecti
734 2182 832 2210 extra
846 2182 986 2223 portam
1000 2177 1102 2222 equis
1120 2176 1309 2210 vehuntur.
1335 2177 1474 2210 Interea
1490 2185 1640 2219 proces-

204 2220 317 2254 sionis
335 2219 424 2254 ordo
445 2226 520 2254 tum
542 2221 587 2254 ab
611 2222 676 2263 iis,
726 2224 764 2256 ui
783 2225 900 2269 equis,
925 2229 1001 2257 tum
1021 2223 1066 2256 ab
1082 2224 1140 2264 iis,
1164 2223 1227 2268 qui
1247 2223 1402 2268 pedibus
1426 2222 1640 2268 procedunt,

201 2276 317 2310 aeque
330 2277 372 2299 ac
388 2278 410 2299 a
429 2266 660 2308 factionibus,
684 2233 904 2311 offiservatur,
928 2276 970 2304 ut
982 2281 1089 2314 supra
1101 2269 1146 2303 de
1166 2269 1322 2303 secunda
1342 2269 1401 2303 die
1418 2268 1638 2313 septimanae

203 2314 447 2346 renovationis
461 2319 663 2347 sanctorum
675 2317 918 2360 apostolorum
936 2317 1096 2351 breviter
1115 2317 1356 2361 exposuimus.
1382 2317 1639 2359 Imperatorem

202 2358 345 2391 scilicet
358 2359 406 2392 ad
428 2364 580 2403 portam,
604 2372 670 2405 per
694 2373 801 2407 quam
821 2363 862 2397 in
894 2364 1045 2409 singulis
1061 2363 1350 2408 processionibus
1369 2362 1515 2408 prodire
1533 2360 1640 2400 solet,

202 2414 268 2437 seu
283 2406 614 2449 septentrionalem,
627 2418 818 2453 egressum,
836 2410 1001 2456 inprimis
1018 2409 1215 2444 scholarum
1230 2409 1459 2447 domesticus,
1481 2407 1640 2441 tunicam

204 2449 384 2484 'Venetam
418 2462 504 2486 auro
528 2454 702 2488 intextam
726 2463 867 2500 gestans
883 2482 893 2498 ‚
935 2468 1015 2490 cum
1049 2457 1257 2490 transitoria
1288 2456 1507 2489 Venetorum
1532 2452 1642 2487 turba

206 2496 371 2541 excipit,
397 2499 432 2531 ei
457 2498 624 2533 libellum
647 2501 779 2543 tradit,
802 2507 840 2536 et
858 2504 967 2537 factio
987 2503 1110 2537 eadem
1129 2501 1174 2536 ad
1203 2501 1455 2536 hexacionium
1480 2502 1643 2545 Impera-

205 2548 325 2576 torem
354 2544 554 2579 comitatur.
601 2547 827 2583 Domesticus
850 2549 1100 2584 excubitorum
1126 2561 1204 2583 cum
1239 2550 1444 2582 transitoria
1474 2546 1642 2580 Prasino-

207 2599 288 2622 rum
312 2589 419 2622 turba
442 2591 695 2635 Imperatorem
716 2595 755 2627 in
771 2594 985 2630 hexacionio
1010 2596 1165 2640 excipit,
1191 2600 1227 2628 et
1249 2601 1438 2640 postquam
1462 2594 1496 2626 ei
1521 2592 1640 2625 tribu-

206 2645 276 2668 nus
298 2635 466 2669 libellum
486 2637 657 2679 tradidit,
682 2641 798 2684 ipsum
816 2642 861 2675 ad
881 2648 1062 2676 monetam
1076 2653 1188 2688 usque
1209 2643 1408 2675 comitatur.
1457 2638 1640 2672 Tribunus

208 2682 295 2735 ipse
310 2683 468 2716 tunicam
494 2683 674 2718 Prasinam
700 2698 784 2721 auro
811 2689 1009 2729 intextam,
1035 2694 1199 2733 respectu
1239 2688 1285 2721 ad
1319 2699 1417 2721 suam
1449 2686 1641 2719 factionem

209 2726 362 2770 habito,
405 2733 526 2775 gestat.
584 2731 727 2768 Pontici
760 2734 927 2772 factionis
963 2736 1127 2772 Prasinac
1151 2735 1404 2780 Imperatorem
1429 2734 1469 2770 in
1497 2737 1642 2768 moneta
