1878 3112
266 150 293 204 7
306 130 378 206 74
552 147 910 191 CONSTANTlNl
947 142 1430 191 PoRPnYRoGENm

216 250 412 306 Βταὶριον
439 251 484 292 ἐν
511 251 568 306 τῷ
596 251 852 308 περιβλέπτῳ
882 252 1073 308 τρικλίνῳ
1093 252 1175 293 τῶν
1195 251 1483 306 καθισμάτων,
1512 252 1587 294 καί
1610 261 1711 295 συνέ

260 317 453 359 εσθίουσι
481 316 539 372 τῷ
565 318 738 369 βασιλεῖ
759 314 799 357 οἱ
827 314 1121 372 πραιπόσιτοι,
1150 320 1384 373 πατρίκιοι,
1413 317 1710 374 σ’φφικιάλιοι,

260 378 633 438 πρωτοσπαθάριοι
659 382 734 422 καί
769 381 1095 437 χαρτουλάριοι,
1132 378 1307 437 ὕπατοι,
1335 381 1600 440 βεστήτορες,
1638 400 1707 427 σι-

260 447 510 502 λεντιάριοι,
542 445 566 487 ὅ
595 445 847 503 ἆκτουάριος
874 449 949 489 καί
979 446 1018 489 οἱ
1043 450 1119 490 τοῦ
1148 449 1327 503 ἡλιακοῦ
1354 448 1434 492 στὶν
1459 451 1519 508 τῷ
1559 451 1708 506 δεησο-

261 513 434 571 γράφῳ,
471 511 543 555 τὸν
570 511 757 568 ἀριθμὸν
783 512 890 556 κατὰ
917 512 965 556 τὸ
996 513 1129 556 ποσὸν
1153 514 1227 569 τῆς
1247 516 1468 571 τραπέζης.
1520 513 1736 570 εἰσάγον-ἅ

261 596 331 625 ται
371 580 417 621 δὲ
455 581 529 621 καί
570 579 783 634 ἐξάγονται
821 577 926 622 κατὰ
964 579 1032 623 τὸν
1071 577 1266 636 ἀνωτέρω
1303 582 1506 635 λεχθέντα
1541 580 1710 637 τρόπον.

260 643 470 701 μεσούσης
498 646 544 688 δὲ
571 649 645 701 τῆς
676 643 820 703 ἑορτῆς
859 648 936 688 τοῦ
973 646 1117 701 πάσχα
1156 650 1336 689 τελεῖται
1362 648 1606 703 προέλευσις
1632 649 1708 703 δη·-

259 714 389 765 μοσία
403 746 416 766 ,
456 714 531 754 καί
561 713 840 768 προέρχονται
868 711 907 754 οἱ
933 716 1121 767 βασιλεῖς
1147 714 1392 769 ἐμπράττως
1419 715 1481 763 εἷς
1506 712 1578 757 τὸν
1605 711 1709 756 radat

260 780 337 820 τοῦ
379 778 501 833 ἁγίου
531 780 713 822 Μωκίου
731 812 744 832 ,
785 777 858 820 καί
883 780 1132 834 τελουμένης
1178 780 1250 834 τῆς
1287 778 1404 835 ἱερᾶς
1449 780 1708 835 λειτουργίας

64 848 501 902 Ειι.1,.448προτίθεται
531 843 758 901 κλητιόριον
784 846 842 904 τῷ
868 847 1042 899 βασιλεῖ
1062 846 1134 887 ἐπὶ
1159 845 1393 900 ἆποκοπτῆς
1427 846 1635 902 τραπέζης
1661 847 1761 888 ε’·νιο

259 918 345 961 τοῖς
372 913 505 955 ἐκεῖσε
533 911 780 968 τρικλίνοις,
808 913 883 953 καί
910 913 1178 954 συνεστιᾶται
1206 910 1230 952 ὅ
1257 911 1519 968 πατριάρχης
1543 914 1600 969 τῷ
1625 914 1707 966 βα-

260 982 392 1031 σιλεῖ,
434 980 509 1020 καί
541 979 611 1020 δεῖ
639 978 750 1032 ἡμᾶς
785 977 1043 1032 εὐτρεπίζειν
1080 979 1141 1027 εἰς
1175 979 1438 1020 συνεστίασιν
1465 973 1607 1019 asinar
1633 979 1708 1034 ‹pl-

259 1048 358 1093 λους
386 1045 468 1087 α’πὸ
499 1046 573 1099 τῆς
600 1043 757 1095 τάξεως
784 1046 868 1086 τῶν
886 1044 1139 1099 μαγίστρων,
1168 1040 1436 1096 ἀνθυπάτων,
1462 1044 1706 1099 πατρικίων,

256 1112 579 1167 μητροπολίτας,
610 1107 911 1167 ὄφφικιαλίους
938 1112 1013 1153 καί
1034 1108 1323 1165 ταγματικούς,
1352 1111 1427 1152 καί
1449 1112 1534 1152 τῶν
1562 1110 1609 1152 ἔκ
1629 1111 1706 1166 τῆς

258 1175 489 1231 συγκλήτου
520 1176 767 1231 καμπαγίων
793 1175 898 1218 κατὰ
927 1176 973 1218 τὸ
1001 1175 1131 1219 ποσὸν
1157 1177 1229 1232 τῆς
1248 1178 1467 1232 τραπέζης·
1524 1175 1757 1231 εἷσάγεινι5
1816 1202 1822 1209 -

260 1243 307 1284 δὲ
336 1240 495 1291 αὐτούς
530 1244 604 1284 καί
633 1243 793 1297 ἐξάγειν
827 1242 931 1295 μετὰ
968 1243 1051 1284 τῶν
1087 1243 1249 1284 οἰκείων
1291 1240 1534 1296 ἆλλαξιζιιων
1568 1244 1705 1299 χωρὶς

259 1310 344 1351 τῶν
367 1309 616 1362 χλανιδάυν·
672 1310 717 1351 ἐν
744 1309 792 1350 δὲ
825 1309 880 1364 τῷ
918 1308 1191 1364 προλεχθέντι
1230 1310 1303 1362 τῆς
1344 1308 1585 1363 ἀπολογίας
1620 1310 1704 1351 τῶν

259 1374 404 1429 δήμων
429 1372 567 1432 χρόνῳ
596 1375 812 1433 ἕξανιστᾷν
839 1370 1030 1423 ἅπαντας
1056 1373 1155 1423 τοὺς
1182 1374 1455 1429 κεκλημένους
1482 1374 1543 1423 εἷς
1567 1373 1703 1431 εὔφη-

219 1442 362 1493 Βμίαν
385 1442 468 1482 τῶν
495 1442 720 1483 δεσποτῶν.
775 1441 847 1484 ἐπὶ
871 1443 918 1484 δὲ
957 1442 1032 1496 τῆς
1058 1442 1181 1489 θείας
1204 1442 1279 1482 καί
1306 1438 1426 1494 ἱερᾶς
1461 1437 1568 1494 μετὰ
1595 1456 1702 1496 σαρ-

259 1503 331 1556 κὸς
359 1506 419 1555 εἷς
447 1503 653 1562 οὐρανοὺς
681 1503 932 1563 ἀναλήψεως
958 1508 1036 1548 τοῦ
1063 1507 1233 1563 Κυρίου
1270 1506 1390 1562 ἡμῶν
1422 1505 1561 1562 Ἰησοῧ
1587 1508 1754 1563 Xon-20

257 1572 360 1614 στοῦ
388 1573 643 1628 θαυμαστῆς
670 1573 832 1631 ἡμέρας
866 1577 1042 1616 τελεῖται
1081 1570 1263 1629 δημοσιῖκ
1298 1573 1542 1627 προέλευσις
1581 1570 1698 1628 παρὰ

257 1637 342 1679 τῶν
368 1640 575 1692 βασιλέων
612 1639 731 1694 ἡμῶν
768 1641 853 1682 τῶν
886 1639 1013 1691 ἁγίων
1053 1641 1098 1681 ἐν
1125 1641 1184 1696 τῷ
1211 1638 1432 1695 πανσέπτῳ
1461 1639 1534 1680 καὶ
1570 1641 1699 1692 σεβα-

256 1703 365 1760 σμίῳ
393 1706 481 1762 ναῷ
506 1706 580 1759 τῆς
616 1704 845 1762 ’ὗπεραγίας
885 1704 1103 1761 δεσποίνης
1130 1705 1247 1760 ἡμῶν
1287 1702 1493 1747 Θεοτόκου
1519 1703 1593 1758 τῆς
1619 1720 1699 1760 πη-

257 1887 326 1927 cii,
350 1885 543 1928 officiales,
567 1887 870 1932 protospatharii,
894 1887 1127 1928 chartularii,
1155 1886 1334 1926 consules,
1355 1885 1559 1926 vestitores,
1583 1885 1695 1920 silen-

255 1933 377 1974 narii,
414 1935 596 1967 actuarius
630 1939 666 1968 et
689 1934 735 1967 ad
766 1935 947 1968 heliacum
977 1934 1201 1980 pertinentes
1236 1938 1274 1968 et
1305 1933 1606 1978 deeseographus'
1628 1943 1694 1966 seu

255 1980 372 2013 scriba
406 1979 617 2014 libellorum
652 1981 857 2026 supplicum
891 1992 957 2026 pro
982 1982 1181 2026 capacitate
1204 1991 1361 2014 mensae.
1409 1979 1694 2013 Introducuntur

255 2031 293 2059 et
316 2026 519 2060 educuntur
553 2027 660 2060 modo
695 2040 802 2073 supra
835 2030 981 2072 scripto.
1012 2029 1124 2062 *Dum
1148 2038 1234 2061 vero
1268 2027 1430 2061 medium
1465 2031 1521 2059 est
1557 2026 1692 2060 festum

252 2072 455 2117 paschatis,
496 2073 556 2121 [id
583 2079 637 2107 est
660 2073 720 2107 die
754 2074 850 2108 inter
881 2076 1012 2109 festum
1042 2074 1222 2119 paschatis
1251 2078 1289 2108 et
1312 2074 1444 2107 festum
1464 2077 1691 2116 pentecostes

253 2119 389 2165 medio]
419 2122 602 2165 peragitur
626 2122 807 2165 processio
832 2122 1001 2165 publica,
1038 2127 1074 2154 et
1099 2121 1283 2165 prodeunt
1306 2121 1543 2164 Imperatores
1568 2120 1608 2152 in
1631 2129 1694 2151 so-

254 2165 363 2198 lenne
388 2176 517 2210 pompa
551 2166 597 2198 ad
621 2168 796 2212 templum
822 2168 856 2202 S.
877 2167 1012 2207 Mocii‚
1045 2172 1241 2211 sanctoque
1274 2165 1390 2198 officio
1427 2163 1481 2198 ibi
1518 2170 1691 2211 peracto,

254 2216 449 2257 apparatur
473 2217 509 2246 et
532 2214 749 2258 proponitur
761 2213 971 2258 Imperatori
996 2213 1200 2246 convivium
1226 2223 1333 2256 super
1356 2212 1542 2258 peculiare
1565 2223 1692 2246 mensa

253 2260 294 2291 in
317 2258 486 2305 tricliniis
511 2271 575 2293 seu
598 2260 734 2304 palatio
751 2285 761 2300 ‚
790 2259 889 2305 quod
913 2269 1023 2304 penes
1049 2258 1142 2292 illud
1166 2260 1343 2302 templum
1375 2263 1441 2292 est.
1487 2258 1691 2294 Patriarchn

253 2304 308 2338 ibi
333 2306 542 2339 convivatur
573 2307 806 2350 Imperatori3
843 2305 1095 2351 invitandique
1115 2305 1222 2339 nobis
1247 2309 1332 2339 sunt
1354 2304 1400 2339 ad
1424 2305 1688 2340 convivandum

253 2352 361 2385 amici
384 2351 428 2384 de
454 2351 580 2384 ordine
602 2353 869 2397 magistrorum,
893 2353 1169 2398 proconsulum,
1193 2352 1450 2398 patriciorum,
1473 2352 1689 2397 metropoli-

252 2403 392 2439 tarum,
428 2397 632 2432 officialium
665 2404 702 2433 et
730 2401 1003 2444 tagmaticorum
1035 2402 1331 2445 magistratuum,
1369 2399 1457 2433 item
1481 2404 1688 2434 senatorum

252 2446 435 2490 campagia
461 2445 677 2487 ferentium,
708 2451 784 2486 tot,
810 2452 901 2492 quot
925 2457 1047 2480 mensa
1074 2447 1181 2491 capit.
1227 2444 1512 2479 Introducuntur
1534 2449 1572 2478 et
1595 2445 1686 2479 edu-

251 2496 383 2524 cuntur
408 2491 446 2524 in
481 2492 554 2524 suis
588 2493 812 2534 mutatoriis,
851 2492 987 2538 absque
1013 2494 1154 2527 tunicis.
1203 2491 1359 2538 Quando
1394 2493 1570 2526 factiones
1603 2497 1683 2526 acta

250 2548 315 2570 sua
341 2547 403 2570 scu
429 2537 553 2570 laudes
580 2538 816 2572 Dominorum
841 2544 879 2572 et
903 2541 963 2584 pia
989 2545 1071 2573 vota
1103 2539 1328 2581 exclamant,
1364 2539 1533 2573 iubemus
1558 2539 1684 2573 convi-

248 2594 310 2617 vas
337 2594 459 2618 omncs
488 2595 651 2631 surgere,
676 2591 718 2619 ut
744 2591 780 2620 et
805 2587 874 2631 ipsi
899 2587 1063 2620 Dominis
1086 2587 1181 2621 hene
1206 2591 1410 2631 precentur.
1455 2585 1589 2621 Divino
1617 2596 1682 2618 aue

249 2635 322 2663 tem
348 2631 413 2663 illo
438 2635 635 2677 sanctoque
659 2637 696 2666 et
722 2632 928 2666 admirabili
952 2632 1011 2666 dic
1037 2634 1150 2674 sesto,
1181 2644 1254 2678 quo
1274 2632 1409 2666 Christi
1433 2633 1474 2666 in
1497 2642 1600 2666 carne
1625 2642 1682 2666 a·-

247 2677 380 2709 sumtio
405 2677 442 2709 in
467 2678 608 2711 coelum
634 2679 857 2720 celebratur,
894 2681 1077 2725 peragitur
1111 2680 1257 2726 publica
1281 2679 1463 2724 processio
1489 2690 1510 2712 a
1531 2688 1681 2713 venera-

246 2722 384 2758 bilibus
408 2725 540 2757 uostris
568 2726 849 2773 Imperatoribus
876 2728 914 2761 in
937 2726 1128 2763 admodum
1147 2726 1356 2762 venerabile
1372 2724 1680 2772 reverendumque

1860 1600 1878 1627 ἰ

352 1794 403 1830 15.
428 1795 483 1828 Ita
502 1805 569 1828 em.
595 1796 654 1836 R„
683 1797 915 1843 καμπαγίων
937 1795 1013 1831 τῶν
1035 1792 1128 1829 κατὰ
1155 1794 1231 1828 cod.
1258 1798 1296 1828 et
1318 1793 1374 1828 ed.
1859 1629 1878 2020 ἒ
