1878 3112
245 131 359 188 308
386 135 389 136 ’
528 146 887 193 οοΝεΤΑΝΤιΝι
925 145 1409 191 PORPHYROGENI'H
1437 194 1446 197 ‚⁷

242 249 485 305 τὸστέμμα
522 246 604 292 ἆπὸ
645 251 720 303 τῆς
747 249 931 305 κεφαλῆς
959 249 1117 302 αυ’τοῦ’,
1159 251 1233 291 καί
1268 250 1528 300 εἰσελθόντες
1553 247 1692 305 οἷμβε-

242 310 434 373 στήτορες
465 313 546 358 άπὸ
576 314 825 368 κελεύσεως,
856 314 1118 368 λαμβάνουσι
1148 315 1225 371 τὴν
1249 316 1454 370 χλανίδα,
1477 315 1550 358 καὶ
1576 318 1690 372 ἐξέρ-

238 398 408 439 χονται·
465 379 550 423 εἷθ’
578 377 707 430 οὕτως
734 381 948 435 ἐξέρχεται
976 379 998 422 ὃ
1026 380 1239 434 βασιλεὺς,
1269 384 1341 424 καί
1367 383 1593 434 καθέζεται
1620 381 1693 424 ἐπὶ
1725 415 1729 418 -

241 451 316 504 τῆς
342 450 481 501 τιμιάς
508 447 644 489 αὑτοῦ
670 448 876 503 τραπέζης
902 445 1006 499 μετὰ
1037 445 1113 488 καί
1139 446 1295 503 φίλων,
1324 443 1382 490 ὧν
1418 446 1590 502 κελεύει,
1618 451 1693 490 καί

241 513 426 565 ἀναστάς
454 511 536 555 ἀπὸ
566 515 641 554 τοῦ
669 512 896 568 κλητωριόυ
927 511 948 553 ὃ
975 510 1175 564 βασιλεὺς
1214 512 1288 555 καί
1320 511 1471 568 μικρὸν
1499 513 1715 560 &vanati-5

240 597 341 634 σας,
385 581 624 634 ἐκδέχεται,
667 579 818 635 μέχρις
857 573 910 621 ἂν
947 576 1000 621 τὰ
1040 579 1175 621 πάντα
1211 575 1520 634 ἑτοιμασθῶσιν
1557 581 1603 623 ἐν
1630 582 1690 640 τῷ

247 646 418 704 ἱππικῷ.

197 739 231 772 D
638 748 741 794 Περὶ
759 747 830 782 τοῦ
852 746 1019 783 δειλινοῦ
1046 746 1318 795 ἱπποδρομίαν.

351 843 455 891 Εἶτα
483 845 682 890 εἰσελθών
711 846 733 887 ὅ
763 848 837 901 τῆς
873 842 1159 897 καταπόσεως
1193 848 1318 901 δηλοῖ
1338 846 1396 903 τῷ
1415 846 1686 905 πραιποσίτῳ,
1712 888 1715 891 .

240 911 297 964 ὥς
321 910 387 956 ὅτι
408 911 573 956 ἅπαντα
587 911 731 966 ἕτοιμά
747 914 848 964 ἐστι,
868 911 940 953 καί
962 909 982 953 ὅ
1003 910 1273 966 πραιπόσιτος
1291 913 1415 966 δηλοῖ
1431 914 1489 969 τῷ
1509 915 1743 965 βασιλεῖ’-ω

239 980 261 1024 ὅ
285 982 331 1022 δὲ
350 978 551 1034 βασιλεὺς
574 981 785 1034 διέρχεται
807 977 877 1020 διά
899 979 972 1033 τῆς
993 979 1154 1033 λιθίνης
1176 977 1340 1030 σκάλας,
1368 978 1440 1020 καί
1459 979 1691 1034 εἰσέρχεται

238 1047 285 1088 ἐν
312 1049 371 1103 τῷ
398 1047 564 1087 κοιτῶνι
581 1045 723 1097 αὐτοῦ,
751 1046 826 1086 καί
844 1043 1141 1100 περιβάλλεται
1168 1043 1243 1099 τὴν
1262 1045 1444 1097 χλανίδα
1463 1044 1594 1086 αὐτοῦ
1617 1046 1692 1086 καί

237 1109 283 1154 τό
313 1113 480 1164 στέμμα
509 1110 612 1152 κατὰ
642 1109 688 1152 τὸ
733 1109 904 1164 εἰωθὸς,
950 1109 1022 1151 καί
1059 1107 1374 1165 δηριγευόμενος
1409 1108 1490 1152 ὑπό
1528 1126 1573 1152 τε
1605 1112 1689 1152 τῶν

240 1176 460 1233 ἀρχόντων
487 1178 560 1219 τοῦ
591 1175 884 1230 κουβουκλείου
901 1210 913 1228 ,
957 1177 1171 1230 διέρχεται
1210 1174 1279 1216 διά
1318 1178 1396 1217 τοῦ
1422 1177 1570 1218 στενοῦ
1595 1193 1689 1232 τρι-

240 1244 391 1288 κλίνου.
449 1241 520 1283 καὶ
547 1243 761 1297 ἐξέρχεται
788 1243 832 1283 ἐν
859 1242 918 1298 τῷ
940 1242 1102 1298 μεγάλῳ
1130 1241 1344 1299 τρικλίνῳ,
1383 1243 1429 1283 ἐν
1456 1236 1488 1298 ᾧ
1519 1241 1742 1299 ἀριστᾷ,ῐὸ

243 1308 315 1350 καί
340 1306 441 1358 στὰς
474 1310 605 1350 ἐκεῖσε
634 1303 724 1360 ἅμα
750 1308 833 1349 τῶν
869 1303 1084 1361 ἀρχόντων
1111 1308 1184 1347 τοῦ
1212 1306 1530 1360 κουβουκλείου,
1576 1306 1688 1348 νεύει

240 1375 299 1431 τῷ
329 1375 611 1430 πραιποσίτῳ,
641 1370 823 1422 κάκεῖνος
851 1374 908 1429 τῷ
935 1371 1147 1429 ὀστιαρίῳ,
1177 1370 1248 1412 καί
1269 1370 1424 1426 εἰσάγει
1445 1372 1688 1427 πατρικίους

45 1447 151 1485 ml„
167 1449 232 1484 180
244 1441 318 1482 καί
343 1437 626 1494 στρατηγούς,
655 1437 727 1479 καί
752 1437 1127 1492 προσκυνησάντων
1155 1435 1226 1478 τὸν
1251 1438 1452 1491 βασιλέα,
1481 1437 1687 1491 λαμβάνει

241 1508 374 1558 νεῦμα
405 1501 426 1545 ὃ
454 1502 726 1559 πραιπόσιτος
753 1500 867 1558 παρὰ
895 1503 972 1544 τοῦ
999 1502 1225 1556 βασιλέως,
1272 1502 1345 1544 καὶ
1383 1505 1493 1556 λέγει
1518 1500 1687 1557 »κελεύ-

244 1586 345 1614 σατε
357 1572 398 1623 ,”
425 1569 498 1612 καὶ
523 1566 682 1618 εὐθέως
710 1567 946 1620 ἐξελθόντες
975 1566 1054 1619 ἔξω
1078 1569 1152 1623 τῆς
1178 1566 1311 1622 πύλης
1339 1569 1383 1610 οἳ
1407 1585 1452 1609 τε
1478 1568 1741 1624 πατρίκιοιᾞ)

245 1636 318 1679 καί
344 1638 566 1692 στρατηγοί
591 1633 697 1688 μετὰ
726 1635 799 1689 τῆς
835 1633 1086 1689 συγκλήτου,
1136 1634 1322 1675 ἵστανται
1357 1632 1478 1676 ἔνθεν
1515 1634 1689 1676 κάκεῖσε.

245 1702 320 1745 καί
355 1704 433 1744 τοῦ
472 1702 677 1756 βασιλέως
704 1696 881 1750 ἑστῶτος
909 1701 953 1742 ἐν
978 1701 1028 1756 τῇ
1055 1698 1190 1756 πύλῃ,
1226 1699 1448 1742 πίπτουσιν
1479 1699 1519 1741 οἱ
1546 1715 1689 1756 προει-

247 1768 415 1825 ρημένοι
445 1764 635 1821 ἅπαντες,
661 1767 734 1809 καί
759 1764 1040 1819 ἀναστάντων,
1069 1763 1275 1821 λαμβάνει
1298 1767 1430 1820 νεῦμα
1459 1764 1481 1808 ὃ
1508 1763 1687 1822 πραιπό-

246 1934 407 1968 tuuicam
431 1940 578 1970 sumunt
602 1939 639 1969 et
669 1933 818 1970 abeunt,
865 1933 925 1969 Sic
949 1931 1081 1968 deinde
1105 1933 1305 1978 Imperator
1329 1931 1533 1978 egreditur,
1557 1937 1594 1965 et
1613 1942 1686 1965 una

249 1992 330 2014 eum
357 1982 502 2023 amicis,
533 1994 623 2028 quos
652 1983 800 2017 invitari
831 1983 960 2024 iussit,
980 1981 1208 2016 venerandae
1244 1991 1388 2013 mensae
1416 1990 1502 2012 suae
1523 1978 1684 2018 adsidet,

250 2034 442 2074 postquam
467 2040 487 2061 a
522 2030 686 2064 convivio
716 2029 872 2063 surrexit
899 2034 937 2062 et
961 2028 1151 2073 paululum
1182 2026 1341 2073 quievit,
1378 2025 1464 2059 dum
1486 2025 1620 2058 omnia>
1637 2024 1684 2057 ad

251 2085 429 2120 equorum
457 2074 856 2122 decursionemiparata
876 2073 973 2116 sint,
1000 2078 1192 2120 exspectat.

604 2187 649 2210 DE
674 2186 884 2211 vzsrzwruu
905 2186 1072 2216 :Quzsrnl
1099 2185 1324 2209 DECURSIORE-

341 2263 532 2304 Posthaec
554 2266 734 2312 ingressus
759 2266 1030 2300 cerimoniarius
1050 2265 1278 2311 praeposito,
1302 2263 1422 2296 omnia
1445 2267 1570 2308 parata
1592 2271 1682 2305 esse,

250 2313 421 2355 nuntiat,
451 2315 677 2359 praepositus
709 2314 943 2358 Imperatori:
970 2312 1033 2358 qui
1060 2322 1124 2357 per
1149 2310 1310 2356 lapideas
1338 2311 1448 2343 scalas
1479 2310 1682 2354 digressus,

251 2359 460 2396 cubiculum
487 2371 592 2394 suum
617 2361 748 2401 intrat,
784 2361 906 2393 tunica
929 2359 1097 2400 indutus,
1131 2369 1297 2391 coronam
1331 2369 1397 2402 pro
1427 2367 1527 2390 more
1553 2357 1682 2397 sumit,

251 2416 346 2452 aque
374 2406 564 2451 praefectis
604 2406 772 2440 cubiculo
798 2408 949 2452 stipatus
965 2431 974 2447 ‚
1007 2417 1072 2450 per
1097 2410 1287 2449 angustum
1317 2404 1517 2447 triclinium
1539 2402 1679 2436 transit.

251 2452 340 2486 Inde
365 2453 414 2486 ad
434 2464 600 2498 magnum
622 2453 838 2496 triclinium,
862 2452 926 2486 ubi
945 2453 1073 2498 epulae
1092 2452 1344 2492 instituuntur,
1370 2462 1442 2483 una
1465 2461 1544 2483 cum
1561 2449 1682 2482 omni-

249 2497 320 2532 bus
347 2499 506 2534 cubiculi
527 2500 719 2545 praefectis
738 2510 775 2532 se
798 2500 955 2540 confert,
981 2505 1017 2532 et
1036 2499 1243 2544 praeposito
1259 2524 1268 2539 ‚
1294 2498 1323 2529 is
1354 2498 1516 2537 ostiario,
1540 2496 1681 2541 signum

252 2544 336 2587 dat,
367 2552 406 2580 et
429 2547 600 2592 patricios
632 2558 674 2579 ac
699 2552 871 2591 strategos
904 2546 1073 2586 adducit,
1107 2546 1171 2591 qui
1208 2551 1398 2590 postquam
1425 2546 1682 2588 Imperatorem

250 2591 468 2636 adorarunt,
490 2595 735 2640 praepositus,
769 2595 870 2638 signo
899 2593 944 2626 ab
977 2603 1019 2625 eo
1049 2591 1152 2632 dato,
1179 2591 1284 2624 dicit:
1313 2592 1454 2631 Iubete,
1486 2590 1681 2633 statimque

249 2640 392 2682 patricii
414 2645 451 2673 et
472 2641 641 2685 strategi,
670 2645 768 2673 extra
786 2645 927 2684 portam
951 2639 1101 2685 egressi,
1121 2639 1292 2683 utrinque
1312 2637 1465 2670 adstant.
1513 2637 1554 2668 In
1575 2641 1681 2680 porta

249 2691 372 2719 autem
401 2688 621 2733 Imperatore
647 2686 835 2727 adstante,
874 2687 961 2719 dicti
989 2686 1111 2718 omues
1144 2685 1183 2718 in
1215 2691 1347 2718 terram
1370 2681 1583 2729 procidunt,
1615 2680 1682 2726 qui

247 2738 440 2780 postquam
466 2745 674 2776 surrexere,
704 2733 933 2780 praepositus
961 2734 1102 2779 siguum
1133 2731 1178 2764 ab
1208 2732 1427 2778 Imperatore
1454 2728 1606 2774 accipit,
1638 2735 1682 2758 ae

1104 2925 1135 2950 Ἲ
