1878 3112
303 93 421 163 404
539 113 546 117 ’
578 107 941 154 CONSTAN'rlm
981 108 1467 151 PORPHYROGENITI

251 224 254 225 ’
301 214 393 271 ἑξῆς
423 214 635 269 δεχόμεθα
667 228 715 255 σε
732 245 745 265 ,
775 209 848 252 καί
872 209 1097 266 nodet-923³
1153 211 1318 253 δίδοται
1346 205 1421 254 οὖν
1446 210 1642 266 μανδάτα
1683 211 1764 265 dn&

302 281 385 335 ὀψὲ
411 283 633 331 σιλέντιον,
663 278 737 319 καί
765 276 836 319 τὸν
866 275 1127 334 πρεσβευτήν
1157 279 1244 319 τῶν
1278 280 1463 333 Περσῶν
1488 278 1671 332 δέχεται.
1699 277 1773 320 καὶ

301 346 388 404 χρὴ
417 344 492 388 τὸν
529 344 874 397 ἆὸμισσιονάλιον
903 345 1044 385 ἐλθεῖν
1073 342 1147 385 καί
1186 345 1401 399 ἐρωτῆσαι
1433 345 1508 386 τὸν
1533 343 1766 400 μα’γιστρον

303 412 409 469 περὶ
435 412 518 453 τῶν
546 410 844 465 λαβαρησιὶον,
887 408 960 450 καί
988 408 1148 450 δίδοται
1176 407 1392 462 μανδάτα,
1431 411 1501 451 ἵνα
1529 409 1603 451 καί
1639 407 1767 452 mirol

301 474 626 532 ἀπαντήσωσιν,
666 477 739 517 καί
766 477 837 516 ὁέἴ
859 475 1006 529 στῆναι
1034 473 1192 523 αὐτούς
1221 475 1281 523 εἰς
1310 473 1412 525 τούς
1441 474 1596 525 τόπους
1624 471 1793 520 αὗτιὸνὸ

298 541 406 598 μετὰ
449 545 525 584 τοῦ
556 536 756 597 ἅρματος.
813 541 1095 597 προέρχονται
1123 542 1175 584 δὲ
1204 540 1354 591 πάντες
1384 540 1421 583 οἱ
1452 536 1651 596 ἄρχοντες
1678 534 1761 582 ἀπὸ

297 609 576 668 ὁλρσηρύτων,
617 606 691 649 καί
718 607 958 663 εἰσέρχεται
1001 607 1022 648 ὁ
1053 608 1247 662 πρέσβεις
1275 606 1347 649 διὰ
1385 609 1460 663 τῆς
1487 605 1647 664 ριγίας,
1689 604 1763 649 καὶ

298 677 467 729 δέχεται
507 673 640 716 αὐτὸν
680 672 704 714 ὅ
732 672 965 729 μάγιστρος
1007 675 1051 715 ἑν
1081 676 1134 730 τῇ
1164 675 1298 730 σχολῇ
1326 674 1487 727 ari-rofi,
1529 672 1603 715 καί
1627 675 1762 734 ἐρωτᾷ

259 739 440 794 Βαῦτύν,
469 741 510 782 εἰ
533 740 649 791 ξένια
678 738 767 794 ἔχει
795 742 871 781 τοῦ
897 741 1116 793 βασιλέως,
1147 739 1222 781 καί
1245 738 1329 794 χρὴ
1362 735 1488 783 αὐτὸν
1516 740 1620 782 ἰδεῖν
1648 740 1757 784 πάν-

295 826 376 861 τα,
407 808 507 862 πρίν
535 808 801 858 εἰσέλθωσιν,
830 804 902 846 καὶ
929 809 1072 859 λαβεῖν
1101 804 1177 862 τὴν
1204 809 1358 860 γνῶσιν
1388 803 1545 850 αὐτῶν.
1574 808 1646 848 καί
1672 808 1812 850 εἰσ-ιο

296 874 469 929 ἔρχεται
502 871 608 927 πρὸς
650 871 930 925 τὸνβασιλέα
962 871 983 913 ὁ
1016 871 1272 927 μάγιστρος,
1317 871 1389 914 καί
1415 868 1618 928 ἀναφέρει
1646 873 1762 931 αὐτῷ

268 986 270 988 ,
295 938 349 982 τοὶ
380 941 478 994 περί
502 940 583 980 τῶν
612 940 781 991 ξενίων,
826 937 1049 980 ἐπιδίδωσι
1079 940 1126 980 δὲ
1157 935 1272 996 αὐτῷ
1300 937 1375 979 καί
1400 936 1476 994 τὴν
1514 939 1678 992 γνῶσιν.
1737 932 1760 982 ὅ

296 1007 344 1047 δὲ
372 1006 556 1060 πρέσβης
586 1006 780 1057 ἀναμένει
809 1006 854 1046 ἐν
884 1006 936 1061 τῇ
978 1005 1116 1062 σχολῇ
1144 1007 1221 1046 τοῦ
1246 1006 1497 1060 μαγίστρου.
1553 1006 1625 1048 καί
1649 1006 1758 1060 μεθὸ

295 1072 509 1125 ὄεχθ-ὤσιν
534 1069 573 1112 οἱ
616 1065 817 1126 ἄρχοντες
857 1072 930 1112 καί
978 1072 1225 1113 εἰσέλθωσιν
1265 1072 1323 1119 εἰς
1350 1070 1396 1113 τὸ
1441 1067 1758 1128 κονσιστώριον,

296 1138 367 1178 δεῖ
389 1134 463 1177 τὸν
502 1135 846 1188 ἆδμισσιονάλιον
888 1134 961 1177 καί
986 1133 1086 1186 τούς
1111 1138 1451 1192 χαρτουλαριόυς
1477 1139 1559 1180 τῶν
1589 1135 1806 1191 βαρβά-Ιὸ

295 1218 383 1257 ρων
421 1202 496 1243 καί
519 1198 615 1250 τοὺς
655 1198 915 1256 ἑρμηνευτάς
961 1201 1187 1255 ἀναγαγεῖν
1229 1200 1300 1243 τὸν
1329 1204 1540 1257 πρέσβην,
1583 1202 1657 1244 καί
1683 1219 1758 1244 κα-

296 1271 423 1309 θίσαι
453 1266 579 1308 αὐτὸν
609 1268 654 1309 ἐν
681 1268 750 1324 τῷ·
769 1266 1167 1324 ἅντικονσιστωράρ,
1200 1268 1345 1309 ὁόὗναι
1375 1269 1420 1308 δὲ
1446 1266 1545 1318 τούς
1569 1283 1758 1325 xamen—-

299 1335 473 1389 λαρίους
501 1335 574 1375 καί
601 1329 857 1388 ἓρμηνευτιὶς
879 1331 1098 1389 κιτατώριν
1119 1335 1198 1374 τοῦ
1223 1334 1457 1388 μαγίσι-ρον
1487 1339 1575 1383 τοῖς
1601 1335 1756 1387 α’δμισ-

263 1399 552 1453 οσιοναλίοις,
581 1398 655 1441 καί
679 1397 733 1441 τὰ
763 1393 870 1442 ἄλλα
900 1400 1086 1457 γίνονται
1113 1397 1171 1449 ὥς
1202 1401 1248 1443 ἐν
1275 1398 1475 1458 σιλεντύρ.
1498 1397 1584 1457 χρὴ
1613 1400 1660 1442 δὲ
1686 1397 1755 1443 τὸν

293 1574 440 1608 parere.
489 1564 630 1598 Pariter
650 1565 852 1609 Imperator
873 1563 951 1609 ipse
975 1563 1095 1610 legato
1119 1564 1275 1597 salutem
1302 1574 1368 1609 per
1395 1557 1630 1596 decurionem
1650 1571 1749 1594 nun—

295 1610 365 1643 tiat
385 1615 422 1642 et
438 1609 531 1643 hanc
548 1622 647 1644 suam
666 1611 913 1645 voluntatem:
942 1612 1033 1646 Cras
1054 1621 1089 1646 te
1114 1613 1358 1658 excipiemus,·
1382 1611 1475 1645 veni
1497 1620 1595 1656 ergo.
1644 1609 1749 1643 Man-

297 1656 379 1688 data
400 1657 511 1701 igitur
530 1669 636 1703 eapse
654 1669 805 1703 vespera
824 1657 958 1691 dantur
975 1664 1012 1692 et
1028 1659 1258 1692 senatoribus
1275 1657 1645 1696 circumnuntiantur‚
1671 1665 1747 1687 cras

294 1703 373 1736 fore
397 1705 605 1746 silentium,
632 1705 867 1750 legatumque
890 1707 1076 1739 Persarum
1095 1717 1115 1738 a
1134 1707 1292 1739 Domino
1311 1702 1576 1750 excipiendum.
1602 1701 1747 1736 Admis-

296 1751 449 1783 sionalis
474 1751 586 1784 debet
613 1757 702 1784 tunc
724 1752 771 1784 ad
801 1753 1013 1797 magistrum
1053 1753 1225 1785 accedere
1273 1763 1430 1797 eumque
1452 1753 1675 1794 interrogare
1701 1748 1747 1782 (le

294 1797 570 1839 labarensibus,
599 1797 706 1843 [num
737 1804 774 1831 et
806 1805 898 1844 quot
924 1811 1076 1834 numero
1100 1801 1184 1833 illos
1213 1799 1339 1832 adesse
1369 1797 1500 1844 velit‚]
1538 1795 1745 1842 danturque

294 1844 463 1877 mandata
477 1871 486 1886 ‚
512 1846 621 1878 etiam
643 1846 726 1878 illos
749 1845 885 1879 debere
905 1846 1032 1879 adesse
1052 1853 1089 1881 et
1110 1848 1184 1880 suis
1203 1847 1243 1879 in
1261 1847 1350 1879 locIS
1369 1857 1449 1878 cum
1469 1843 1615 1877 armatis
1635 1848 1743 1876 stare.

293 1891 501 1926 Procedunt
527 1899 564 1926 et
590 1893 814 1927 conveniunt
837 1893 876 1926 in
902 1894 1023 1926 aulam
1044 1905 1211 1938 proceres
1235 1904 1358 1927 omnes
1382 1903 1426 1925 eo
1453 1891 1513 1924 die
1538 1890 1576 1923 in
1596 1889 1745 1922 holose-

294 1938 388 1971 ricis.
439 1940 594 1983 Legatus
629 1950 695 1984 per
730 1941 866 1984 regiam
897 1939 1075 1988 [portam]
1107 1942 1238 1984 intrat3
1271 1951 1380 1986 quem
1406 1938 1578 1982 magister
1609 1947 1673 1968 sua
1702 1936 1743 1968 in

294 1984 415 2017 schola
463 1987 601 2029 excipit
642 1987 935 2032 interrogatque,
972 1999 1059 2020 num
1095 1998 1216 2020 secum
1243 1987 1379 2020 habeat
1404 1994 1555 2018 munera
1579 1981 1659 2015 heri
1685 1982 1743 2015 sui

292 2034 441 2064 nomine
466 2033 680 2077 Imperatori
704 2033 911 2075 offerenda,
937 2034 1096 2075 addens,
1123 2045 1160 2066 sc
1183 2036 1303 2067 onmia
1327 2034 1391 2066 iila
1418 2033 1540 2076 prius,
1566 2040 1675 2074 quam
1701 2029 1743 2062 in

294 2084 525 2122 conspectum
551 2079 700 2112 Domini
721 2080 889 2121 veniant,
909 2081 1064 2113 lustrare
1099 2080 1232 2113 debere
1266 2088 1465 2123 eorumque
1493 2076 1741 2120 cognitionem

294 2135 436 2157 sumere
460 2136 522 2158 seu
543 2126 745 2158 indiculum
765 2128 950 2160 conficere.
1000 2126 1175 2161 Confecto
1197 2128 1262 2159 illo
1293 2127 1460 2170 negotio,
1487 2124 1600 2156 intrat
1625 2123 1741 2167 magi-

294 2178 367 2205 ster
400 2170 446 2204 ad
477 2174 701 2217 Augustum,
732 2172 780 2205 ad
807 2171 964 2218 eumque
987 2174 1032 2207 de
1054 2185 1244 2207 munerum
1269 2174 1429 2212 ratione,
1454 2180 1605 2203 numero
1626 2175 1739 2216 atque

292 2219 413 2264 pretio
441 2219 570 2260 refert,
596 2224 633 2251 et
658 2220 767 2251 simul
796 2220 1040 2264 cognitionem
1063 2231 1128 2253 seu
1149 2220 1351 2253 indiculum
1374 2217 1537 2263 porrigit.
1586 2216 1739 2256 Interim

291 2264 536 2310 praestolatur
564 2266 701 2310 legatus
727 2266 767 2298 in
792 2266 914 2299 schola
939 2267 1111 2312 magistri.
1172 2267 1352 2311 Deinceps
1379 2270 1421 2298 ut
1446 2264 1593 2297 admissi
1619 2274 1639 2295 a
1661 2263 1739 2296 Do-

292 2313 392 2345 mino
419 2323 584 2357 proceres
613 2313 837 2358 ingressique
861 2314 1011 2347 fuerunt
1032 2314 1308 2354 consistorium,
1335 2312 1472 2346 debent
1496 2310 1738 2343 admissiona-

291 2359 338 2391 lis
359 2364 396 2392 et
414 2358 626 2393 chartularii
647 2359 885 2394 barbarorum
909 2365 945 2393 et
962 2362 1179 2405 interpretes
1199 2362 1358 2406 legatum
1384 2370 1524 2392 sursum
1547 2357 1587 2403 [e
1612 2356 1738 2391 schola

291 2417 356 2452 per
381 2406 502 2438 aulam
527 2406 565 2439 in
588 2406 780 2454 palatium]
819 2407 950 2440 ducere
982 2413 1019 2441 et
1054 2409 1092 2440 in
1119 2407 1412 2441 anticonsistorio
1437 2405 1515 2452 [vel
1531 2404 1646 2446 atrio,
1669 2413 1737 2448 per

292 2453 394 2499 quod
419 2453 457 2485 in
484 2454 737 2486 consistorium
760 2454 932 2487 introitus
957 2455 1091 2501 patet‚]
1120 2454 1322 2499 deponere3
1346 2454 1416 2498 ipsi
1442 2459 1563 2486 autem
1588 2449 1737 2483 chartu-

292 2501 376 2534 larii
399 2505 436 2533 et
455 2501 673 2545 interpretes
701 2500 909 2534 citatorium
935 2501 994 2534 vel
1018 2501 1335 2534 commonitorium
1358 2499 1520 2544 magistri
1542 2496 1735 2530 admissio-

290 2548 438 2580 nalibus
459 2547 652 2589 exhibere3
677 2548 894 2593 reliquaque
922 2548 1016 2581 fiunt
1046 2554 1087 2582 ut
1113 2549 1152 2581 in
1182 2549 1340 2583 silentio.
1389 2549 1488 2580 inter
1507 2544 1598 2577 hacc
1618 2543 1735 2588 magi-

291 2599 366 2627 ster
387 2600 530 2639 paratos
549 2605 626 2626 esse
648 2593 754 2627 iubet
771 2594 981 2628 candidatos
999 2600 1154 2628 armatos
1175 2601 1212 2628 et
1225 2607 1356 2640 pueros
1370 2594 1563 2639 speciosos,
1579 2591 1734 2625 istorum

290 2642 551 2687 pedissequos3
575 2646 612 2673 et
640 2641 824 2684 egreditur
847 2642 1049 2686 Imperator
1074 2652 1094 2674 e
1121 2641 1311 2683 cubiculo,
1338 2642 1493 2686 stipatus
1515 2649 1536 2670 a
1555 2637 1733 2682 patricio,

291 2685 499 2734 residetque
527 2688 566 2722 in
593 2698 722 2734 magno
753 2689 992 2731 consistorio,
1022 2693 1060 2722 et
1087 2690 1227 2723 intrant
1251 2699 1438 2735 proceres,
1461 2690 1501 2722 in
1522 2683 1731 2727 atrabatieis
