1832 3112
288 92 324 145 6
570 99 924 151 CONSTANT1N1
962 105 1442 148 PORPHYROGENITI

290 210 365 250 καί
390 208 751 286 υπομιμνησκουσι
771 206 865 255 τοὺς
892 206 1094 256 δεσπότας
1119 208 1218 264 περὶ
1240 211 1312 263 τῆς
1338 204 1502 263 ἑορτῆς,
1530 205 1619 250 εἶτα
1643 217 1713 250 κε.

285 273 479 315 λεύουσιν
516 273 685 322 τούτους
713 273 751 314 οἱ
789 270 980 313 δεσπόται
1018 266 1193 326 αγεσθαι
1221 273 1292 314 ἐπι
1316 289 1390 328 την
1418 289 1566 328 αυριον
1604 271 1708 329 πρό-

287 354 427 380 κενσον
469 333 562 392 ἤτοι
595 339 848 393 προέλευσιν.
918 334 957 378 οἱ
996 338 1043 379 δὲ
1070 337 1325 393 ἐξερχόμενοι
1363 337 1550 392 ὁρίζουσι
1586 340 1714 381 πᾶσιν

286 409 371 452 τοῖς
397 405 474 445 τοῦ
501 401 812 456 κουβουκλείου,
853 400 1010 454 ὅμοίως
1035 403 1110 443 καί
1133 404 1191 461 τῷ
1219 403 1432 446 κατεπάνω
1459 404 1532 445 καί
1557 405 1615 460 τῷ
1642 405 1714 444 δο-

285 468 461 525 μεστίκῳ
489 469 571 509 τῶν
598 468 836 520 βασιλικῶν,
864 466 943 508 σύν
969 466 1132 516 τούτοις
1152 469 1198 509 δὲ
1226 469 1402 517 καὶτοῖς
1424 469 1523 511 δυσὶ
1549 466 1735 524 δημάρό

285 550 388 587 χοις·
426 533 724 574 ἀποστέλλουσι
764 534 812 574 δὲ
849 533 922 573 καί
947 531 1139 585 μανδάτα
1177 534 1232 589 τῷ
1272 549 1317 574 τε
1363 535 1589 591 δομεστίκῳ
1631 533 1714 576 τῶν

285 600 496 654 νουμέρων
535 595 607 638 καί
642 598 699 653 τῷ
739 596 885 652 κόμητι
929 598 1010 639 τῶν
1046 599 1241 650 τειχέων,
1286 596 1360 639 καὶ
1394 595 1536 648 ἅπλῶς
1571 599 1715 651 εἰπεῖν,

286 662 440 712 πάσαις
481 667 574 712 ταῖς
607 662 746 713 τάξεσι
787 661 861 703 καί
891 664 996 703 πᾶσι
1033 668 1121 710 τοῖς
1157 664 1362 718 σεκρέτοις
1401 663 1716 719 καταμηνύουσι

285 727 382 783 περὶ
419 730 491 782 τῆς
518 725 711 782 τοιαύτης
749 725 1049 783 προελεύσεως,
1087 729 1156 769 ἵνα
1185 724 1337 783 ἑκάστη
1376 725 1489 778 τάξις
1522 726 1593 769 καὶ
1617 729 1719 776 ἕκα-

289 809 386 834 στον
422 793 613 848 σέκρετον
649 790 752 834 κατά
788 790 863 846 την
892 792 1002 833 ἰδίαν
1028 791 1143 843 τάξιν
1179 792 1252 834 καὶ
1275 791 1378 835 κατὰ
1405 790 1478 834 τὸν
1504 791 1611 835 ἴδιον
1636 794 1768 839 τοῦιο

251 859 480 915 (ζσεκρέτου
523 857 652 900 τύπον
687 856 739 900 τά
778 853 919 906 αὐτοῖς
961 856 1193 913 ἁρμόζοντα
1227 858 1592 914 προευτρεπίσωσι.
1645 857 1719 901 καὶ

116 931 181 964 Με.
197 922 376 978 αιὼμὴν
403 922 474 964 καί
509 924 564 980 τῷ
593 920 767 980 ὑπάρχῳ
809 925 883 978 τῆς
909 921 1066 972 πόλεως
1091 922 1338 979 γνωρίζουσι
1375 925 1449 964 τοῦ
1475 922 1717 979 εὖτρεπίσαι

287 988 361 1030 καί
393 989 660 1043 ἀνακαθᾶραι
698 987 771 1043 τὴν
809 986 1025 1043 βασιλικὴν
1062 986 1227 1041 ἔξοδον,
1267 989 1313 1030 ἐν
1351 982 1378 1046 ᾖ
1416 991 1639 1042 μέλλουσιν
1676 986 1718 1029 οἶ

290 1053 486 1096 δεσπόται
514 1056 752 1108 προελθεῖν,
793 1056 864 1094 καί
890 1052 1025 1102 πάσας
1049 1051 1124 1103 τάς
1152 1054 1282 1095 ἐκεῖσε
1310 1051 1586 1109 εἷσφερούσας
1613 1057 1716 1094 λεω-

290 1120 446 1176 φόρους
473 1118 620 1172 ὁδοὺς,
648 1120 694 1160 ἐν
722 1115 788 1168 αἷς
814 1117 1012 1172 μέλλουσι
1036 1120 1282 1174 διέρχεσθαι
1310 1117 1350 1160 οἱ
1378 1117 1604 1172 δεσπόται,
1643 1116 1766 1163 διὰι5

289 1188 364 1228 τοῦ
403 1185 573 1236 πυξίνου
613 1183 845 1240 πρίσματος
882 1186 954 1226 καί
979 1187 1052 1239 τῆς
1076 1186 1121 1226 ἐκ
1148 1186 1295 1227 κισσοῦ
1322 1185 1394 1226 καί
1421 1184 1578 1240 δάφνης
1604 1179 1714 1239 μυῇ-

291 1250 408 1306 ῥίνης
445 1267 487 1292 τε
516 1251 587 1292 καί
614 1250 931 1306 δενδρολιβάνου
959 1251 1110 1304 ταύτην
1149 1256 1422 1303 κατακοσμεῖν
1461 1251 1533 1292 καί
1559 1244 1714 1302 ἄλλοις,

293 1313 371 1357 ὅσα
400 1315 423 1357 ὅ
463 1315 557 1356 τότε
597 1316 715 1371 φέρει
750 1313 918 1369 καιρὸς,
969 1311 1150 1356 εὖωδεσί
1167 1331 1212 1356 τε
1230 1331 1300 1356 και
1328 1313 1528 1363 ποικίλοις
1555 1309 1718 1356 ανθεσι.

295 1384 384 1438 (Β.)
419 1383 480 1437 Τῇ
503 1382 548 1422 δὲ
570 1381 782 1436 ἐπαύριον,
802 1395 928 1436 ηγουν
947 1382 997 1436 τῇ
1015 1381 1147 1438 ημέρα
1170 1397 1242 1435 της
1259 1376 1391 1435 αυτῆς
1413 1395 1568 1435 εορτης,
1585 1380 1716 1421 ἕωθεν

292 1449 452 1501 πρωΐας
476 1447 732 1500 εἰσέρχονται
761 1444 798 1487 οἱ
835 1443 1096 1501 πραιπόσιτοι
1132 1443 1234 1499 μετὰ
1271 1445 1405 1499 πάσης
1441 1446 1517 1500 τῆς
1559 1443 1768 1496 τάξεωςαο

292 1512 369 1551 τοῦ
397 1510 690 1564 κουβουκλείου
726 1526 784 1560 εις
811 1509 883 1552 τὸν
901 1510 1193 1565 καβαλλάριον,
1222 1527 1290 1552 και
1284 1508 1592 1560 ’καθέζονται
1571 1515 1714 1550 εκεῖσε.

246 1577 365 1618 nro&
408 1577 453 1616 δὲ
479 1574 658 1629 μεγάλου
686 1577 758 1617 καί
783 1577 985 1617 οἶκειακοῦ
1007 1575 1194 1617 παππιόυ
1225 1575 1466 1630 ἀνοίγοντος,
1505 1575 1716 1629 εισέρχον-

291 1657 382 1693 ται,
419 1657 489 1681 και
525 1641 771 1690 καθέζονται
807 1643 853 1683 ἐν
891 1643 948 1682 τῶ
987 1641 1098 1698 βηλω
1134 1635 1211 1681 τοῦ
1256 1641 1465 1693 πανθέου,
1516 1641 1589 1680 και
1635 1636 1718 1682 εἷθ’

294 1703 427 1754 οὕτως
455 1705 711 1760 εἰσέρχονται
737 1704 776 1747 οἱ
801 1705 1069 1762 βεστητορες,
1107 1708 1179 1748 καί
1205 1704 1372 1761 αἴρουσι
1397 1703 1471 1760 τὴν
1496 1704 1715 1761 μαισαῖκην

294 1768 447 1826 ῥάβδον
485 1770 566 1812 ἀπὸ
596 1772 671 1812 τοῦ
697 1771 914 1827 εὖκτηρίου
954 1773 1027 1813 τοῦ
1064 1771 1185 1825 ἁγίου
1227 1770 1447 1828 Θεοδώρου
1491 1772 1570 1812 τοῦ
1600 1765 1769 1821 onos-25

387 1893 417 1914 α.
443 1879 591 1917 τούτοις
614 1880 667 1914 ed.
766 1884 816 1916 16.
841 1883 904 1923 τῆς
926 1888 1009 1926 post
1031 1883 1108 1922 καὶ,
1135 1888 1172 1916 et
1195 1893 1234 1916 τε
1256 1889 1340 1929 post
1362 1881 1547 1928 μυρῥίνης
1567 1894 1634 1916 οιιι.
1659 1882 1716 1916 ed.

391 1928 440 1960 18.
468 1925 539 1959 ὅσα
563 1938 649 1960 corr.
674 1927 816 1968 Leich„
841 1926 946 1964 ὅσοις
964 1928 1020 1961 cd.
1045 1939 1097 1961 ex.
1123 1928 1199 1961 cod.
1271 1941 1324 1963 21.
1351 1930 1416 1961 καὶ
1439 1929 1574 1962 deest
1561 1940 1602 1963 ιιι
1636 1928 1718 1964 cod.

295 2021 487 2054 crastinum
518 2032 682 2066 pompam
726 2033 787 2054 seu
818 2023 1078 2066 processionem
1117 2029 1246 2068 parent
1284 2028 1320 2057 et
1357 2024 1716 2069 instituant.Eg1-e-

297 2067 437 2100 dientes
467 2068 522 2100 illi
554 2067 622 2101 hoc
655 2068 819 2100 omnibus
848 2068 1094 2110 cubiculariis,
1125 2071 1310 2112 capitaneo
1338 2071 1425 2103 item
1455 2076 1492 2104 et
1520 2069 1716 2106 domestico

296 2114 627 2156 Imperatoriorum‚
653 2113 792 2147 duobus
812 2119 996 2158 praeterea
1013 2094 1232 2156 demarchis,
1257 2116 1424 2150 edicunt.
1447 2117 1597 2150 mittunt
1609 2117 1720 2151 etiam

295 2159 460 2192 mandata
492 2165 568 2191 tum
601 2160 792 2193 domestico
823 2171 1068 2201 numerorum,
1090 2166 1167 2194 tum
1194 2163 1316 2195 comiti
1344 2173 1545 2202 murorum,
1583 2167 1639 2202 et,
1649 2165 1720 2195 ut

296 2205 452 2238 lnexiter
481 2204 616 2247 dicam,
642 2207 770 2239 officiis
795 2217 835 2238 ac
858 2208 1001 2239 secretis
1025 2206 1190 2239 omnibus
1218 2207 1425 2242 huiusmodi
1452 2207 1719 2252 processionem

298 2251 483 2291 indicant,
508 2257 547 2283 ut
568 2253 706 2297 singula
735 2252 854 2285 officia
884 2257 919 2285 et
953 2257 1087 2286 secreta
1128 2253 1323 2287 secundum
1357 2246 1542 2288 ordinem'
1546 2264 1649 2287 suum
1681 2257 1720 2286 et

296 2299 477 2340 propriam
511 2305 645 2331 secreto
676 2299 827 2331 formam
866 2309 954 2344 quae
988 2298 1074 2342 ipsis
1109 2300 1326 2332 conveniunt
1360 2304 1564 2344 procurent.
1610 2299 1716 2331 Prae·
1751 2337 1753 2339 ¹

298 2342 392 2376 fecto
419 2343 525 2375 etiam
551 2344 648 2377 urbis
674 2344 712 2377 id
735 2350 861 2377 notum
883 2345 1039 2384 faciunt,
1065 2350 1105 2377 ut
1123 2345 1216 2377 viam
1237 2346 1525 2389 Imperatoria111,
1550 2355 1619 2389 qua
1639 2344 1718 2377 Do-

298 2389 388 2421 mini
409 2391 607 2433 processuri
627 2395 729 2432 sunt,
755 2396 791 2423 et
822 2389 985 2434 publicas
1008 2401 1128 2423 omnes
1157 2390 1203 2423 ad
1232 2401 1324 2432 eam,
1349 2402 1419 2436 qua
1439 2391 1510 2435 ipsi
1529 2389 1718 2423 transituri

299 2441 402 2474 sunt,
445 2435 615 2468 ducentes
648 2442 855 2480 praeparet,
890 2441 1018 2481 purget
1061 2441 1096 2469 et
1131 2437 1298 2480 prismate
1347 2437 1464 2470 buxeo
1497 2435 1717 2481 heder-aque,

298 2481 419 2521 lauro,
444 2481 602 2524 myrrha,
647 2481 750 2515 thure
785 2487 821 2515 et
852 2483 953 2521 aliis,
991 2494 1079 2527 quos
1109 2487 1194 2515 tune
1225 2488 1364 2537 tenipus
1398 2483 1490 2523 fert,
1525 2481 1645 2515 odoris
1676 2491 1718 2514 ae

298 2527 484 2572 variegatis
512 2528 658 2560 floribus
681 2534 836 2561 exornet.
888 2527 982 2573 (11.)
1009 2529 1154 2562 Postero
1199 2539 1259 2560 seu
1287 2529 1364 2574 ipso
1393 2529 1483 2562 sesto
1513 2527 1572 2561 die
1599 2528 1716 2572 primo

299 2583 402 2605 mane
435 2574 629 2618 praepositi
663 2586 742 2608 cum
772 2574 954 2612 omuibus,
987 2575 1048 2619 qui
1078 2574 1122 2606 ad
1145 2574 1301 2607 cubiculi
1331 2574 1493 2608 ordinem
1520 2574 1717 2618 pertinent,

300 2619 529 2652 caballarium
559 2621 711 2660 intrant,
739 2625 774 2653 ct
789 2621 842 2652 ibi
865 2619 1059 2653 consident.
1076 2619 1202 2663 Magno
1225 2626 1343 2654 autem
1367 2627 1404 2654 et
1423 2620 1616 2654 domestico
1627 2629 1719 2664 papa

299 2664 472 2708 palatium
501 2667 704 2711 aperiente,
727 2667 863 2702 intrant
885 2665 1082 2711 sedentque
1114 2667 1152 2700 iu
1177 2667 1254 2700 velo
1287 2666 1452 2712 panthei:
1490 2664 1621 2700 deinde
1657 2674 1719 2702 ve*
