1878 3112
233 135 239 140 “
294 147 367 188 DE
405 142 663 188 mmor«,
710 139 890 184 Armua
926 137 1149 183 nYzAm.
1189 142 1244 182 11.
1273 140 1342 185 52.
1421 120 1526 194 781

99 249 179 290 τοῦ
205 243 427 298 δεσπότου,
455 246 530 287 καί
575 245 644 285 δεῖ
666 242 778 298 ἡμᾶς
803 240 1056 299 εὐτρεπίζειν
1082 242 1143 291 εἶς
1167 241 1435 289 συνεστίασιν,
1451 239 1536 280 τῶν

105 313 315 367 βασιλέων
343 309 427 355 α’πὸ
457 313 533 366 τῆς
564 307 719 361 τάξεως
745 309 828 351 τῶν
851 309 1116 364 μαγίστρων,
1142 307 1444 360 πραιποσίτων,
1472 303 1538 346 α’ν-

102 376 328 432 θυπάτων,
365 374 622 432 πατρικίων,
666 374 950 431 ὄφφικιαλίων
964 406 979 426 ,
1028 370 1137 426 πλὴν
1174 373 1259 413 ταῖν
1300 368 1538 423 εὐνούχων,

100 442 202 493 τούς
225 442 404 499 ἡμίσους
428 441 651 494 ἁπάντων,
699 438 772 481 καὶ
804 438 886 481 α’πὸ
923 441 997 494 τῆς
1034 436 1191 488 τάξεως
1214 438 1288 490 τῆς
1313 433 1393 477 {md
1430 450 1539 488 καμ-

74 508 252 564 5711}wa
277 503 529 563 συγκλήτου,
578 504 651 547 καὶ
691 507 775 547 τῶν
809 505 1075 559 ταγματικῶν
1110 498 1401 555 α’λλαξιμάτων
1427 498 1536 543 κατὰ

99 571 147 615 τὸ
170 571 300 614 ποσόν
322 572 396 627 τῆς
419 572 636 627 τραπέζης,
657 569 731 613 καί
748 567 929 625 εἰσάγειν
945 567 1055 623 μετὰ
1078 570 1163 610 τῶν
1184 566 1345 609 οἰκείων
1369 565 1538 617 ἅλλαξιυ

36 662 41 666 -
100 636 246 691 μάτων
271 637 347 679 καί
365 635 606 691 χλανιδίων,
621 635 719 686 τούς
747 636 795 676 δὲ
820 634 991 683 λοιπούς
1019 630 1208 682 ἅπαντας
1234 630 1452 686 ταμιεύειν
1478 631 1652 680 εἷςΕὼΙ..
1664 639 1731 684 45²

98 701 303 760 χόρευσιν
341 703 414 758 τῆς
448 704 589 758 χαρᾶς
623 703 698 745 τοῦ
735 697 954 743 δεσπότου.
1007 697 1140 756 κύκλῳ
1176 696 1259 754 γὰρ
1297 693 1540 753 χορεύοντες
1574 736 1579 740 .

101 767 214 823 μετὰ
239 770 412 825 χρυσῶν
439 770 664 824 θωρακιων
702 765 800 816 τούς
837 766 1032 815 ἐπαίνους
1074 765 1271 806 πλέκουσι
1306 764 1391 806 τῶν
1419 763 1540 805 εὗσε-

50 835 188 889 ιοβόν
213 834 441 886 δεσποτῶν,
471 835 543 874 καί
563 835 726 875 δίδοται
751 833 879 874 πᾶσιν
907 830 1152 888 φιλοτιμίας
1180 831 1335 885 δῶρον,
1374 829 1540 884 χρυσοῦ

85 901 236 956 ’λίτραι
262 899 330 954 ις’,
375 897 448 942 καὶ
483 900 724 953 διανέμεται
761 900 867 940 πᾶσι
906 894 1022 952 παρὰ
1051 897 1129 938 τοῦ
1167 897 1537 952 πρωτομαγίστρου

97 964 172 1007 καὶ
206 967 282 1007 τοῦ
313 966 537 1018 βασιλικοῦ
588 965 833 1020 α’ρτοκλίνου
873 961 978 1005 κατὰ
1015 959 1146 1004 τύπον
1182 963 1267 1003 τῶν
1306 962 1405 1002 καθ’
1429 957 1540 1015 ἡμᾶς

97 1029 348 1072 κωνδακίων.
402 1030 455 1086 τῇ
482 1031 530 1072 δὲ
556 1030 730 1087 ἐπιούσῃ
758 1028 894 1086 ἡμέρᾳ
919 1031 1099 1070 τελεῖται
1123 1024 1336 1080 ἑπομένως
1366 1024 1536 1069 ἱππικὸν

97 1093 375 1150 ἱπποδρόμιον
391 1127 405 1148 ,
442 1094 526 1144 ,καὶ
561 1097 807 1150 προτίθεται
844 1093 889 1136 τὸ
929 1091 1153 1149 κληταὶριον
1179 1090 1252 1134 ἐπὶ
1273 1093 1353 1134 τοῦ
1379 1094 1538 1148 τρικλί-

48 1171 174 1213 ς5νου
197 1162 286 1203 τῶν
311 1159 604 1213 καθισμάτων,
649 1158 724 1202 καὶ
757 1160 1060 1214 συγκαλοῦνται
1097 1158 1158 1206 εἷς
1194 1158 1455 1200 συνεστῶσιν
1480 1159 1572 1216 τῷΒ

96 1230 270 1281 βασιλεῖ
289 1227 404 1282 φίλοι
429 1223 536 1267 κατὰ
552 1224 623 1268 τὸν
649 1227 695 1267 ἐν
720 1231 807 1275 τοῖς
825 1223 1142 1280 ἱπποδρομικοῖς
1167 1224 1413 1279 κλητωριόις
1433 1240 1537 1278 γρα-

97 1293 227 1348 φέντα
267 1289 408 1337 τύπον.
461 1293 512 1348 τῇ
550 1292 598 1334 δὲ
642 1289 763 1348 ὀγδόῃ
801 1293 876 1333 τοῦ
915 1292 1197 1346 Σεπτεμβρίου
1240 1287 1373 1345 μηνὸς
1398 1288 1534 1348 ἡμέρᾳ

92 1360 272 1399 τελεῖται
306 1358 549 1411 προέλευσις
585 1358 668 1399 τῶν
694 1359 916 1411 γενεθλίων
951 1357 1024 1410 τῆς
1051 1354 1283 1411 ὖπεραγίας
1322 1355 1540 1409 δεσποίνης

94 1422 214 1476 ἡμῶν
243 1419 447 1464 Θεοτόκου
476 1423 547 1463 καί
572 1418 850 1477 ἇειπαρθένου
880 1422 1087 1476 Μαρίας,
1134 1419 1209 1461 καί
1250 1422 1529 1476 προέρχονται
1540 1436 1729 1475 maffia

40 1486 139 1531 20⁰3
162 1490 352 1540 βασιλεῖς
378 1485 625 1543 ἐμπράττως
650 1485 755 1540 μετὰ
783 1487 919 1541 πάσης
947 1489 1022 1541 τῆς
1047 1485 1274 1542 συγκλήτου
1307 1487 1352 1527 ἐν
1370 1486 1429 1543 τῷ
1449 1488 1537 1545 ναῷ

93 1553 169 1606 ι’·ἧς
208 1552 331 1606 ἁγίας
378 1553 586 1594 Θεοτόκου
637 1555 722 1594 τῶν
762 1554 1105 1607 χαλκοπρατίων,
1170 1550 1244 1592 καί
1290 1553 1536 1606 τελουμένης

95 1618 174 1673 τῆς
198 1617 316 1674 ἱερᾶς
339 1619 618 1673 λειτουργίας,
656 1617 913 1674 ύποστρέφει
943 1615 976 1664 ὅ,
992 1614 1194 1672 βασιλεύς
1221 1615 1400 1673 ἔφιππος
1426 1615 1532 1671 μετὰ

93 1783 226 1819 resque
264 1771 486 1807 merentibus
519 1773 714 1816 collatum5
755 1784 828 1819 quo
861 1773 957 1807 sacto
1004 1785 1125 1808 rursus
1164 1772 1358 1808 instruitur
1390 1783 1530 1807 sacrum

95 1821 321 1860 convivium,
353 1819 402 1852 ad
434 1819 534 1865 quod
569 1820 762 1853 invitamus
805 1818 963 1854 delectos
1002 1820 1047 1854 de
1091 1821 1218 1855 ordine
1259 1821 1531 1864 magistrorum,

94 1867 404 1911 praepositorum,
430 1867 706 1910 proconsulum,
731 1866 987 1910 patriciorum,
1042 1867 1255 1901 officialium
1297 1873 1441 1912 praeter
1465 1878 1530 1900 eu-

94 1911 236 1945 nuchos
273 1913 434 1945 omnium
453 1938 464 1953 ‚
492 1911 555 1946 sed
580 1912 747 1946 ordinum
773 1919 915 1946 tantum
938 1919 1079 1959 partem
1104 1914 1313 1959 dimidiam3
1341 1913 1386 1947 de
1409 1919 1528 1947 cetero

96 1959 280 2004 campagia
306 1963 451 2004 gerente
474 1963 601 1991 senatu
626 1964 663 1991 et
685 1959 905 1993 militaribus
938 1960 1087 1994 urbanis
1113 1960 1380 2007 magistratibus
1410 1966 1529 1994 muta-

94 2006 192 2040 toria
228 2006 437 2050 gerentibus
482 2010 664 2051 quotquot
686 2016 810 2039 mensa
843 2007 952 2051 capit.
1000 2008 1046 2040 Hi
1081 2008 1155 2042 suis
1186 2009 1226 2040 in
1257 2007 1463 2041 mutatoriis
1492 2011 1530 2041 et

94 2052 231 2086 tunicis
258 2051 549 2085 introducuntur.
598 2051 770 2096 Reliquos
794 2058 915 2085 autem
950 2064 1074 2088 omnes
1110 2065 1330 2088 reservamus
1362 2053 1407 2088 ad
1441 2053 1529 2087 cho-

94 2108 213 2138 ream,
238 2109 332 2145 quae
357 2097 583 2131 exhilarandi
608 2098 756 2131 Domini
792 2099 906 2134 nostri
933 2101 1047 2145 gratia
1078 2102 1291 2135 instituitur.
1338 2102 1381 2134 In
1404 2101 1529 2134 orbem

94 2144 137 2178 hi
160 2144 325 2178 saltando
350 2146 468 2178 aureis
492 2145 531 2178 in
555 2144 763 2179 thoracibus
796 2147 947 2191 peplum
970 2148 1084 2181 veluti
1118 2147 1268 2181 laudum
1290 2147 1362 2194 piis
1394 2147 1526 2180 nostris

94 2191 262 2224 Dominis
294 2195 351 2224 tot
384 2202 511 2225 vocum
548 2197 621 2225 tam
652 2192 751 2224 vario
783 2197 822 2225 et
862 2203 937 2226 non
965 2193 1153 2228 desinente
1189 2200 1363 2229 concentu
1386 2198 1525 2229 texunt·

95 2237 163 2270 Pro
187 2247 261 2281 quo
283 2237 404 2271 studio
429 2238 611 2283 accipiunt
635 2237 777 2271 donarii
803 2239 950 2274 nomine
985 2241 1063 2274 auri
1086 2242 1186 2276 litras
1220 2242 1397 2284 sedecim;
1435 2250 1528 2286 quae

95 2282 193 2316 inter
214 2283 311 2327 ipsos
334 2295 355 2316 a
377 2285 652 2330 protomagistro
678 2290 715 2317 et
746 2285 844 2331 regio
878 2287 1054 2321 artoclino
1098 2290 1294 2324 secundum
1336 2287 1528 2320 formulam

96 2334 136 2362 et
161 2331 418 2375 praescriptum
443 2331 606 2366 codicem
631 2331 775 2375 collegii
800 2333 916 2366 nostri
942 2333 1219 2374 distribuuntur.
1260 2337 1441 2379 Sequente
1466 2332 1526 2365 die

96 2375 287 2421 perficitur
320 2379 493 2423 consequi
527 2378 729 2422 praedictas
760 2376 962 2413 hilaritates
995 2382 1114 2415 solens
1145 2389 1324 2416 certamen
1348 2380 1526 2425 equestris

100 2431 247 2460 cursus,
277 2426 314 2455 et
336 2429 586 2467 proponuntur
612 2425 742 2469 epulae
766 2423 806 2458 in
829 2426 989 2460 triclinio
1014 2428 1280 2468 cathismatum,
1307 2432 1344 2460 et
1366 2427 1527 2460 invitan-

96 2472 159 2500 tur
198 2467 244 2499 ad
286 2469 545 2503 convivandum
569 2471 724 2504 Domino
759 2471 886 2511 amici,
911 2483 1001 2518 quos
1026 2476 1157 2508 rituale
1179 2475 1338 2518 postulat
1369 2472 1414 2506 ad
1440 2483 1526 2506 con-

97 2513 196 2548 vivia
230 2514 270 2547 in
304 2515 532 2560 equestribus
568 2518 703 2550 talibus
736 2518 915 2551 exercitiis
938 2520 1159 2556 instituenda
1185 2520 1341 2554 invitari.
1388 2521 1524 2554 Octavo

100 2560 162 2593 die
199 2559 422 2604 Septembris
453 2565 636 2608 peragitur
670 2563 851 2608 processio
888 2565 936 2598 ob
966 2568 1123 2600 natalem
1151 2567 1247 2599 diem
1279 2566 1525 2600 sanctissimae

98 2606 269 2639 dominae
294 2613 437 2642 nostrae
462 2610 713 2656 Deigenitricis
738 2616 775 2644 et
807 2620 946 2656 semper
977 2614 1123 2659 virginis
1154 2613 1317 2657 Mariae3
1350 2625 1422 2658 qua
1451 2613 1525 2646 Im-

98 2657 286 2696 peratores
320 2653 361 2688 in
390 2665 517 2700 magna
549 2667 680 2702 pompa
705 2667 785 2690 cum
807 2661 886 2689 toto
912 2666 1038 2694 senatu
1064 2660 1110 2692 ad
1133 2659 1304 2702 templum
1331 2659 1365 2693 S.
1389 2660 1525 2704 Deipa-

99 2708 163 2733 rae
201 2697 523 2747 chalcopratiornm
558 2702 769 2748 procedunt.
826 2701 899 2738 Ubi
924 2710 1117 2753 postquam
1141 2705 1237 2741 finiit
1258 2716 1439 2741 sacrorum
1464 2706 1524 2742 of-
