1878 3112
301 96 414 170 498
590 114 850 155 APPEme
892 111 966 152 AD
1005 113 1212 154 Limum
1249 114 1461 156 mumma

303 215 456 264 αὐτοῦς
483 216 694 270 τριβοῦνοι
722 214 794 255 καί
819 211 1014 269 κόμητες,
1058 213 1204 263 πάντες
1229 213 1331 268 μετὰ
1363 218 1521 258 λευκῶν
1546 218 1735 272 χλανιδί-

303 299 361 324 ων
388 282 459 322 καί
484 281 620 334 κηρῶν
648 277 763 330 δεξιὰ
793 281 866 321 καί
892 276 1096 336 ἇριστερὰ
1125 278 1349 334 ἱστάμενοι,
1378 282 1452 324 καί
1468 285 1554 335 μετ’
1584 283 1736 334 αὖτοὺς

301 345 605 400 μαγιστριανοί,
633 341 922 400 φαβρικήσιοι,
951 344 1066 396 τάξις
1091 347 1174 388 τῶν
1196 344 1395 402 ἐπάρχων
1417 348 1491 390 καί
1507 351 1588 390 τοῦ
1606 349 1737 405 ἐπάρ-

299 427 397 465 χου,
424 409 735 465 ἆργυροπρᾶται
765 412 836 452 καί
865 408 1016 460 πάντες
1037 415 1366 466 πραγματευταί,
1394 412 1468 455 καί
1485 415 1568 456 πᾶν
1587 415 1738 471 σύστη-

299 493 386 529 μα,
431 476 504 517 καί
531 475 673 524 ἁπλῶς
701 475 783 517 α’πὸ
812 478 889 518 τοῦ
917 480 1166 520 καπιτωλίου
1203 480 1332 535 μέχρι
1373 481 1445 534 τῆς
1477 483 1637 535 χαλκῆς
1663 482 1763 524 τοῦ5

259 542 500 582 Βπαλατίου
531 539 664 583 πάντα
694 541 982 598 ἐπεπλήρωτο,
1027 539 1134 585 ὥστε
1160 543 1278 596 μόλις
1305 543 1544 600 προβαίνειν
1570 545 1645 589 τὸν
1670 547 1741 589 ἳπ-

300 621 379 648 πον
406 608 483 647 τοῦ
509 608 729 660 βασιλέως.
783 605 841 656 ὥς
869 608 914 648 δὲ
944 609 1072 663 εἷσείη
1101 607 1178 665 τήν
1206 610 1366 666 χαλκην
1392 609 1415 652 ὅ
1442 609 1660 665 βασιλεὺς,
1698 610 1742 654 ἔ-

301 688 376 726 στη
407 670 429 712 ὃ
459 671 834 725 ἆὸμισσιωνάλιος,
861 671 969 727 ἔχων
995 673 1066 716 τὸν
1096 677 1368 731 πρωτίκτωρα
1392 677 1465 718 καί
1484 675 1553 719 τὸν
1577 679 1740 732 θριαμ-

302 735 468 791 βευτήν,
498 737 571 778 καὶ
595 737 764 793 ἔκραξεν
790 737 834 780 τὸ
862 737 1235 795 θριαμβευτάλιον.
1300 738 1408 783 οὕτω
1445 740 1525 796 γὰρ
1555 744 1740 785 συνεῖδεν

302 804 499 857 γενέσθαι
539 802 562 843 ὅ
598 804 826 859 μάγιστρος
867 803 937 846 διὰ
977 803 1023 846 τὸ
1062 804 1120 861 μὴ
1158 807 1426 861 εἰσέρχεσθαι
1461 805 1536 849 τὸν
1562 809 1795 861 βασιλέαιο

306 866 377 909 διὰ
407 870 481 923 τῆς
515 870 677 924 χρυσῆς
714 868 881 926 πόρτης.
938 869 1086 921 πάντες
1126 872 1171 913 δὲ
1210 871 1248 914 οἱ
1278 866 1472 927 ἄρχοντες
1498 871 1572 915 καί
1596 875 1742 930 πατρί-

300 949 386 975 κιοι
426 931 665 985 πεζεύοντες
710 931 792 976 ἆπό
826 937 913 982 ,τῶν
944 932 1217 979 Ἀποστόλων
1245 937 1546 994 ἐδηρίγευσαν,
1592 940 1667 981 καὶ
1701 938 1742 981 οἶ

302 997 636 1055 κουβικουλάριοι
663 998 901 1053 πεζεύοντες
930 998 1233 1059 ἧκολούθησαν.

346 1121 395 1155 Ἥ
422 1113 500 1155 α’πό
525 1122 592 1155 τοῦ
618 1122 817 1168 φοσσιὲτου
847 1122 940 1169 μετᾰ
975 1124 1083 1166 νίκης
1106 1117 1293 1163 ἐπᾶιῗοδος
1316 1127 1515 1160 Βασιλείου
1537 1127 1609 1161 τοῦ
1629 1139 1694 1174 φι-

261 1184 290 1218 c
481 1180 685 1226 λοχρίστου
708 1182 890 1225 βασιλέως
912 1179 990 1215 ἀπὸ
1018 1183 1207 1229 Τεφρικῆς
1223 1185 1286 1217 καὶ
1299 1185 1561 1230 Γερμανικίας.
1749 1184 1797 1225 15

418 1271 503 1310 Τοῦ
541 1270 748 1321 βασιλέως
783 1267 1083 1319 ἐπανελθόντος
1122 1271 1225 1323 μετὰ
1265 1272 1379 1326 νίκης
1407 1270 1490 1313 α’πό
1519 1274 1595 1314 τοῦ
1623 1275 1745 1314 πολέ-

301 1349 384 1387 μου
421 1336 626 1390 Τεφρικῆς
653 1334 727 1376 καί
751 1337 790 1377 Γ
789 1338 1052 1390 ερμανικίας,
1083 1337 1329 1390 διεπέρασεν
1356 1338 1429 1378 ἐπὶ
1452 1336 1506 1379 τὰ
1541 1339 1673 1394 'Helu
1699 1339 1745 1380 ἐν

302 1402 359 1457 τῷ
385 1397 551 1457 ἑβδόμῳ
568 1435 580 1454 ,
627 1398 925 1457 ὑπαντησάσης
965 1402 1081 1459 αυ’τῷ
1120 1403 1253 1443 ἐκεῖσε
1283 1401 1448 1458 ἁπάσης
1474 1403 1638 1459 ἡλικίας
1663 1406 1745 1446 τῶν

303 1468 380 1520 τῆς.
404 1465 564 1515 πόλεως
605 1465 708 1519 μετὰ
755 1465 972 1523 στεφάνων
1013 1469 1099 1510 τῶν
1136 1469 1181 1517 ἐξ
1209 1469 1372 1511 α’νθέων
1397 1469 1471 1511 καὶ
1503 1467 1642 1525 ῥόδων
1667 1486 1744 1512 κα-

1079 1530 1093 1545 ζ

303 1532 663 1584 τεσκευασμένων.
718 1530 918 1583 ὡσαύτως
957 1532 1032 1577 καί
1067 1550 1093 1589 η
1138 1532 1365 1590 σύγκλητος
1402 1537 1517 1578 πᾶσα
1555 1535 1582 1590 ἦ
1620 1536 1666 1578 ἐν
1691 1535 1798 1592 τῇςο

402 1650 452 1684 ¹7-
478 1639 631 1673 ΣΧΟΑ.
661 1638 790 1686 ἱερίας.

302 1727 458 1757 tectores
486 1728 524 1756 et
549 1729 685 1768 septem
718 1724 886 1769 scholae3
919 1729 1003 1771 post
1038 1737 1099 1760 eos
1124 1726 1263 1760 tribuni
1297 1731 1334 1760 et
1358 1727 1530 1770 comites,
1555 1738 1679 1762 omnes
1703 1729 1744 1763 in

304 1770 466 1803 candidis
487 1772 618 1804 tunicis
646 1776 683 1804 et
702 1782 823 1805 cereos
849 1777 1048 1817 gestantes,
1084 1775 1244 1807 seriatim
1279 1773 1324 1807 ad
1348 1775 1508 1808 dextram
1525 1775 1669 1820 plateae
1693 1774 1745 1808 si-

302 1818 525 1863 nistramque
557 1823 710 1861 stantes3
748 1825 831 1863 post
855 1830 915 1852 eos
941 1821 1186 1864 magistriani,
1211 1821 1453 1863 fabricenses‚
1478 1822 1566 1856 ordo
1591 1834 1653 1855 seu
1679 1833 1744 1868 ap-

303 1865 436 1907 paritio
467 1864 731 1908 praefectorum
758 1867 911 1910 [nempe
935 1867 1241 1915 praetoriorum]‚
1279 1873 1316 1901 et
1353 1868 1527 1913 praefecti
1559 1869 1744 1912 [Urbis],

304 1911 481 1944 aurifabri
515 1916 552 1943 et
596 1923 719 1945 omnes
744 1913 988 1956 negotiantes,
1014 1925 1120 1947 omne
1144 1927 1272 1960 corpus
1297 1919 1361 1947 aut
1385 1916 1594 1960 collegium;
1617 1915 1742 1955 verbo,

304 1967 325 1988 a
354 1957 534 2001 Capitolio
560 1958 645 1991 inde
671 1970 785 2004 usque
818 1959 863 1991 ad
888 1959 1039 1993 chalcen
1063 1961 1190 2004 palatii
1217 1960 1383 2007 [portam]
1420 1962 1528 2006 plena
1551 1961 1740 1994 hominum

306 2008 410 2036 erant
441 2006 581 2045 onmia,
627 2004 715 2038 adeo
755 2011 797 2038 ut
826 2008 886 2039 vix
916 2017 1073 2051 gressum
1099 2017 1310 2050 promovere
1336 2013 1458 2050 posset
1482 2018 1596 2052 equus
1620 2008 1740 2052 Impe-

303 2051 443 2082 ratoris.
495 2051 534 2082 In
567 2050 716 2085 chalcen
751 2052 898 2084 tandem
920 2057 961 2083 ut
987 2057 1153 2093 venerat,
1186 2053 1393 2086 offendebat
1416 2053 1470 2086 ibi
1495 2058 1648 2086 stantem
1673 2054 1740 2087 ad-

301 2096 565 2136 missionalem,
591 2099 654 2142 qui
678 2109 759 2130 eum
783 2099 891 2130 titulo
916 2099 1130 2142 protectoris
1166 2104 1203 2131 et
1227 2098 1498 2143 triumphatoris
1523 2100 1741 2144 excipiebat,

305 2147 341 2174 et
365 2142 458 2174 clara
482 2153 566 2174 voce
594 2155 735 2177 carmen
763 2144 982 2187 triumphale
1009 2146 1065 2187 [Io
1091 2144 1288 2191 triumphe]
1323 2145 1482 2178 canebat.
1530 2146 1584 2179 lta
1609 2157 1741 2191 nempe

305 2187 532 2221 ordinaverat
551 2189 728 2233 magister,
752 2195 793 2222 ut
819 2190 1145 2235 fleret‚'propterea
1171 2191 1270 2237 quod
1293 2192 1491 2235 Imperator
1508 2203 1572 2237 per
1595 2203 1743 2226 auream

303 2240 444 2279 portam
486 2235 663 2277 ingressus
703 2246 776 2267 non
809 2235 948 2269 fuisset.
1008 2238 1139 2270 Omnes
1178 2242 1296 2269 autem
1324 2237 1513 2271 archontes
1532 2245 1568 2272 et
1598 2240 1741 2284 patricii

303 2280 459 2326 pedibus
478 2286 603 2313 euntes
629 2283 847 2326 stipaverant
872 2283 1102 2328 Imperatoris
1121 2284 1524 2330 lateraaSS.Apostolis
1543 2285 1647 2329 inde;
1673 2297 1739 2318 cu-

304 2327 473 2361 bicularii
493 2338 594 2368 vero,
622 2330 729 2362 etiam
755 2328 916 2373 pedites,
943 2330 1105 2363 obsecuti
1131 2330 1283 2364 fuerant.

381 2424 605 2452 Vlc‘romosus
631 2431 649 2450 E
679 2428 812 2451 CASTms
851 2428 944 2452 APUD
969 2431 1162 2453 Turnnlcrm
1188 2431 1228 2453 ΒΤ
1254 2431 1490 2454 enmumcuu
1513 2433 1658 2456 nunnus

633 2486 759 2509 iusim!
790 2487 962 2515 cnms'rum
995 2487 1144 2511 AMAurls
1169 2488 1406 2511 mPERA'roms.

397 2557 595 2602 Imperator
618 2567 697 2588 cum
723 2555 873 2588 victoria
897 2556 934 2588 in
955 2556 1086 2589 Urbem
1107 2555 1250 2589 rediens
1279 2569 1298 2589 e
1321 2556 1452 2590 bellica
1481 2557 1648 2591 adversus
1666 2557 1742 2590 Te-

303 2602 454 2647 phricen
485 2610 521 2637 et
551 2602 813 2636 Germaniciam
842 2603 1074 2647 expeditione
1116 2603 1322 2637 traiiciebat
1350 2616 1394 2637 ex
1429 2605 1582 2638 Asiatico
1607 2603 1739 2650 palatio

305 2649 450 2683 moriae
470 2651 506 2683 in
526 2649 772 2689 hommum,
807 2648 869 2682 ubi
895 2650 1011 2683 omnis
1047 2656 1144 2683 aetas
1174 2649 1309 2683 urbana
1336 2651 1403 2695 ipsi
1426 2649 1637 2684 occurrebat
1659 2659 1740 2682 cnm

306 2698 450 2732 corollis
475 2707 494 2729 e
517 2698 607 2731 rosis
634 2697 789 2743 aliisque
823 2696 972 2731 floribus
1009 2698 1194 2731 consertis.
1244 2697 1384 2731 Ibidem
1413 2707 1558 2745 quoque
1581 2696 1741 2741 excipie-
