1884 3112
860 0 896 35 Ι

292 93 309 126 1
322 72 396 128 68
550 88 909 133 coNsrAmmr
956 87 1444 132 PORPHYROGENJTI

281 193 354 234 τοῦ
378 192 584 245 βασιλέως
603 193 648 234 ἒν
671 193 730 250 τῷ
750 191 891 248 μιλίῳ,
922 190 1114 245 δέχονται
1140 187 1269 234 αὐτὸν
1298 190 1336 233 οἶ
1361 193 1434 234 τοῦ
1459 193 1616 248 μέρους
1637 191 1722 236 τῶν

281 260 483 310 Βενὲτων,
510 258 693 311 λέγοντες
721 255 774 297 τὰ
803 255 908 298 κατὰ
937 254 1164 312 συνήθειαν
1195 254 1336 306 αὖτοῖς
1367 252 1495 311 ἔκτα,
1524 254 1546 298 ὅ
1574 260 1621 300 δὲ
1646 257 1723 314 δῆ-

279 320 466 378 μαρχος,
514 321 789 377 κρατούμενος
819 321 902 363 ὑπὸ
939 323 1016 364 τοῦ
1040 324 1114 379 τῆς
1141 322 1453 376 καταστάσεως,
1491 323 1722 380 ἀπέρχεται

281 387 387 444 πρὸς
409 386 481 430 τὸν
508 389 709 442 βασιλέα,
747 389 819 430 καί
843 385 1139 441 ἀσπασάμενος
1164 387 1260 438 τούς
1283 388 1416 439 πόδας
1446 389 1574 431 αὐτοῦ
1587 423 1599 442 ,
1630 391 1722 431 ἐπι,1

237 467 264 501 Β
284 456 455 497 δίδωσιν
491 453 604 510 αὐτῷ
636 451 908 510 λιβελλὰριον.
975 456 1046 496 καί
1085 456 1322 505 τελέσαντος
1365 457 1444 496 τοῦ
1478 458 1635 510 μέρους
1665 446 1748 502 w'5

277 518 386 562 κατὰ
413 518 667 574 συνήθειαν,
697 521 913 576 διέρχεται
939 519 962 562 ὅ
996 518 1194 574 βασιλεὺς
1220 519 1391 577 μικρὸν,
1430 520 1504 563 καί
1526 523 1724 575 δέχονται

279 583 411 627 αὐτόν
438 582 475 626 οἱ
507 586 583 626 τοῦ
611 588 836 642 περατικοῦ
865 584 999 641 δήμου
1026 587 1109 628 τῶν
1142 585 1397 642 Πρασίνων,
1426 588 1500 629 καί
1523 586 1646 630 αὐτοὶ
1670 580 1723 629 τὰ

278 648 405 705 ὅμοια
421 650 671 706 τελέσαντες,
695 649 948 703 ἐπιδιδόντος
971 651 1044 694 καί
1065 653 1143 694 τοῦ
1174 651 1436 709 δημοκράτου
1459 652 1722 708 λιβελλάριον

276 719 334 775 τῷ
361 720 538 771 βασιλεῖ,
563 718 786 774 διέρχεται,
815 719 889 760 καί
919 718 1114 772 δέχονται
1140 716 1270 760 αὐτὸν
1298 719 1359 768 εἷς
1387 716 1460 761 τὸν
1484 719 1721 774 αὖγουστέα

281 781 321 826 οἱ
345 785 418 826 τοῦ
444 784 599 840 μέρους
623 785 706 826 τῶν
734 784 993 839 Πρασίνων,
1022 785 1094 826 καί
1118 783 1259 826 αὐτῶν
1288 784 1343 826 τὰ
1376 781 1499 839 ὅμοια
1520 784 1774 840 ποιησάν-ιο

278 867 386 904 των,
429 851 642 906 διέρχεται
671 846 741 891 ἀπ’
776 850 919 892 αὐτῶν
953 849 978 891 ὄ
1011 848 1235 904 βασιλεῦς,
1277 852 1353 893 καί
1387 852 1556 906 δέχεται
1588 849 1720 893 αὐτὸν

276 918 323 959 ἐν
348 918 401 974 τῇ
425 918 564 973 χαλκῇ
592 913 902 972 ὅδημοκράτης
929 918 1014 959 τῶν
1038 916 1246 970 Βενέτων,
1275 911 1405 972 ἤγουν
1430 916 1451 960 ὅ
1480 919 1720 970 δομέστικος

275 984 360 1024 τῶν
382 983 570 1036 σχολῶν,
608 980 712 1035 μετὰ
745 984 820 1024 τοῦ
848 985 1072 1039 περατικοῦ
1103 978 1238 1025 αὐτοῦ
1269 981 1422 1039 δήμου.
1478 986 1720 1034 τελέσαντες

277 1050 325 1090 δὲ
364 1047 436 1090 καί
464 1044 589 1090 αὗτοί
621 1047 771 1103 πάντα,
802 1047 1028 1098 αὐλοῦντος
1058 1050 1131 1092 καί
1158 1051 1236 1091 τοῦ
1257 1046 1437 1106 ὄργάνου
1466 1050 1523 1101 ῶς
1547 1050 1622 1091 καί
1649 1050 1722 1091 ἐπὶ

236 1115 362 1158 Οτῶν
398 1115 552 1156 λοιπῶν
602 1116 731 1170 τριῶν
778 1115 938 1168 δοχῶν,
1004 1116 1214 1171 διέρχεται
1267 1115 1338 1158 διὰ
1383 1118 1466 1159 τῶν
1502 1115 1768 1171 κορτι’νων.15

282 1182 377 1237 (ς.)
425 1177 523 1236 Χρὴ
556 1180 602 1222 δὲ
635 1181 813 1233 εἰδέναι,
854 1177 945 1233 ὅτι,
993 1180 1114 1236 ἡνίκα
1141 1182 1283 1234 μέλλει
1309 1183 1514 1233 δέξασθαι
1544 1179 1565 1224 ὃ
1595 1181 1719 1234 δομέ-

99 1248 164 1282 Με-
181 1247 417 1296 8ι.αστικος
435 1247 518 1287 τῶν
545 1248 709 1300 σχολῶν
732 1245 800 1288 τὸν
826 1248 1017 1301 βασιλέα,
1045 1246 1290 1299 πεζεύουσιν
1316 1245 1511 1301 ἅπαντες,
1540 1247 1614 1290 καί
1640 1247 1718 1300 μέ*

277 1328 340 1355 νει
369 1311 548 1368 ἔφιππος
574 1309 701 1366 μόνος
730 1312 755 1354 ὅ
780 1311 1000 1367 βασιλεῦς,
1042 1314 1117 1356 καί
1141 1312 1223 1355 a‘nd
1261 1316 1336 1369 τῆς
1366 1316 1550 1369 χαλκῆς,
1598 1315 1718 1369 δηρι-

275 1377 493 1434 γευόμευος
519 1376 601 1420 ὑπὸ
633 1377 799 1421 πάντων
823 1379 990 1434 αὐτῶν,
1020 1376 1248 1436 ἀπέρχεται
1269 1381 1399 1436 μέχρι
1427 1382 1505 1422 τοῦ
1533 1381 1715 1436 Κυρίου,

276 1447 350 1487 καί
371 1446 486 1498 μένει
519 1446 651 1487 ε’κεῖσε
677 1442 703 1500 ἦ
744 1444 968 1502 σύγκλητος
1002 1445 1240 1502 ἔμπροσθεν
1273 1449 1357 1489 τῶν
1398 1448 1527 1502 τριῶν
1570 1445 1771 1487 πυλῶναο

275 1513 352 1552 τοῦ
378 1512 695 1567 κονσιστωρίου,
742 1511 1055 1569 ὕπερευχομένη
1083 1512 1155 1556 τὸν
1192 1514 1370 1568 βασιλέα
1409 1513 1498 1565 ,,ει’ς
1539 1510 1719 1560 πολλοὺς

278 1577 351 1618 καί
377 1575 567 1630 α’γαθοὺς
587 1577 809 1632 χρόνους,”
837 1577 877 1621 οἱ
899 1581 946 1622 δὲ
971 1581 1183 1634 πατρίκιοι
1218 1579 1293 1620 καί
1317 1578 1542 1635 στρατηγοὶ
1565 1579 1718 1630 μένου-

278 1659 346 1684 σιν
374 1640 453 1692 ἔξω
480 1645 554 1698 τῆς
581 1642 712 1700 πύλης
738 1645 813 1686 τοῦ
842 1645 1021 1701 Κυρίου,
1050 1642 1378 1701 ὕπερευχόμενοι
1408 1644 1481 1686 καὶ
1504 1641 1627 1686 αὐτοὶ
1643 1641 1717 1684 τὸν

277 1709 466 1763 βασιλέα.
521 1711 596 1751 τοῦ
634 1711 681 1752 δὲ
706 1712 912 1765 βασιλέως
939 1711 1195 1761 εἰσελθόντος
1229 1709 1347 1755 ἔνδον
1374 1712 1449 1766 τῆς
1475 1709 1630 1765 πύλης,
1667 1709 1718 1751 α’·-

374 1822 427 1858 ι8-
452 1819 575 1867 μόνον
599 1820 654 1854 ed.

278 1933 360 1968 saga
376 1922 484 1957 rubra
505 1924 694 1978 virgasque
715 1934 842 1958 aureas
855 1924 1003 1969 gemmis
1022 1929 1165 1958 ornatas
1180 1927 1379 1970 gestantes,
1401 1922 1613 1969 procedunt.
1642 1922 1714 1955 Im-

276 1975 483 2015 peratorem
499 1996 508 2012 ,
533 1971 572 2003 in
591 1971 734 2004 milium
756 1971 984 2012 venientem,
1009 1971 1119 2007 factio
1139 1972 1299 2012 Veneta,
1328 1975 1407 2003 acta
1435 1981 1500 2003 sua
1522 1979 1588 2015 pro
1612 1978 1713 2002 more

278 2017 454 2058 recitans,
479 2018 635 2063 excipit,
660 2017 830 2051 tribunus
847 2017 945 2058 eius,
970 2029 990 2050 a
1008 2018 1260 2051 cerimoniario
1279 2021 1513 2058 sustentatus,
1534 2014 1581 2048 ad
1597 2016 1716 2060 Impe-

278 2068 434 2097 ratorem
454 2063 544 2106 abit,
568 2065 638 2107 cui,
662 2063 772 2109 pedes
783 2065 860 2097 eius
878 2064 1073 2106 osculatus,
1098 2064 1320 2097 libellarium
1331 2065 1444 2096 offert.
1467 2063 1511 2096 Et
1521 2066 1715 2108 postquam

277 2109 485 2143 factionarii
506 2112 626 2144 omnia
647 2121 712 2156 pro
730 2122 830 2143 more
851 2121 1042 2156 peregere,
1066 2113 1265 2156 Imperator
1281 2109 1472 2156 paululum
1492 2108 1715 2153 digreditur,

279 2167 388 2203 quem
417 2158 623 2190 transitoria
654 2159 882 2193 Prasinorum
910 2157 1020 2190 factio
1050 2158 1204 2203 excipit,
1243 2156 1389 2198 eadem,
1433 2167 1528 2203 quae
1559 2155 1714 2196 Veneti,

277 2204 439 2248 peragit,
471 2204 638 2238 tribunus
673 2205 749 2237 eius
773 2203 941 2237 libellum
969 2205 1183 2249 Imperatori
1211 2204 1340 2244 tradit,
1374 2213 1482 2249 quem
1513 2202 1713 2247 digressum

277 2255 406 2295 postea
447 2250 486 2283 in
514 2252 692 2296 augustali
716 2252 860 2285 Prasina
885 2250 994 2284 factio
1020 2251 1172 2296 excipit,
1212 2256 1248 2284 et
1270 2255 1462 2296 postquam
1485 2249 1630 2283 eosdem
1662 2250 1713 2283 ri-

279 2301 338 2330 tus
359 2298 534 2340 servavit,
565 2300 763 2344 Imperator
791 2297 836 2330 ab
861 2298 950 2344 ipsis
967 2297 1068 2339 abit,
1102 2308 1210 2343 quem
1235 2298 1275 2331 in
1298 2296 1420 2330 chalce
1446 2297 1613 2342 princeps
1641 2297 1715 2329 Ve-

281 2348 450 2377 netorum
470 2355 533 2378 seu
558 2345 775 2379 domesticus
797 2343 1000 2378 scholarum
1021 2356 1100 2378 cum
1116 2345 1324 2378 transitoria
1341 2355 1404 2378 sua
1425 2344 1583 2377 factione
1601 2343 1715 2376 susci-

280 2390 360 2435 pit:
385 2402 478 2438 quae
498 2398 689 2439 postquam
716 2397 753 2425 et
779 2392 856 2438 ipsa
876 2392 995 2425 omnia
1012 2391 1184 2437 perfecit,
1209 2397 1247 2425 et
1263 2402 1454 2436 organum,
1486 2392 1541 2424 uti
1562 2391 1602 2423 in
1626 2390 1715 2423 reli—

283 2438 366 2483 quis
387 2437 503 2472 tribus
522 2438 803 2486 receptionibus,
828 2439 1010 2485 pulsatum
1030 2437 1122 2480 fuit,
1146 2449 1211 2483 per
1234 2439 1388 2472 cortinas
1410 2436 1573 2471 discedit.
1621 2437 1712 2485 (Vl.)

276 2484 475 2529 Sciendum
495 2491 568 2527 est,
593 2487 622 2520 si
645 2486 859 2520 domesticus
882 2486 1084 2519 scholarum
1106 2487 1361 2531 Imperatorem
1384 2486 1547 2530 excipere
1567 2483 1712 2526 debeat,

281 2541 404 2564 omnes
425 2532 580 2578 pedibus
599 2533 793 2579 procedere
807 2559 816 2574 ‚
841 2534 958 2566 solum
979 2535 1236 2579 Imperatorem
1260 2543 1354 2578 equo
1382 2532 1490 2573 vehi,
1525 2536 1563 2564 et
1579 2530 1624 2563 ab
1653 2529 1711 2564 his

281 2577 450 2611 omnibus
467 2580 658 2624 stipatum,
686 2591 707 2612 a
728 2579 847 2613 chalce
864 2580 909 2613 ad
926 2581 1099 2624 templum
1119 2580 1266 2613 Domini
1284 2579 1500 2624 procedere,
1521 2577 1587 2612 ubi
1607 2588 1711 2610 sena-

279 2628 337 2655 tus
356 2631 438 2658 ante
458 2631 527 2659 tres
546 2628 750 2661 consistorii
758 2632 892 2672 portas,
916 2627 1146 2673 Imperatori:
1167 2628 1213 2661 In
1236 2627 1350 2662 multa
1367 2628 1533 2672 bonaque
1549 2633 1711 2671 tempora

280 2671 499 2716 acclamans,
523 2674 669 2720 patricii
684 2685 767 2710 vero
786 2680 822 2708 et
839 2675 1010 2720 strategi,
1034 2674 1150 2708 fausta
1169 2675 1314 2722 quaevis
1336 2672 1583 2721 apprecaturi,
1610 2675 1709 2705 extra
