<?xml version="1.0" encoding="UTF-8"?>
<!DOCTYPE html PUBLIC "-//W3C//DTD XHTML 1.0 Transitional//EN"
    "http://www.w3.org/TR/xhtml1/DTD/xhtml1-transitional.dtd">
<html xmlns="http://www.w3.org/1999/xhtml" xml:lang="en" lang="en">
 <head>
  <title>
</title>
<meta http-equiv="Content-Type" content="text/html;charset=utf-8" />
  <meta name='ocr-system' content='tesseract 3.04.00' />
  <meta name='ocr-capabilities' content='ocr_page ocr_carea ocr_par ocr_line ocrx_word'/>
</head>
<body>
  <div class='ocr_page' id='page_1' title='image "./corpusscriptorum07niebuoft_0463.png"; bbox 0 0 1878 3112; ppageno 0'>
   <div class='ocr_carea' id='block_1_1' title="bbox 420 116 1641 191">
    <p class='ocr_par' dir='ltr' id='par_1_1' title="bbox 420 116 1641 191">
     <span class='ocr_line' id='line_1_1' title="bbox 420 116 1641 191; baseline 0.001 -20"><span class='ocrx_word' id='word_1_1' title='bbox 420 131 491 171; x_wconf 87' lang='lat' dir='ltr'><strong>DE</strong></span> <span class='ocrx_word' id='word_1_2' title='bbox 532 128 791 171; x_wconf 70' lang='lat' dir='ltr'><strong>cmmoN.</strong></span> <span class='ocrx_word' id='word_1_3' title='bbox 833 129 1012 171; x_wconf 78' lang='lat' dir='ltr'>AULAE</span> <span class='ocrx_word' id='word_1_4' title='bbox 1050 130 1272 172; x_wconf 65' lang='lat' dir='ltr'><strong>amm.</strong></span> <span class='ocrx_word' id='word_1_5' title='bbox 1316 135 1348 174; x_wconf 84' lang='lat'><strong>1.</strong></span> <span class='ocrx_word' id='word_1_6' title='bbox 1376 136 1443 180; x_wconf 75' lang='lat'><strong>89.</strong></span> <span class='ocrx_word' id='word_1_7' title='bbox 1533 116 1641 191; x_wconf 86' lang='lat'><strong>397</strong></span> 
     </span>
    </p>
   </div>
   <div class='ocr_carea' id='block_1_2' title="bbox 150 230 1841 1474">
    <p class='ocr_par' dir='ltr' id='par_1_2' title="bbox 150 230 1841 1474">
     <span class='ocr_line' id='line_1_2' title="bbox 207 230 1646 292; baseline 0.005 -19"><span class='ocrx_word' id='word_1_8' title='bbox 207 234 490 290; x_wconf 73' lang='grc' dir='ltr'><em>κονσωτωρίῳ</em></span> <span class='ocrx_word' id='word_1_9' title='bbox 518 231 593 274; x_wconf 78' lang='grc' dir='ltr'><strong>καὶ</strong></span> <span class='ocrx_word' id='word_1_10' title='bbox 617 232 820 274; x_wconf 78' lang='grc' dir='ltr'><em>εἰσελθεῖν</em></span> <span class='ocrx_word' id='word_1_11' title='bbox 847 231 955 274; x_wconf 76' lang='grc' dir='ltr'><em>κατὰ</em></span> <span class='ocrx_word' id='word_1_12' title='bbox 985 230 1032 273; x_wconf 82' lang='grc' dir='ltr'><strong>τὸ</strong></span> <span class='ocrx_word' id='word_1_13' title='bbox 1063 231 1159 284; x_wconf 74' lang='grc' dir='ltr'><em>ἔθος</em></span> <span class='ocrx_word' id='word_1_14' title='bbox 1197 232 1357 285; x_wconf 79' lang='grc' dir='ltr'><em>πάντας</em></span> <span class='ocrx_word' id='word_1_15' title='bbox 1381 238 1538 292; x_wconf 73' lang='grc' dir='ltr'><em>γίνεται</em></span> <span class='ocrx_word' id='word_1_16' title='bbox 1564 239 1646 280; x_wconf 76' lang='grc' dir='ltr'><strong>αὕ-</strong></span> 
     </span>
     <span class='ocr_line' id='line_1_3' title="bbox 205 297 1680 361; baseline 0.005 -22"><span class='ocrx_word' id='word_1_17' title='bbox 205 301 292 347; x_wconf 75' lang='grc' dir='ltr'><strong>τοῖς</strong></span> <span class='ocrx_word' id='word_1_18' title='bbox 315 297 426 340; x_wconf 73' lang='grc' dir='ltr'><em>ἴδιον</em></span> <span class='ocrx_word' id='word_1_19' title='bbox 451 300 600 354; x_wconf 78' lang='grc' dir='ltr'><em>βῆλον,</em></span> <span class='ocrx_word' id='word_1_20' title='bbox 647 299 721 339; x_wconf 85' lang='grc' dir='ltr'>καί</span> <span class='ocrx_word' id='word_1_21' title='bbox 745 298 1027 352; x_wconf 76' lang='grc' dir='ltr'><em>εἰσέρχοπαι,</em></span> <span class='ocrx_word' id='word_1_22' title='bbox 1073 300 1149 342; x_wconf 71' lang='grc' dir='ltr'><strong>καὶ</strong></span> <span class='ocrx_word' id='word_1_23' title='bbox 1184 301 1371 360; x_wconf 65' lang='grc' dir='ltr'><em>αἰτοῦσιν</em></span> <span class='ocrx_word' id='word_1_24' title='bbox 1397 301 1522 346; x_wconf 83' lang='grc' dir='ltr'><em>πάλιν</em></span> <span class='ocrx_word' id='word_1_25' title='bbox 1549 304 1649 361; x_wconf 66' lang='grc' dir='ltr'><em>περὶ</em></span> <span class='ocrx_word' id='word_1_26' title='bbox 1656 313 1680 345; x_wconf 86' lang='grc' dir='ltr'><strong><em>Β</em></strong></span> 
     </span>
     <span class='ocr_line' id='line_1_4' title="bbox 204 359 1648 426; baseline 0.005 -21"><span class='ocrx_word' id='word_1_27' title='bbox 204 365 287 405; x_wconf 72' lang='grc' dir='ltr'><em>τῶν</em></span> <span class='ocrx_word' id='word_1_28' title='bbox 313 363 470 415; x_wconf 71' lang='grc' dir='ltr'><em>αὐταῖν,</em></span> <span class='ocrx_word' id='word_1_29' title='bbox 498 364 573 404; x_wconf 84' lang='grc' dir='ltr'><strong><em>καί</em></strong></span> <span class='ocrx_word' id='word_1_30' title='bbox 594 366 769 417; x_wconf 81' lang='grc' dir='ltr'><em>βεβαιοῖ</em></span> <span class='ocrx_word' id='word_1_31' title='bbox 789 361 812 404; x_wconf 80' lang='grc' dir='ltr'>ὅ</span> <span class='ocrx_word' id='word_1_32' title='bbox 839 363 1041 416; x_wconf 71' lang='grc' dir='ltr'><em>βασιλεύς</em></span> <span class='ocrx_word' id='word_1_33' title='bbox 1068 359 1095 419; x_wconf 77' lang='grc' dir='ltr'><em>ἢ</em></span> <span class='ocrx_word' id='word_1_34' title='bbox 1121 362 1342 422; x_wconf 77' lang='grc' dir='ltr'><em>ἐγγράφως</em></span> <span class='ocrx_word' id='word_1_35' title='bbox 1367 363 1397 423; x_wconf 80' lang='grc' dir='ltr'><strong><em>ἢ</em></strong></span> <span class='ocrx_word' id='word_1_36' title='bbox 1433 367 1648 426; x_wconf 74' lang='grc' dir='ltr'><em>ἀγράφως,</em></span> 
     </span>
     <span class='ocr_line' id='line_1_5' title="bbox 203 426 1650 490; baseline 0.006 -21"><span class='ocrx_word' id='word_1_37' title='bbox 203 426 539 483; x_wconf 70' lang='grc' dir='ltr'><em>ὑπισχνούμενος</em></span> <span class='ocrx_word' id='word_1_38' title='bbox 577 427 800 477; x_wconf 74' lang='grc' dir='ltr'><em>ἐπιστολάς</em></span> <span class='ocrx_word' id='word_1_39' title='bbox 834 430 1012 482; x_wconf 78' lang='grc' dir='ltr'><em>πέμπειν</em></span> <span class='ocrx_word' id='word_1_40' title='bbox 1052 429 1153 485; x_wconf 74' lang='grc' dir='ltr'><em>περὶ</em></span> <span class='ocrx_word' id='word_1_41' title='bbox 1186 429 1333 474; x_wconf 77' lang='grc' dir='ltr'><em>τούτου</em></span> <span class='ocrx_word' id='word_1_42' title='bbox 1375 432 1478 490; x_wconf 82' lang='grc' dir='ltr'><em>πρὸς</em></span> <span class='ocrx_word' id='word_1_43' title='bbox 1505 435 1650 478; x_wconf 74' lang='grc' dir='ltr'><em>αὔτόν.</em></span> 
     </span>
     <span class='ocr_line' id='line_1_6' title="bbox 178 490 1841 561; baseline 0.01 -27"><span class='ocrx_word' id='word_1_44' title='bbox 178 490 280 536; x_wconf 68' lang='lat' dir='ltr'><strong>fluat</strong></span> <span class='ocrx_word' id='word_1_45' title='bbox 313 491 480 546; x_wconf 82' lang='grc' dir='ltr'><em>λοιπὸν,</em></span> <span class='ocrx_word' id='word_1_46' title='bbox 534 493 591 543; x_wconf 74' lang='grc' dir='ltr'><strong>ὥς</strong></span> <span class='ocrx_word' id='word_1_47' title='bbox 619 492 805 549; x_wconf 82' lang='grc' dir='ltr'><em>εἴρηται,</em></span> <span class='ocrx_word' id='word_1_48' title='bbox 852 495 897 535; x_wconf 80' lang='grc' dir='ltr'><em>ἐν</em></span> <span class='ocrx_word' id='word_1_49' title='bbox 923 499 1010 544; x_wconf 80' lang='grc' dir='ltr'><em>τοῖς</em></span> <span class='ocrx_word' id='word_1_50' title='bbox 1046 497 1260 547; x_wconf 74' lang='grc' dir='ltr'><em>σιλεντίοις</em></span> <span class='ocrx_word' id='word_1_51' title='bbox 1287 500 1563 554; x_wconf 74' lang='grc' dir='ltr'><em>προέρχονται</em></span> <span class='ocrx_word' id='word_1_52' title='bbox 1592 501 1841 561; x_wconf 54' lang='lat' dir='ltr'><strong>aicham-,ub</strong></span> 
     </span>
     <span class='ocr_line' id='line_1_7' title="bbox 203 553 1647 623; baseline 0.006 -23"><span class='ocrx_word' id='word_1_53' title='bbox 203 553 406 615; x_wconf 63' lang='grc' dir='ltr'><em>ἄρχοντες</em></span> <span class='ocrx_word' id='word_1_54' title='bbox 430 560 507 601; x_wconf 82' lang='grc' dir='ltr'><strong>τοῦ</strong></span> <span class='ocrx_word' id='word_1_55' title='bbox 531 561 765 613; x_wconf 82' lang='grc' dir='ltr'><em>βασιλέως,</em></span> <span class='ocrx_word' id='word_1_56' title='bbox 814 558 890 601; x_wconf 81' lang='grc' dir='ltr'><em>καί</em></span> <span class='ocrx_word' id='word_1_57' title='bbox 925 558 999 602; x_wconf 77' lang='grc' dir='ltr'><em>ἐὰν</em></span> <span class='ocrx_word' id='word_1_58' title='bbox 1034 555 1140 603; x_wconf 68' lang='grc' dir='ltr'><em>αἷσιν</em></span> <span class='ocrx_word' id='word_1_59' title='bbox 1177 560 1357 619; x_wconf 78' lang='grc' dir='ltr'><em>ἔπαρχοι</em></span> <span class='ocrx_word' id='word_1_60' title='bbox 1396 559 1424 620; x_wconf 81' lang='grc' dir='ltr'><em>ἢ</em></span> <span class='ocrx_word' id='word_1_61' title='bbox 1450 563 1647 623; x_wconf 75' lang='grc' dir='ltr'><em>ἔπαρχος,</em></span> 
     </span>
     <span class='ocr_line' id='line_1_8' title="bbox 202 624 1646 685; baseline 0.007 -19"><span class='ocrx_word' id='word_1_62' title='bbox 202 625 529 681; x_wconf 60' lang='grc' dir='ltr'><em>προσκυνοῦνται</em></span> <span class='ocrx_word' id='word_1_63' title='bbox 555 624 670 681; x_wconf 78' lang='grc' dir='ltr'><em>παρὰ</em></span> <span class='ocrx_word' id='word_1_64' title='bbox 699 626 782 667; x_wconf 78' lang='grc' dir='ltr'><em>τῶν</em></span> <span class='ocrx_word' id='word_1_65' title='bbox 810 626 1061 678; x_wconf 78' lang='grc' dir='ltr'><em>δομεστίκων</em></span> <span class='ocrx_word' id='word_1_66' title='bbox 1087 629 1159 669; x_wconf 80' lang='grc' dir='ltr'><em>καί</em></span> <span class='ocrx_word' id='word_1_67' title='bbox 1184 628 1482 685; x_wconf 79' lang='grc' dir='ltr'><em>προτηκτὸρων,</em></span> <span class='ocrx_word' id='word_1_68' title='bbox 1511 636 1583 675; x_wconf 82' lang='grc' dir='ltr'>καί</span> <span class='ocrx_word' id='word_1_69' title='bbox 1598 634 1646 676; x_wconf 82' lang='grc' dir='ltr'><strong>τὸ</strong></span> 
     </span>
     <span class='ocr_line' id='line_1_9' title="bbox 202 690 1648 752; baseline 0.007 -20"><span class='ocrx_word' id='word_1_70' title='bbox 202 691 421 746; x_wconf 79' lang='grc' dir='ltr'><em>Περσίκην</em></span> <span class='ocrx_word' id='word_1_71' title='bbox 448 691 593 740; x_wconf 72' lang='grc' dir='ltr'><em>αὐτοῖς</em></span> <span class='ocrx_word' id='word_1_72' title='bbox 619 691 798 748; x_wconf 74' lang='grc' dir='ltr'><em>ἀπαντᾷ,</em></span> <span class='ocrx_word' id='word_1_73' title='bbox 828 690 902 733; x_wconf 77' lang='grc' dir='ltr'><em>καί</em></span> <span class='ocrx_word' id='word_1_74' title='bbox 925 692 1060 734; x_wconf 80' lang='grc' dir='ltr'><em>πάντα</em></span> <span class='ocrx_word' id='word_1_75' title='bbox 1089 691 1196 735; x_wconf 81' lang='grc' dir='ltr'><em>κατὰ</em></span> <span class='ocrx_word' id='word_1_76' title='bbox 1225 692 1272 736; x_wconf 85' lang='grc' dir='ltr'><strong>τὸ</strong></span> <span class='ocrx_word' id='word_1_77' title='bbox 1301 695 1453 746; x_wconf 72' lang='grc' dir='ltr'><em>εἰωθὸς</em></span> <span class='ocrx_word' id='word_1_78' title='bbox 1478 702 1648 752; x_wconf 82' lang='grc' dir='ltr'><em>γίνεται.</em></span> 
     </span>
     <span class='ocr_line' id='line_1_10' title="bbox 201 753 1686 821; baseline 0.007 -24"><span class='ocrx_word' id='word_1_79' title='bbox 201 754 310 798; x_wconf 75' lang='grc' dir='ltr'><em>ἐπὰν</em></span> <span class='ocrx_word' id='word_1_80' title='bbox 337 757 384 798; x_wconf 82' lang='grc' dir='ltr'><strong>δὲ</strong></span> <span class='ocrx_word' id='word_1_81' title='bbox 410 758 513 814; x_wconf 72' lang='grc' dir='ltr'><em>θέλῃ</em></span> <span class='ocrx_word' id='word_1_82' title='bbox 543 753 750 799; x_wconf 75' lang='grc' dir='ltr'><em>ἀπολῦσαι</em></span> <span class='ocrx_word' id='word_1_83' title='bbox 779 756 958 811; x_wconf 70' lang='grc' dir='ltr'><em>αὐτοὺς,</em></span> <span class='ocrx_word' id='word_1_84' title='bbox 1005 759 1076 800; x_wconf 82' lang='grc' dir='ltr'><strong>δεῖ</strong></span> <span class='ocrx_word' id='word_1_85' title='bbox 1103 757 1179 802; x_wconf 81' lang='grc' dir='ltr'><em>τὸν</em></span> <span class='ocrx_word' id='word_1_86' title='bbox 1211 757 1440 819; x_wconf 78' lang='grc' dir='ltr'><em>μάγιστρον</em></span> <span class='ocrx_word' id='word_1_87' title='bbox 1475 767 1686 821; x_wconf 72' lang='grc' dir='ltr'><em>ποιῆσαιο</em></span> 
     </span>
     <span class='ocr_line' id='line_1_11' title="bbox 151 820 1647 887; baseline 0.008 -25"><span class='ocrx_word' id='word_1_88' title='bbox 151 823 354 877; x_wconf 73' lang='grc' dir='ltr'><em>Ιογνῶσιν</em></span> <span class='ocrx_word' id='word_1_89' title='bbox 380 820 487 863; x_wconf 79' lang='grc' dir='ltr'><em>κατὰ</em></span> <span class='ocrx_word' id='word_1_90' title='bbox 513 821 680 878; x_wconf 76' lang='grc' dir='ltr'><em>γνώμην</em></span> <span class='ocrx_word' id='word_1_91' title='bbox 708 825 785 865; x_wconf 80' lang='grc' dir='ltr'><strong>τοῦ</strong></span> <span class='ocrx_word' id='word_1_92' title='bbox 809 825 1032 878; x_wconf 84' lang='grc' dir='ltr'><em>βασιλέως,</em></span> <span class='ocrx_word' id='word_1_93' title='bbox 1060 826 1108 867; x_wconf 77' lang='grc' dir='ltr'><strong>τί</strong></span> <span class='ocrx_word' id='word_1_94' title='bbox 1128 827 1300 875; x_wconf 73' lang='grc' dir='ltr'><em>ἕκαστος</em></span> <span class='ocrx_word' id='word_1_95' title='bbox 1322 826 1471 887; x_wconf 73' lang='grc' dir='ltr'><em>ὀφείλῃ</em></span> <span class='ocrx_word' id='word_1_96' title='bbox 1491 834 1647 887; x_wconf 79' lang='grc' dir='ltr'><em>λαβεῖν,</em></span> 
     </span>
     <span class='ocr_line' id='line_1_12' title="bbox 201 883 1651 948; baseline 0.008 -20"><span class='ocrx_word' id='word_1_97' title='bbox 201 885 277 928; x_wconf 78' lang='grc' dir='ltr'><strong><em>καί</em></strong></span> <span class='ocrx_word' id='word_1_98' title='bbox 300 883 470 929; x_wconf 82' lang='grc' dir='ltr'><em>πάντων</em></span> <span class='ocrx_word' id='word_1_99' title='bbox 495 889 579 930; x_wconf 75' lang='grc' dir='ltr'><em>ταῖν</em></span> <span class='ocrx_word' id='word_1_100' title='bbox 606 886 840 943; x_wconf 71' lang='grc' dir='ltr'><em>ἀνθρώπων</em></span> <span class='ocrx_word' id='word_1_101' title='bbox 868 888 1008 931; x_wconf 77' lang='grc' dir='ltr'><em>αὐτῶν</em></span> <span class='ocrx_word' id='word_1_102' title='bbox 1035 891 1084 931; x_wconf 85' lang='grc' dir='ltr'><strong>τί</strong></span> <span class='ocrx_word' id='word_1_103' title='bbox 1105 891 1278 940; x_wconf 77' lang='grc' dir='ltr'><em>ἕκαστος</em></span> <span class='ocrx_word' id='word_1_104' title='bbox 1303 893 1535 948; x_wconf 82' lang='grc' dir='ltr'><em>λαμβάνει,</em></span> <span class='ocrx_word' id='word_1_105' title='bbox 1574 898 1651 940; x_wconf 79' lang='grc' dir='ltr'>καί</span> 
     </span>
     <span class='ocr_line' id='line_1_13' title="bbox 202 951 1646 1012; baseline 0.008 -19"><span class='ocrx_word' id='word_1_106' title='bbox 202 953 350 994; x_wconf 79' lang='grc' dir='ltr'><em>δοῦναι</em></span> <span class='ocrx_word' id='word_1_107' title='bbox 383 955 443 1011; x_wconf 74' lang='grc' dir='ltr'><strong>τῷ</strong></span> <span class='ocrx_word' id='word_1_108' title='bbox 479 951 631 1009; x_wconf 84' lang='grc' dir='ltr'><em>κόμητι</em></span> <span class='ocrx_word' id='word_1_109' title='bbox 656 956 741 995; x_wconf 76' lang='grc' dir='ltr'><em>τῶν</em></span> <span class='ocrx_word' id='word_1_110' title='bbox 767 952 1059 1010; x_wconf 83' lang='grc' dir='ltr'><em>λαργιτιόνων.</em></span> <span class='ocrx_word' id='word_1_111' title='bbox 1115 958 1189 999; x_wconf 77' lang='grc' dir='ltr'><em>καί</em></span> <span class='ocrx_word' id='word_1_112' title='bbox 1214 956 1319 1000; x_wconf 81' lang='grc' dir='ltr'><em>ἐπὰν</em></span> <span class='ocrx_word' id='word_1_113' title='bbox 1354 956 1542 1012; x_wconf 76' lang='grc' dir='ltr'><em>κάκεῖνος</em></span> <span class='ocrx_word' id='word_1_114' title='bbox 1569 961 1646 1005; x_wconf 73' lang='grc' dir='ltr'><strong>εὖ-</strong></span> 
     </span>
     <span class='ocr_line' id='line_1_14' title="bbox 199 1018 1643 1094; baseline 0.008 -34"><span class='ocrx_word' id='word_1_115' title='bbox 199 1020 431 1076; x_wconf 76' lang='grc' dir='ltr'><em>τρεπισθῇ,</em></span> <span class='ocrx_word' id='word_1_116' title='bbox 479 1019 627 1062; x_wconf 75' lang='grc' dir='ltr'><em>δίδωσι</em></span> <span class='ocrx_word' id='word_1_117' title='bbox 654 1021 857 1062; x_wconf 82' lang='grc' dir='ltr'><em>σιλὲντιον</em></span> <span class='ocrx_word' id='word_1_118' title='bbox 884 1018 908 1062; x_wconf 79' lang='grc' dir='ltr'>ὅ</span> <span class='ocrx_word' id='word_1_119' title='bbox 933 1020 1156 1074; x_wconf 81' lang='grc' dir='ltr'><em>βασιλεύς.</em></span> <span class='ocrx_word' id='word_1_120' title='bbox 1211 1025 1287 1065; x_wconf 84' lang='grc' dir='ltr'>καί</span> <span class='ocrx_word' id='word_1_121' title='bbox 1309 1027 1364 1082; x_wconf 78' lang='grc' dir='ltr'><strong>τῇ</strong></span> <span class='ocrx_word' id='word_1_122' title='bbox 1386 1022 1481 1082; x_wconf 74' lang='grc' dir='ltr'><strong>ἑξῆς</strong></span> <span class='ocrx_word' id='word_1_123' title='bbox 1507 1028 1643 1094; x_wconf 80' lang='grc' dir='ltr'><em>πάντα</em></span> 
     </span>
     <span class='ocr_line' id='line_1_15' title="bbox 198 1081 1641 1146; baseline 0.008 -22"><span class='ocrx_word' id='word_1_124' title='bbox 198 1085 355 1137; x_wconf 77' lang='grc' dir='ltr'><em>γίνεται</em></span> <span class='ocrx_word' id='word_1_125' title='bbox 387 1081 444 1132; x_wconf 79' lang='grc' dir='ltr'><strong>ὦς</strong></span> <span class='ocrx_word' id='word_1_126' title='bbox 481 1085 526 1126; x_wconf 79' lang='grc' dir='ltr'><em>ἐν</em></span> <span class='ocrx_word' id='word_1_127' title='bbox 562 1087 774 1143; x_wconf 76' lang='grc' dir='ltr'><em>σιλεντίῳ,</em></span> <span class='ocrx_word' id='word_1_128' title='bbox 823 1087 898 1127; x_wconf 85' lang='grc' dir='ltr'>καί</span> <span class='ocrx_word' id='word_1_129' title='bbox 934 1086 1130 1141; x_wconf 81' lang='grc' dir='ltr'><em>ἔρχονται</em></span> <span class='ocrx_word' id='word_1_130' title='bbox 1171 1087 1211 1131; x_wconf 79' lang='grc' dir='ltr'><strong>οἱ</strong></span> <span class='ocrx_word' id='word_1_131' title='bbox 1238 1092 1432 1146; x_wconf 81' lang='grc' dir='ltr'><em>πρέσβεις</em></span> <span class='ocrx_word' id='word_1_132' title='bbox 1442 1126 1455 1145; x_wconf 92' lang='grc'><em>,</em></span> <span class='ocrx_word' id='word_1_133' title='bbox 1500 1096 1641 1138; x_wconf 71' lang='grc' dir='ltr'><em>οὐκέτι</em></span> 
     </span>
     <span class='ocr_line' id='line_1_16' title="bbox 150 1145 1640 1209; baseline 0.009 -20"><span class='ocrx_word' id='word_1_134' title='bbox 150 1145 347 1198; x_wconf 50' lang='lat' dir='ltr'><strong>dudm-sc</strong></span> <span class='ocrx_word' id='word_1_135' title='bbox 377 1147 504 1203; x_wconf 76' lang='grc' dir='ltr'><em>ὁμοῦ,</em></span> <span class='ocrx_word' id='word_1_136' title='bbox 548 1150 638 1193; x_wconf 72' lang='grc' dir='ltr'><strong><em>ἄλλ’</em></strong></span> <span class='ocrx_word' id='word_1_137' title='bbox 674 1153 733 1202; x_wconf 86' lang='grc' dir='ltr'><strong>εἷς</strong></span> <span class='ocrx_word' id='word_1_138' title='bbox 764 1151 863 1201; x_wconf 79' lang='grc' dir='ltr'><strong>τούς</strong></span> <span class='ocrx_word' id='word_1_139' title='bbox 898 1151 1051 1203; x_wconf 88' lang='grc' dir='ltr'><em>τόπους</em></span> <span class='ocrx_word' id='word_1_140' title='bbox 1088 1155 1229 1197; x_wconf 72' lang='grc' dir='ltr'><em>αὐτῶν</em></span> <span class='ocrx_word' id='word_1_141' title='bbox 1253 1156 1364 1209; x_wconf 79' lang='grc' dir='ltr'><em>μετὰ</em></span> <span class='ocrx_word' id='word_1_142' title='bbox 1403 1160 1485 1200; x_wconf 77' lang='grc' dir='ltr'><em>τῶν</em></span> <span class='ocrx_word' id='word_1_143' title='bbox 1513 1162 1640 1203; x_wconf 86' lang='grc' dir='ltr'><em>Κων-</em></span> 
     </span>
     <span class='ocr_line' id='line_1_17' title="bbox 197 1213 1640 1276; baseline 0.008 -18"><span class='ocrx_word' id='word_1_144' title='bbox 197 1213 571 1266; x_wconf 78' lang='grc' dir='ltr'><em>οταντινουπόλεως</em></span> <span class='ocrx_word' id='word_1_145' title='bbox 596 1215 809 1272; x_wconf 71' lang='grc' dir='ltr'><em>ἀρχόντων</em></span> <span class='ocrx_word' id='word_1_146' title='bbox 835 1215 1175 1275; x_wconf 79' lang='grc' dir='ltr'><em>ἆναμεμιγμένοι,</em></span> <span class='ocrx_word' id='word_1_147' title='bbox 1203 1225 1278 1265; x_wconf 80' lang='grc' dir='ltr'>καί</span> <span class='ocrx_word' id='word_1_148' title='bbox 1302 1223 1538 1276; x_wconf 81' lang='grc' dir='ltr'><em>κελεύοντος</em></span> <span class='ocrx_word' id='word_1_149' title='bbox 1563 1229 1640 1269; x_wconf 79' lang='grc' dir='ltr'><strong>τοῦ</strong></span> 
     </span>
     <span class='ocr_line' id='line_1_18' title="bbox 199 1280 1638 1344; baseline 0.008 -21"><span class='ocrx_word' id='word_1_150' title='bbox 199 1283 421 1335; x_wconf 79' lang='grc' dir='ltr'><em>βασιλέως,</em></span> <span class='ocrx_word' id='word_1_151' title='bbox 449 1280 606 1337; x_wconf 76' lang='grc' dir='ltr'><em>εἰσάγει</em></span> <span class='ocrx_word' id='word_1_152' title='bbox 643 1280 666 1324; x_wconf 83' lang='grc' dir='ltr'>ὅ</span> <span class='ocrx_word' id='word_1_153' title='bbox 695 1285 918 1340; x_wconf 72' lang='grc' dir='ltr'><em>δικουρίων</em></span> <span class='ocrx_word' id='word_1_154' title='bbox 944 1285 1044 1336; x_wconf 78' lang='grc' dir='ltr'><strong>τούς</strong></span> <span class='ocrx_word' id='word_1_155' title='bbox 1067 1286 1319 1344; x_wconf 71' lang='grc' dir='ltr'><em>ἀνθρώπους</em></span> <span class='ocrx_word' id='word_1_156' title='bbox 1355 1290 1498 1333; x_wconf 72' lang='grc' dir='ltr'><em>αὐτῶν</em></span> <span class='ocrx_word' id='word_1_157' title='bbox 1534 1293 1638 1336; x_wconf 80' lang='grc' dir='ltr'><em>κατὰ</em></span> 
     </span>
     <span class='ocr_line' id='line_1_19' title="bbox 196 1343 1640 1413; baseline 0.01 -26"><span class='ocrx_word' id='word_1_158' title='bbox 196 1343 333 1402; x_wconf 77' lang='grc' dir='ltr'><em>τάγμα</em></span> <span class='ocrx_word' id='word_1_159' title='bbox 359 1344 512 1402; x_wconf 82' lang='grc' dir='ltr'><em>τάγμα,</em></span> <span class='ocrx_word' id='word_1_160' title='bbox 540 1350 616 1390; x_wconf 85' lang='grc' dir='ltr'>καί</span> <span class='ocrx_word' id='word_1_161' title='bbox 637 1349 786 1405; x_wconf 81' lang='grc' dir='ltr'><em>μηνύει</em></span> <span class='ocrx_word' id='word_1_162' title='bbox 814 1349 838 1392; x_wconf 82' lang='grc' dir='ltr'>ὅ</span> <span class='ocrx_word' id='word_1_163' title='bbox 866 1353 1102 1409; x_wconf 69' lang='grc' dir='ltr'><em>δικουρίων·</em></span> <span class='ocrx_word' id='word_1_164' title='bbox 1156 1354 1359 1411; x_wconf 53' lang='lat' dir='ltr'><strong>‚petitaque</strong></span> <span class='ocrx_word' id='word_1_165' title='bbox 1387 1360 1546 1413; x_wconf 80' lang='grc' dir='ltr'><em>φυλῶν,</em></span> <span class='ocrx_word' id='word_1_166' title='bbox 1575 1361 1640 1401; x_wconf 83' lang='grc' dir='ltr'><strong>δί-</strong></span> 
     </span>
     <span class='ocr_line' id='line_1_20' title="bbox 195 1402 1674 1474; baseline 0.009 -21"><span class='ocrx_word' id='word_1_167' title='bbox 195 1402 456 1467; x_wconf 68' lang='lat' dir='ltr'><strong>&#39;‘dauxazaxot,</strong></span> <span class='ocrx_word' id='word_1_168' title='bbox 483 1415 751 1472; x_wconf 81' lang='grc' dir='ltr'><em>λευκοφόροι,</em></span> <span class='ocrx_word' id='word_1_169' title='bbox 780 1418 966 1472; x_wconf 76' lang='grc' dir='ltr'><em>δρομεῖς,</em></span> <span class='ocrx_word' id='word_1_170' title='bbox 996 1419 1184 1462; x_wconf 77' lang='grc' dir='ltr'><em>δεκανοί”</em></span> <span class='ocrx_word' id='word_1_171' title='bbox 1210 1420 1286 1462; x_wconf 78' lang='grc' dir='ltr'><em>καί</em></span> <span class='ocrx_word' id='word_1_172' title='bbox 1309 1421 1451 1472; x_wconf 76' lang='grc' dir='ltr'><em>ἁπλῶς</em></span> <span class='ocrx_word' id='word_1_173' title='bbox 1478 1423 1674 1474; x_wconf 70' lang='lat' dir='ltr'><strong>mim-agn</strong></span> 
     </span>
    </p>
   </div>
   <div class='ocr_carea' id='block_1_3' title="bbox 189 1538 1643 2762">
    <p class='ocr_par' dir='ltr' id='par_1_3' title="bbox 189 1538 1643 2762">
     <span class='ocr_line' id='line_1_21' title="bbox 198 1538 1643 1589; baseline 0.008 -17"><span class='ocrx_word' id='word_1_174' title='bbox 198 1538 403 1573; x_wconf 83' lang='lat' dir='ltr'><strong>consederit</strong></span> <span class='ocrx_word' id='word_1_175' title='bbox 435 1541 652 1586; x_wconf 80' lang='lat' dir='ltr'>Imperator,</span> <span class='ocrx_word' id='word_1_176' title='bbox 690 1545 728 1574; x_wconf 85' lang='lat' dir='ltr'><strong>et</strong></span> <span class='ocrx_word' id='word_1_177' title='bbox 761 1542 931 1586; x_wconf 81' lang='lat' dir='ltr'><strong>ingressi,</strong></span> <span class='ocrx_word' id='word_1_178' title='bbox 966 1543 1028 1589; x_wconf 84' lang='lat' dir='ltr'><strong>qui</strong></span> <span class='ocrx_word' id='word_1_179' title='bbox 1067 1544 1206 1584; x_wconf 86' lang='lat' dir='ltr'><strong>solent,</strong></span> <span class='ocrx_word' id='word_1_180' title='bbox 1246 1546 1385 1582; x_wconf 85' lang='lat' dir='ltr'><strong>fuerint</strong></span> <span class='ocrx_word' id='word_1_181' title='bbox 1422 1558 1567 1588; x_wconf 90' lang='lat' dir='ltr'><strong>omnes,</strong></span> <span class='ocrx_word' id='word_1_182' title='bbox 1601 1550 1643 1584; x_wconf 85' lang='lat' dir='ltr'><strong>fit</strong></span> 
     </span>
     <span class='ocr_line' id='line_1_22' title="bbox 197 1585 1641 1639; baseline 0.008 -21"><span class='ocrx_word' id='word_1_183' title='bbox 197 1585 307 1630; x_wconf 82' lang='lat' dir='ltr'><strong>ipsis,</strong></span> <span class='ocrx_word' id='word_1_184' title='bbox 349 1586 496 1630; x_wconf 84' lang='lat' dir='ltr'><strong>legatis,</strong></span> <span class='ocrx_word' id='word_1_185' title='bbox 528 1588 647 1621; x_wconf 82' lang='lat' dir='ltr'><strong>velum</strong></span> <span class='ocrx_word' id='word_1_186' title='bbox 676 1589 881 1632; x_wconf 86' lang='lat' dir='ltr'><strong>proprium,</strong></span> <span class='ocrx_word' id='word_1_187' title='bbox 915 1589 953 1623; x_wconf 92' lang='lat' dir='ltr'><strong>id</strong></span> <span class='ocrx_word' id='word_1_188' title='bbox 989 1594 1044 1623; x_wconf 84' lang='lat' dir='ltr'><strong>est</strong></span> <span class='ocrx_word' id='word_1_189' title='bbox 1073 1593 1220 1624; x_wconf 84' lang='lat' dir='ltr'><strong>seorsim</strong></span> <span class='ocrx_word' id='word_1_190' title='bbox 1251 1594 1321 1626; x_wconf 86' lang='lat' dir='ltr'><strong>soli</strong></span> <span class='ocrx_word' id='word_1_191' title='bbox 1350 1599 1434 1639; x_wconf 91' lang='lat' dir='ltr'><strong>post</strong></span> <span class='ocrx_word' id='word_1_192' title='bbox 1467 1602 1641 1630; x_wconf 82' lang='lat' dir='ltr'><strong>nostrates</strong></span> 
     </span>
     <span class='ocr_line' id='line_1_23' title="bbox 196 1633 1641 1686; baseline 0.008 -21"><span class='ocrx_word' id='word_1_193' title='bbox 196 1642 364 1676; x_wconf 83' lang='lat' dir='ltr'><strong>proceres</strong></span> <span class='ocrx_word' id='word_1_194' title='bbox 390 1633 660 1668; x_wconf 86' lang='lat' dir='ltr'><strong>introvocantur</strong></span> <span class='ocrx_word' id='word_1_195' title='bbox 694 1639 732 1666; x_wconf 86' lang='lat' dir='ltr'><strong>et</strong></span> <span class='ocrx_word' id='word_1_196' title='bbox 755 1634 1057 1676; x_wconf 81' lang='lat' dir='ltr'><strong>introducuntur,</strong></span> <span class='ocrx_word' id='word_1_197' title='bbox 1100 1642 1136 1670; x_wconf 88' lang='lat' dir='ltr'><strong>et</strong></span> <span class='ocrx_word' id='word_1_198' title='bbox 1169 1639 1302 1672; x_wconf 83' lang='lat' dir='ltr'><strong>iterant</strong></span> <span class='ocrx_word' id='word_1_199' title='bbox 1336 1641 1641 1686; x_wconf 69' lang='lat' dir='ltr'><strong>supplicationem</strong></span> 
     </span>
     <span class='ocr_line' id='line_1_24' title="bbox 198 1680 1640 1728; baseline 0.008 -17"><span class='ocrx_word' id='word_1_200' title='bbox 198 1689 300 1712; x_wconf 83' lang='lat' dir='ltr'><strong>suam</strong></span> <span class='ocrx_word' id='word_1_201' title='bbox 323 1680 439 1723; x_wconf 89' lang='lat' dir='ltr'><strong>prima</strong></span> <span class='ocrx_word' id='word_1_202' title='bbox 465 1680 646 1724; x_wconf 83' lang='lat' dir='ltr'><strong>proditam</strong></span> <span class='ocrx_word' id='word_1_203' title='bbox 674 1682 904 1726; x_wconf 81' lang='lat' dir='ltr'><strong>exceptione3</strong></span> <span class='ocrx_word' id='word_1_204' title='bbox 943 1693 1051 1728; x_wconf 87' lang='lat' dir='ltr'><strong>quam</strong></span> <span class='ocrx_word' id='word_1_205' title='bbox 1077 1683 1278 1728; x_wconf 81' lang='lat' dir='ltr'><strong>Imperator</strong></span> <span class='ocrx_word' id='word_1_206' title='bbox 1301 1689 1490 1721; x_wconf 85' lang='lat' dir='ltr'><strong>confirmat</strong></span> <span class='ocrx_word' id='word_1_207' title='bbox 1514 1689 1640 1722; x_wconf 67' lang='lat' dir='ltr'><strong>indul-‘-</strong></span> 
     </span>
     <span class='ocr_line' id='line_1_25' title="bbox 198 1726 1640 1772; baseline 0.008 -14"><span class='ocrx_word' id='word_1_208' title='bbox 198 1736 283 1770; x_wconf 75' lang='lat' dir='ltr'><strong>gens</strong></span> <span class='ocrx_word' id='word_1_209' title='bbox 298 1750 309 1766; x_wconf 90' lang='lat'><strong>,</strong></span> <span class='ocrx_word' id='word_1_210' title='bbox 330 1731 395 1759; x_wconf 88' lang='lat' dir='ltr'><strong>aut</strong></span> <span class='ocrx_word' id='word_1_211' title='bbox 416 1727 558 1772; x_wconf 87' lang='lat' dir='ltr'><strong>scriptis</strong></span> <span class='ocrx_word' id='word_1_212' title='bbox 584 1726 727 1767; x_wconf 86' lang='lat' dir='ltr'><strong>litteris,</strong></span> <span class='ocrx_word' id='word_1_213' title='bbox 754 1738 847 1772; x_wconf 82' lang='lat' dir='ltr'><strong>quae</strong></span> <span class='ocrx_word' id='word_1_214' title='bbox 870 1731 1036 1771; x_wconf 88' lang='lat' dir='ltr'><strong>protinus</strong></span> <span class='ocrx_word' id='word_1_215' title='bbox 1061 1729 1281 1766; x_wconf 73' lang='lat' dir='ltr'><strong>exhibentur</strong></span> <span class='ocrx_word' id='word_1_216' title='bbox 1304 1739 1342 1766; x_wconf 89' lang='lat' dir='ltr'><strong>et</strong></span> <span class='ocrx_word' id='word_1_217' title='bbox 1365 1734 1549 1768; x_wconf 85' lang='lat' dir='ltr'><strong>adduntur</strong></span> <span class='ocrx_word' id='word_1_218' title='bbox 1573 1737 1640 1770; x_wconf 78' lang='lat' dir='ltr'><strong>ab-</strong></span> 
     </span>
     <span class='ocr_line' id='line_1_26' title="bbox 197 1772 1638 1819; baseline 0.009 -15"><span class='ocrx_word' id='word_1_219' title='bbox 197 1772 395 1813; x_wconf 78' lang='lat' dir='ltr'><strong>euntibus,</strong></span> <span class='ocrx_word' id='word_1_220' title='bbox 419 1778 483 1806; x_wconf 89' lang='lat' dir='ltr'><strong>aut</strong></span> <span class='ocrx_word' id='word_1_221' title='bbox 504 1773 640 1819; x_wconf 85' lang='lat' dir='ltr'><strong>absque</strong></span> <span class='ocrx_word' id='word_1_222' title='bbox 665 1773 798 1817; x_wconf 88' lang='lat' dir='ltr'><strong>scripto</strong></span> <span class='ocrx_word' id='word_1_223' title='bbox 830 1776 905 1808; x_wconf 79' lang='lat' dir='ltr'><strong>sola</strong></span> <span class='ocrx_word' id='word_1_224' title='bbox 931 1786 994 1808; x_wconf 89' lang='lat' dir='ltr'><strong>sua</strong></span> <span class='ocrx_word' id='word_1_225' title='bbox 1020 1778 1280 1819; x_wconf 83' lang='lat' dir='ltr'><strong>promissione,</strong></span> <span class='ocrx_word' id='word_1_226' title='bbox 1305 1791 1343 1813; x_wconf 88' lang='lat' dir='ltr'><strong>se</strong></span> <span class='ocrx_word' id='word_1_227' title='bbox 1369 1781 1507 1814; x_wconf 86' lang='lat' dir='ltr'><strong>litteras</strong></span> <span class='ocrx_word' id='word_1_228' title='bbox 1522 1781 1567 1815; x_wconf 90' lang='lat' dir='ltr'><strong>de</strong></span> <span class='ocrx_word' id='word_1_229' title='bbox 1599 1783 1638 1818; x_wconf 83' lang='lat' dir='ltr'><strong>re</strong></span> 
     </span>
     <span class='ocr_line' id='line_1_27' title="bbox 197 1817 1639 1864; baseline 0.009 -14"><span class='ocrx_word' id='word_1_230' title='bbox 197 1821 361 1863; x_wconf 83' lang='lat' dir='ltr'><strong>quaesita</strong></span> <span class='ocrx_word' id='word_1_231' title='bbox 385 1817 432 1852; x_wconf 88' lang='lat' dir='ltr'><strong>ad</strong></span> <span class='ocrx_word' id='word_1_232' title='bbox 462 1819 579 1864; x_wconf 87' lang='lat' dir='ltr'><strong>ipsum</strong></span> <span class='ocrx_word' id='word_1_233' title='bbox 614 1820 805 1864; x_wconf 84' lang='lat' dir='ltr'><strong>legationis</strong></span> <span class='ocrx_word' id='word_1_234' title='bbox 836 1826 1018 1855; x_wconf 86' lang='lat' dir='ltr'><strong>auctorem</strong></span> <span class='ocrx_word' id='word_1_235' title='bbox 1043 1824 1235 1857; x_wconf 85' lang='lat' dir='ltr'><strong>missurum</strong></span> <span class='ocrx_word' id='word_1_236' title='bbox 1261 1836 1349 1859; x_wconf 90' lang='lat' dir='ltr'><strong>esse.</strong></span> <span class='ocrx_word' id='word_1_237' title='bbox 1396 1828 1451 1862; x_wconf 74' lang='lat' dir='ltr'><strong>Ab</strong></span> <span class='ocrx_word' id='word_1_238' title='bbox 1476 1839 1519 1861; x_wconf 92' lang='lat' dir='ltr'><strong>eo</strong></span> <span class='ocrx_word' id='word_1_239' title='bbox 1545 1834 1639 1863; x_wconf 85' lang='lat' dir='ltr'><strong>tem-</strong></span> 
     </span>
     <span class='ocr_line' id='line_1_28' title="bbox 194 1866 1636 1918; baseline 0.009 -20"><span class='ocrx_word' id='word_1_240' title='bbox 194 1875 285 1910; x_wconf 83' lang='lat' dir='ltr'><strong>pore</strong></span> <span class='ocrx_word' id='word_1_241' title='bbox 307 1866 549 1907; x_wconf 84' lang='lat' dir='ltr'><strong>conveniunt,</strong></span> <span class='ocrx_word' id='word_1_242' title='bbox 585 1872 628 1900; x_wconf 88' lang='lat' dir='ltr'><strong>ut</strong></span> <span class='ocrx_word' id='word_1_243' title='bbox 653 1867 790 1900; x_wconf 88' lang='lat' dir='ltr'><strong>dictum</strong></span> <span class='ocrx_word' id='word_1_244' title='bbox 817 1873 890 1909; x_wconf 84' lang='lat' dir='ltr'><strong>est,</strong></span> <span class='ocrx_word' id='word_1_245' title='bbox 915 1869 955 1901; x_wconf 87' lang='lat' dir='ltr'><strong>in</strong></span> <span class='ocrx_word' id='word_1_246' title='bbox 978 1870 1123 1902; x_wconf 85' lang='lat' dir='ltr'><strong>silentia</strong></span> <span class='ocrx_word' id='word_1_247' title='bbox 1146 1871 1247 1905; x_wconf 87' lang='lat' dir='ltr'><strong>velut</strong></span> <span class='ocrx_word' id='word_1_248' title='bbox 1265 1873 1495 1918; x_wconf 84' lang='lat' dir='ltr'><strong>Imperatoris</strong></span> <span class='ocrx_word' id='word_1_249' title='bbox 1519 1878 1636 1911; x_wconf 86' lang='lat' dir='ltr'><strong>nostri</strong></span> 
     </span>
     <span class='ocr_line' id='line_1_29' title="bbox 191 1913 1636 1959; baseline 0.009 -15"><span class='ocrx_word' id='word_1_250' title='bbox 191 1922 384 1956; x_wconf 84' lang='lat' dir='ltr'><strong>proceres;</strong></span> <span class='ocrx_word' id='word_1_251' title='bbox 415 1917 454 1945; x_wconf 90' lang='lat' dir='ltr'><strong>et</strong></span> <span class='ocrx_word' id='word_1_252' title='bbox 476 1913 639 1959; x_wconf 85' lang='lat' dir='ltr'><strong>quisquis</strong></span> <span class='ocrx_word' id='word_1_253' title='bbox 676 1924 800 1947; x_wconf 90' lang='lat' dir='ltr'><strong>eorum</strong></span> <span class='ocrx_word' id='word_1_254' title='bbox 827 1915 1030 1959; x_wconf 84' lang='lat' dir='ltr'><strong>praefectus</strong></span> <span class='ocrx_word' id='word_1_255' title='bbox 1062 1915 1196 1958; x_wconf 80' lang='lat' dir='ltr'><strong>fuerit,</strong></span> <span class='ocrx_word' id='word_1_256' title='bbox 1228 1919 1293 1952; x_wconf 89' lang='lat' dir='ltr'><strong>ille</strong></span> <span class='ocrx_word' id='word_1_257' title='bbox 1316 1931 1338 1952; x_wconf 88' lang='lat' dir='ltr'><strong>a</strong></span> <span class='ocrx_word' id='word_1_258' title='bbox 1365 1921 1572 1957; x_wconf 82' lang='lat' dir='ltr'><strong>domesticis</strong></span> <span class='ocrx_word' id='word_1_259' title='bbox 1597 1930 1636 1958; x_wconf 90' lang='lat' dir='ltr'><strong>et</strong></span> 
     </span>
     <span class='ocr_line' id='line_1_30' title="bbox 192 1958 1636 2008; baseline 0.008 -15"><span class='ocrx_word' id='word_1_260' title='bbox 192 1958 460 2004; x_wconf 75' lang='lat' dir='ltr'><strong>protectoribus</strong></span> <span class='ocrx_word' id='word_1_261' title='bbox 480 1959 670 2000; x_wconf 86' lang='lat' dir='ltr'><strong>adoratur,</strong></span> <span class='ocrx_word' id='word_1_262' title='bbox 696 1965 734 1994; x_wconf 85' lang='lat' dir='ltr'><strong>et</strong></span> <span class='ocrx_word' id='word_1_263' title='bbox 750 1961 941 2005; x_wconf 88' lang='lat' dir='ltr'><strong>persicium</strong></span> <span class='ocrx_word' id='word_1_264' title='bbox 963 1973 1027 1996; x_wconf 86' lang='lat' dir='ltr'><strong>seu</strong></span> <span class='ocrx_word' id='word_1_265' title='bbox 1049 1966 1267 2008; x_wconf 83' lang='lat' dir='ltr'><strong>marsupium</strong></span> <span class='ocrx_word' id='word_1_266' title='bbox 1299 1968 1456 2002; x_wconf 72' lang='lat' dir='ltr'><strong>occurrit</strong></span> <span class='ocrx_word' id='word_1_267' title='bbox 1473 1980 1537 2003; x_wconf 87' lang='lat' dir='ltr'><strong>seu</strong></span> <span class='ocrx_word' id='word_1_268' title='bbox 1566 1971 1636 2004; x_wconf 91' lang='lat' dir='ltr'><strong>ob-</strong></span> 
     </span>
     <span class='ocr_line' id='line_1_31' title="bbox 191 2005 1633 2061; baseline 0.009 -23"><span class='ocrx_word' id='word_1_269' title='bbox 191 2005 288 2038; x_wconf 77' lang='lat' dir='ltr'><strong>viam</strong></span> <span class='ocrx_word' id='word_1_270' title='bbox 317 2005 432 2040; x_wconf 81' lang='lat' dir='ltr'><strong>fertur</strong></span> <span class='ocrx_word' id='word_1_271' title='bbox 458 2007 549 2051; x_wconf 85' lang='lat' dir='ltr'><strong>ipsi;</strong></span> <span class='ocrx_word' id='word_1_272' title='bbox 587 2013 624 2041; x_wconf 90' lang='lat' dir='ltr'><strong>et</strong></span> <span class='ocrx_word' id='word_1_273' title='bbox 657 2007 751 2040; x_wconf 80' lang='lat' dir='ltr'><strong>fiunt</strong></span> <span class='ocrx_word' id='word_1_274' title='bbox 785 2009 923 2054; x_wconf 88' lang='lat' dir='ltr'><strong>reliqua</strong></span> <span class='ocrx_word' id='word_1_275' title='bbox 952 2010 1073 2042; x_wconf 87' lang='lat' dir='ltr'><strong>omnia</strong></span> <span class='ocrx_word' id='word_1_276' title='bbox 1102 2011 1211 2045; x_wconf 88' lang='lat' dir='ltr'><strong>modo</strong></span> <span class='ocrx_word' id='word_1_277' title='bbox 1243 2019 1428 2048; x_wconf 90' lang='lat' dir='ltr'><strong>consueto.</strong></span> <span class='ocrx_word' id='word_1_278' title='bbox 1477 2015 1633 2061; x_wconf 87' lang='lat' dir='ltr'><strong>Quando</strong></span> 
     </span>
     <span class='ocr_line' id='line_1_32' title="bbox 192 2053 1630 2102; baseline 0.01 -18"><span class='ocrx_word' id='word_1_279' title='bbox 192 2056 314 2085; x_wconf 79' lang='lat' dir='ltr'><strong>autem</strong></span> <span class='ocrx_word' id='word_1_280' title='bbox 335 2053 535 2096; x_wconf 81' lang='lat' dir='ltr'><strong>Imperator</strong></span> <span class='ocrx_word' id='word_1_281' title='bbox 556 2055 631 2088; x_wconf 85' lang='lat' dir='ltr'><strong>illis</strong></span> <span class='ocrx_word' id='word_1_282' title='bbox 652 2055 732 2087; x_wconf 85' lang='lat' dir='ltr'><strong>vult</strong></span> <span class='ocrx_word' id='word_1_283' title='bbox 761 2055 987 2089; x_wconf 86' lang='lat' dir='ltr'><strong>audientiam</strong></span> <span class='ocrx_word' id='word_1_284' title='bbox 1004 2057 1276 2092; x_wconf 86' lang='lat' dir='ltr'><strong>valedictoriam</strong></span> <span class='ocrx_word' id='word_1_285' title='bbox 1297 2059 1399 2102; x_wconf 86' lang='lat' dir='ltr'><strong>dare,</strong></span> <span class='ocrx_word' id='word_1_286' title='bbox 1426 2062 1536 2097; x_wconf 90' lang='lat' dir='ltr'><strong>debet</strong></span> <span class='ocrx_word' id='word_1_287' title='bbox 1553 2076 1630 2098; x_wconf 83' lang='lat' dir='ltr'><strong>ma-</strong></span> 
     </span>
     <span class='ocr_line' id='line_1_33' title="bbox 192 2099 1634 2156; baseline 0.01 -25"><span class='ocrx_word' id='word_1_288' title='bbox 192 2099 303 2142; x_wconf 83' lang='lat' dir='ltr'><strong>gister</strong></span> <span class='ocrx_word' id='word_1_289' title='bbox 323 2105 431 2133; x_wconf 84' lang='lat' dir='ltr'><strong>antea</strong></span> <span class='ocrx_word' id='word_1_290' title='bbox 454 2101 624 2135; x_wconf 81' lang='lat' dir='ltr'><strong>notitiam</strong></span> <span class='ocrx_word' id='word_1_291' title='bbox 650 2111 715 2134; x_wconf 88' lang='lat' dir='ltr'><strong>seu</strong></span> <span class='ocrx_word' id='word_1_292' title='bbox 740 2100 941 2135; x_wconf 88' lang='lat' dir='ltr'><strong>indiculum</strong></span> <span class='ocrx_word' id='word_1_293' title='bbox 963 2114 1008 2136; x_wconf 77' lang='lat' dir='ltr'><strong>ex</strong></span> <span class='ocrx_word' id='word_1_294' title='bbox 1036 2104 1265 2148; x_wconf 82' lang='lat' dir='ltr'><strong>Imperatoris</strong></span> <span class='ocrx_word' id='word_1_295' title='bbox 1287 2108 1425 2142; x_wconf 89' lang='lat' dir='ltr'><strong>iudicio</strong></span> <span class='ocrx_word' id='word_1_296' title='bbox 1446 2115 1555 2156; x_wconf 88' lang='lat' dir='ltr'><strong>atque</strong></span> <span class='ocrx_word' id='word_1_297' title='bbox 1578 2112 1634 2145; x_wconf 91' lang='lat' dir='ltr'><strong>di·-</strong></span> 
     </span>
     <span class='ocr_line' id='line_1_34' title="bbox 192 2146 1633 2204; baseline 0.01 -27"><span class='ocrx_word' id='word_1_298' title='bbox 192 2146 353 2179; x_wconf 84' lang='lat' dir='ltr'><strong>rectione</strong></span> <span class='ocrx_word' id='word_1_299' title='bbox 382 2147 525 2187; x_wconf 87' lang='lat' dir='ltr'><strong>facere,</strong></span> <span class='ocrx_word' id='word_1_300' title='bbox 551 2159 622 2192; x_wconf 85' lang='lat' dir='ltr'><strong>quo</strong></span> <span class='ocrx_word' id='word_1_301' title='bbox 646 2149 884 2192; x_wconf 87' lang='lat' dir='ltr'><strong>perscriptum</strong></span> <span class='ocrx_word' id='word_1_302' title='bbox 903 2150 974 2190; x_wconf 90' lang='lat' dir='ltr'><strong>sit,</strong></span> <span class='ocrx_word' id='word_1_303' title='bbox 1000 2149 1091 2196; x_wconf 84' lang='lat' dir='ltr'><strong>quid</strong></span> <span class='ocrx_word' id='word_1_304' title='bbox 1117 2151 1315 2197; x_wconf 85' lang='lat' dir='ltr'><strong>legatorum</strong></span> <span class='ocrx_word' id='word_1_305' title='bbox 1342 2157 1515 2202; x_wconf 87' lang='lat' dir='ltr'><strong>quisque,</strong></span> <span class='ocrx_word' id='word_1_306' title='bbox 1542 2158 1633 2204; x_wconf 90' lang='lat' dir='ltr'><strong>quid</strong></span> 
     </span>
     <span class='ocr_line' id='line_1_35' title="bbox 191 2189 1631 2247; baseline 0.01 -23"><span class='ocrx_word' id='word_1_307' title='bbox 191 2189 379 2225; x_wconf 78' lang='lat' dir='ltr'><strong>hominum</strong></span> <span class='ocrx_word' id='word_1_308' title='bbox 412 2194 471 2227; x_wconf 87' lang='lat' dir='ltr'><strong>vel</strong></span> <span class='ocrx_word' id='word_1_309' title='bbox 494 2194 707 2227; x_wconf 80' lang='lat' dir='ltr'><strong>famulorum</strong></span> <span class='ocrx_word' id='word_1_310' title='bbox 745 2205 806 2228; x_wconf 87' lang='lat' dir='ltr'><strong>eos</strong></span> <span class='ocrx_word' id='word_1_311' title='bbox 840 2197 1088 2230; x_wconf 88' lang='lat' dir='ltr'><strong>comitantium</strong></span> <span class='ocrx_word' id='word_1_312' title='bbox 1133 2202 1383 2247; x_wconf 83' lang='lat' dir='ltr'><strong>unusquisque</strong></span> <span class='ocrx_word' id='word_1_313' title='bbox 1423 2203 1462 2235; x_wconf 89' lang='lat' dir='ltr'><strong>in</strong></span> <span class='ocrx_word' id='word_1_314' title='bbox 1502 2215 1631 2238; x_wconf 88' lang='lat' dir='ltr'><strong>munus</strong></span> 
     </span>
     <span class='ocr_line' id='line_1_36' title="bbox 193 2238 1633 2296; baseline 0.012 -28"><span class='ocrx_word' id='word_1_315' title='bbox 193 2242 231 2269; x_wconf 85' lang='lat' dir='ltr'><strong>et</strong></span> <span class='ocrx_word' id='word_1_316' title='bbox 250 2238 350 2272; x_wconf 82' lang='lat' dir='ltr'><strong>velut</strong></span> <span class='ocrx_word' id='word_1_317' title='bbox 373 2239 542 2274; x_wconf 78' lang='lat' dir='ltr'><strong>viaticum</strong></span> <span class='ocrx_word' id='word_1_318' title='bbox 564 2244 726 2284; x_wconf 86' lang='lat' dir='ltr'><strong>accipere</strong></span> <span class='ocrx_word' id='word_1_319' title='bbox 754 2240 896 2275; x_wconf 86' lang='lat' dir='ltr'><strong>debeat.</strong></span> <span class='ocrx_word' id='word_1_320' title='bbox 945 2242 1048 2276; x_wconf 88' lang='lat' dir='ltr'><strong>Hanc</strong></span> <span class='ocrx_word' id='word_1_321' title='bbox 1068 2244 1276 2279; x_wconf 87' lang='lat' dir='ltr'><strong>schedulam</strong></span> <span class='ocrx_word' id='word_1_322' title='bbox 1299 2247 1360 2282; x_wconf 83' lang='lat' dir='ltr'><strong>dat</strong></span> <span class='ocrx_word' id='word_1_323' title='bbox 1377 2251 1500 2283; x_wconf 87' lang='lat' dir='ltr'><strong>comiti</strong></span> <span class='ocrx_word' id='word_1_324' title='bbox 1524 2252 1633 2296; x_wconf 81' lang='lat' dir='ltr'><strong>largi-</strong></span> 
     </span>
     <span class='ocr_line' id='line_1_37' title="bbox 195 2283 1634 2339; baseline 0.01 -24"><span class='ocrx_word' id='word_1_325' title='bbox 195 2283 345 2316; x_wconf 84' lang='lat' dir='ltr'><strong>tionum.</strong></span> <span class='ocrx_word' id='word_1_326' title='bbox 395 2286 469 2330; x_wconf 85' lang='lat' dir='ltr'><strong>Qui</strong></span> <span class='ocrx_word' id='word_1_327' title='bbox 491 2288 522 2320; x_wconf 88' lang='lat' dir='ltr'><strong>si</strong></span> <span class='ocrx_word' id='word_1_328' title='bbox 549 2289 678 2332; x_wconf 89' lang='lat' dir='ltr'><strong>etipse</strong></span> <span class='ocrx_word' id='word_1_329' title='bbox 698 2293 840 2332; x_wconf 79' lang='lat' dir='ltr'><strong>paratus</strong></span> <span class='ocrx_word' id='word_1_330' title='bbox 871 2290 942 2330; x_wconf 87' lang='lat' dir='ltr'><strong>sit,</strong></span> <span class='ocrx_word' id='word_1_331' title='bbox 967 2290 1012 2323; x_wconf 91' lang='lat' dir='ltr'><strong>ad</strong></span> <span class='ocrx_word' id='word_1_332' title='bbox 1035 2293 1231 2335; x_wconf 86' lang='lat' dir='ltr'><strong>promenda</strong></span> <span class='ocrx_word' id='word_1_333' title='bbox 1250 2305 1379 2339; x_wconf 87' lang='lat' dir='ltr'><strong>nempe</strong></span> <span class='ocrx_word' id='word_1_334' title='bbox 1403 2302 1440 2330; x_wconf 94' lang='lat' dir='ltr'><strong>et</strong></span> <span class='ocrx_word' id='word_1_335' title='bbox 1458 2298 1634 2331; x_wconf 79' lang='lat' dir='ltr'><strong>tradenda</strong></span> 
     </span>
     <span class='ocr_line' id='line_1_38' title="bbox 196 2330 1636 2382; baseline 0.01 -20"><span class='ocrx_word' id='word_1_336' title='bbox 196 2330 318 2362; x_wconf 80' lang='lat' dir='ltr'><strong>omnia</strong></span> <span class='ocrx_word' id='word_1_337' title='bbox 345 2331 415 2364; x_wconf 90' lang='lat' dir='ltr'><strong>sibi</strong></span> <span class='ocrx_word' id='word_1_338' title='bbox 444 2335 680 2379; x_wconf 83' lang='lat' dir='ltr'><strong>praescripta,</strong></span> <span class='ocrx_word' id='word_1_339' title='bbox 714 2334 853 2367; x_wconf 83' lang='lat' dir='ltr'><strong>habeus</strong></span> <span class='ocrx_word' id='word_1_340' title='bbox 881 2337 1000 2370; x_wconf 87' lang='lat' dir='ltr'><strong>omnia</strong></span> <span class='ocrx_word' id='word_1_341' title='bbox 1023 2338 1062 2370; x_wconf 89' lang='lat' dir='ltr'><strong>in</strong></span> <span class='ocrx_word' id='word_1_342' title='bbox 1091 2345 1254 2382; x_wconf 86' lang='lat' dir='ltr'><strong>promtu,</strong></span> <span class='ocrx_word' id='word_1_343' title='bbox 1280 2345 1365 2375; x_wconf 89' lang='lat' dir='ltr'><strong>tunc</strong></span> <span class='ocrx_word' id='word_1_344' title='bbox 1389 2343 1533 2376; x_wconf 80' lang='lat' dir='ltr'><strong>tandem</strong></span> <span class='ocrx_word' id='word_1_345' title='bbox 1558 2345 1636 2377; x_wconf 87' lang='lat' dir='ltr'><strong>edit</strong></span> 
     </span>
     <span class='ocr_line' id='line_1_39' title="bbox 196 2375 1636 2428; baseline 0.011 -22"><span class='ocrx_word' id='word_1_346' title='bbox 196 2375 390 2420; x_wconf 80' lang='lat' dir='ltr'><strong>Imperator</strong></span> <span class='ocrx_word' id='word_1_347' title='bbox 414 2378 598 2414; x_wconf 89' lang='lat' dir='ltr'><strong>silentium</strong></span> <span class='ocrx_word' id='word_1_348' title='bbox 614 2407 623 2421; x_wconf 84' lang='lat'><strong>,</strong></span> <span class='ocrx_word' id='word_1_349' title='bbox 649 2392 711 2414; x_wconf 89' lang='lat' dir='ltr'><strong>seu</strong></span> <span class='ocrx_word' id='word_1_350' title='bbox 745 2381 848 2414; x_wconf 83' lang='lat' dir='ltr'><strong>iubet</strong></span> <span class='ocrx_word' id='word_1_351' title='bbox 873 2382 967 2415; x_wconf 86' lang='lat' dir='ltr'><strong>illud</strong></span> <span class='ocrx_word' id='word_1_352' title='bbox 990 2395 1055 2428; x_wconf 79' lang='lat' dir='ltr'><strong>per</strong></span> <span class='ocrx_word' id='word_1_353' title='bbox 1081 2386 1308 2420; x_wconf 84' lang='lat' dir='ltr'><strong>mandatores</strong></span> <span class='ocrx_word' id='word_1_354' title='bbox 1337 2389 1462 2425; x_wconf 85' lang='lat' dir='ltr'><strong>indici.</strong></span> <span class='ocrx_word' id='word_1_355' title='bbox 1511 2391 1636 2424; x_wconf 76' lang='lat' dir='ltr'><strong>Altero</strong></span> 
     </span>
     <span class='ocr_line' id='line_1_40' title="bbox 195 2421 1637 2478; baseline 0.012 -25"><span class='ocrx_word' id='word_1_356' title='bbox 195 2421 321 2466; x_wconf 79' lang='lat' dir='ltr'><strong>itaque</strong></span> <span class='ocrx_word' id='word_1_357' title='bbox 353 2422 413 2456; x_wconf 88' lang='lat' dir='ltr'><strong>die</strong></span> <span class='ocrx_word' id='word_1_358' title='bbox 450 2425 543 2459; x_wconf 83' lang='lat' dir='ltr'><strong>fiunt</strong></span> <span class='ocrx_word' id='word_1_359' title='bbox 567 2429 688 2460; x_wconf 85' lang='lat' dir='ltr'><strong>omnia</strong></span> <span class='ocrx_word' id='word_1_360' title='bbox 710 2433 750 2460; x_wconf 90' lang='lat' dir='ltr'><strong>ut</strong></span> <span class='ocrx_word' id='word_1_361' title='bbox 781 2428 820 2460; x_wconf 87' lang='lat' dir='ltr'><strong>in</strong></span> <span class='ocrx_word' id='word_1_362' title='bbox 843 2430 1013 2471; x_wconf 83' lang='lat' dir='ltr'><strong>silentio,</strong></span> <span class='ocrx_word' id='word_1_363' title='bbox 1038 2432 1262 2478; x_wconf 87' lang='lat' dir='ltr'><strong>veniuntque</strong></span> <span class='ocrx_word' id='word_1_364' title='bbox 1282 2434 1417 2478; x_wconf 81' lang='lat' dir='ltr'><strong>legati,</strong></span> <span class='ocrx_word' id='word_1_365' title='bbox 1443 2447 1517 2468; x_wconf 88' lang='lat' dir='ltr'><strong>non</strong></span> <span class='ocrx_word' id='word_1_366' title='bbox 1542 2437 1611 2468; x_wconf 82' lang='lat' dir='ltr'><strong>iam</strong></span> <span class='ocrx_word' id='word_1_367' title='bbox 1627 2462 1637 2477; x_wconf 92' lang='lat'><strong>,</strong></span> 
     </span>
     <span class='ocr_line' id='line_1_41' title="bbox 194 2473 1636 2526; baseline 0.012 -27"><span class='ocrx_word' id='word_1_368' title='bbox 194 2473 237 2500; x_wconf 88' lang='lat' dir='ltr'><strong>ut</strong></span> <span class='ocrx_word' id='word_1_369' title='bbox 262 2474 387 2508; x_wconf 85' lang='lat' dir='ltr'><strong>antea,</strong></span> <span class='ocrx_word' id='word_1_370' title='bbox 413 2474 582 2514; x_wconf 85' lang='lat' dir='ltr'><strong>seorsim,</strong></span> <span class='ocrx_word' id='word_1_371' title='bbox 613 2475 719 2507; x_wconf 89' lang='lat' dir='ltr'><strong>simul</strong></span> <span class='ocrx_word' id='word_1_372' title='bbox 751 2485 872 2508; x_wconf 89' lang='lat' dir='ltr'><strong>omnes</strong></span> <span class='ocrx_word' id='word_1_373' title='bbox 903 2477 941 2509; x_wconf 90' lang='lat' dir='ltr'><strong>in</strong></span> <span class='ocrx_word' id='word_1_374' title='bbox 968 2488 1042 2510; x_wconf 91' lang='lat' dir='ltr'><strong>uno</strong></span> <span class='ocrx_word' id='word_1_375' title='bbox 1075 2489 1244 2522; x_wconf 88' lang='lat' dir='ltr'><strong>corpore,</strong></span> <span class='ocrx_word' id='word_1_376' title='bbox 1277 2480 1340 2513; x_wconf 85' lang='lat' dir='ltr'><strong>sed</strong></span> <span class='ocrx_word' id='word_1_377' title='bbox 1369 2484 1545 2526; x_wconf 83' lang='lat' dir='ltr'><strong>separati,</strong></span> <span class='ocrx_word' id='word_1_378' title='bbox 1572 2495 1636 2516; x_wconf 86' lang='lat' dir='ltr'><strong>suo</strong></span> 
     </span>
     <span class='ocr_line' id='line_1_42' title="bbox 195 2514 1637 2574; baseline 0.012 -29"><span class='ocrx_word' id='word_1_379' title='bbox 195 2514 349 2559; x_wconf 85' lang='lat' dir='ltr'><strong>quisque</strong></span> <span class='ocrx_word' id='word_1_380' title='bbox 378 2515 416 2548; x_wconf 87' lang='lat' dir='ltr'><strong>in</strong></span> <span class='ocrx_word' id='word_1_381' title='bbox 454 2517 553 2558; x_wconf 84' lang='lat' dir='ltr'><strong>loco,</strong></span> <span class='ocrx_word' id='word_1_382' title='bbox 588 2520 684 2554; x_wconf 89' lang='lat' dir='ltr'><strong>inter</strong></span> <span class='ocrx_word' id='word_1_383' title='bbox 713 2521 796 2554; x_wconf 87' lang='lat' dir='ltr'><strong>illos</strong></span> <span class='ocrx_word' id='word_1_384' title='bbox 830 2523 1079 2567; x_wconf 85' lang='lat' dir='ltr'><strong>magistratus,</strong></span> <span class='ocrx_word' id='word_1_385' title='bbox 1116 2524 1163 2557; x_wconf 81' lang='lat' dir='ltr'><strong>ad</strong></span> <span class='ocrx_word' id='word_1_386' title='bbox 1228 2538 1311 2566; x_wconf 88' lang='lat' dir='ltr'><strong>uos,</strong></span> <span class='ocrx_word' id='word_1_387' title='bbox 1355 2528 1454 2560; x_wconf 85' lang='lat' dir='ltr'><strong>velut</strong></span> <span class='ocrx_word' id='word_1_388' title='bbox 1482 2529 1637 2574; x_wconf 83' lang='lat' dir='ltr'><strong>collega,</strong></span> 
     </span>
     <span class='ocr_line' id='line_1_43' title="bbox 189 2538 1636 2616; baseline 0.012 -25"><span class='ocrx_word' id='word_1_389' title='bbox 189 2561 373 2604; x_wconf 86' lang='lat' dir='ltr'><strong>pertinet,</strong></span> <span class='ocrx_word' id='word_1_390' title='bbox 418 2562 581 2610; x_wconf 82' lang='lat' dir='ltr'><strong>adeoque</strong></span> <span class='ocrx_word' id='word_1_391' title='bbox 624 2567 1034 2613; x_wconf 82' lang='lat' dir='ltr'><strong>Constantinopolitanis</strong></span> <span class='ocrx_word' id='word_1_392' title='bbox 1073 2538 1283 2616; x_wconf 42' lang='lat' dir='ltr'><strong>proceribus</strong></span> <span class='ocrx_word' id='word_1_393' title='bbox 1320 2574 1484 2607; x_wconf 83' lang='lat' dir='ltr'><strong>immixti.</strong></span> <span class='ocrx_word' id='word_1_394' title='bbox 1533 2575 1636 2609; x_wconf 87' lang='lat' dir='ltr'><strong>Iussu</strong></span> 
     </span>
     <span class='ocr_line' id='line_1_44' title="bbox 194 2607 1638 2661; baseline 0.012 -24"><span class='ocrx_word' id='word_1_395' title='bbox 194 2611 274 2639; x_wconf 80' lang='lat' dir='ltr'><strong>tum</strong></span> <span class='ocrx_word' id='word_1_396' title='bbox 301 2607 529 2651; x_wconf 86' lang='lat' dir='ltr'><strong>Imperatoris</strong></span> <span class='ocrx_word' id='word_1_397' title='bbox 571 2612 769 2647; x_wconf 84' lang='lat' dir='ltr'><strong>introducit</strong></span> <span class='ocrx_word' id='word_1_398' title='bbox 801 2614 948 2648; x_wconf 87' lang='lat' dir='ltr'><strong>decurio</strong></span> <span class='ocrx_word' id='word_1_399' title='bbox 972 2615 1171 2661; x_wconf 83' lang='lat' dir='ltr'><strong>legatorum</strong></span> <span class='ocrx_word' id='word_1_400' title='bbox 1196 2618 1362 2653; x_wconf 86' lang='lat' dir='ltr'><strong>homines</strong></span> <span class='ocrx_word' id='word_1_401' title='bbox 1389 2631 1451 2653; x_wconf 84' lang='lat' dir='ltr'><strong>seu</strong></span> <span class='ocrx_word' id='word_1_402' title='bbox 1484 2621 1638 2655; x_wconf 85' lang='lat' dir='ltr'><strong>comita-</strong></span> 
     </span>
     <span class='ocr_line' id='line_1_45' title="bbox 195 2655 1636 2713; baseline 0.013 -29"><span class='ocrx_word' id='word_1_403' title='bbox 195 2657 291 2692; x_wconf 85' lang='lat' dir='ltr'><strong>tum,</strong></span> <span class='ocrx_word' id='word_1_404' title='bbox 323 2664 434 2686; x_wconf 89' lang='lat' dir='ltr'><strong>unum</strong></span> <span class='ocrx_word' id='word_1_405' title='bbox 457 2655 619 2690; x_wconf 82' lang='lat' dir='ltr'><strong>ordinem</strong></span> <span class='ocrx_word' id='word_1_406' title='bbox 640 2665 722 2702; x_wconf 86' lang='lat' dir='ltr'><strong>post</strong></span> <span class='ocrx_word' id='word_1_407' title='bbox 745 2661 919 2702; x_wconf 86' lang='lat' dir='ltr'><strong>alterum,</strong></span> <span class='ocrx_word' id='word_1_408' title='bbox 951 2662 1002 2695; x_wconf 89' lang='lat' dir='ltr'><strong>sic</strong></span> <span class='ocrx_word' id='word_1_409' title='bbox 1026 2675 1087 2696; x_wconf 87' lang='lat' dir='ltr'><strong>eos</strong></span> <span class='ocrx_word' id='word_1_410' title='bbox 1110 2664 1203 2697; x_wconf 85' lang='lat' dir='ltr'><strong>clara</strong></span> <span class='ocrx_word' id='word_1_411' title='bbox 1221 2675 1308 2698; x_wconf 86' lang='lat' dir='ltr'><strong>voce</strong></span> <span class='ocrx_word' id='word_1_412' title='bbox 1330 2667 1508 2701; x_wconf 87' lang='lat' dir='ltr'><strong>excitans:</strong></span> <span class='ocrx_word' id='word_1_413' title='bbox 1538 2667 1636 2713; x_wconf 84' lang='lat' dir='ltr'><strong>[Ad-</strong></span> 
     </span>
     <span class='ocr_line' id='line_1_46' title="bbox 196 2699 1634 2762; baseline 0.013 -30"><span class='ocrx_word' id='word_1_414' title='bbox 196 2706 308 2734; x_wconf 78' lang='lat' dir='ltr'><strong>eetote</strong></span> <span class='ocrx_word' id='word_1_415' title='bbox 329 2699 412 2748; x_wconf 83' lang='lat' dir='ltr'><strong>vos]</strong></span> <span class='ocrx_word' id='word_1_416' title='bbox 445 2703 592 2739; x_wconf 77' lang='lat' dir='ltr'><strong>comites</strong></span> <span class='ocrx_word' id='word_1_417' title='bbox 614 2706 792 2751; x_wconf 79' lang='lat' dir='ltr'><strong>1r1&#39;buum3</strong></span> <span class='ocrx_word' id='word_1_418' title='bbox 825 2718 888 2743; x_wconf 84' lang='lat' dir='ltr'><strong>vos</strong></span> <span class='ocrx_word' id='word_1_419' title='bbox 913 2708 1137 2744; x_wconf 78' lang='lat' dir='ltr'><strong>didascalici</strong></span> <span class='ocrx_word' id='word_1_420' title='bbox 1160 2709 1247 2757; x_wconf 86' lang='lat' dir='ltr'><strong>[seu</strong></span> <span class='ocrx_word' id='word_1_421' title='bbox 1275 2713 1541 2762; x_wconf 79' lang='lat' dir='ltr'><strong>magistriani];</strong></span> <span class='ocrx_word' id='word_1_422' title='bbox 1571 2725 1634 2750; x_wconf 84' lang='lat' dir='ltr'><strong>vos</strong></span> 
     </span>
    </p>
   </div>
  </div>
 </body>
</html>
