1878 3112
278 95 386 169 768
558 114 915 155 CONSTANTth
956 114 1443 158 PORPHYROGENJTl

271 211 308 271 ἢ,
328 217 402 259 καί
432 217 574 264 ἕκτους
602 217 751 272 φίλους
768 249 779 268 ,
818 217 1019 271 στιχίζειν
1042 218 1104 259 δὲ
1144 214 1333 269 ἅπαντας
1369 217 1491 263 ἔνθεν
1527 215 1723 264 κάκεῖθεν

272 282 377 325 κατὰ
407 281 482 336 τὴν
509 281 782 337 ἁρμόζουσαν
807 285 880 338 τῆς
908 279 1065 334 τάξεως
1092 281 1251 343 ἑκάστῳ
1281 282 1420 336 δόξαν.
1476 285 1560 328 ἀπὸ
1589 289 1636 329 δὲ
1652 289 1726 342 τῆς

273 348 462 396 στάσεως
490 350 572 389 τῶν
601 349 835 401 λεχθέντων
861 347 1019 391 τούτων
1049 349 1252 404 στιχίζειν
1281 346 1411 401 αὖθις
1437 349 1560 394 ἔνθεν
1588 352 1727 394 adust-

273 419 351 457 θεν
382 413 482 462 τούς
514 411 595 454 α’πὸ
626 415 698 469 τῆς
725 413 880 465 τάξεως
895 417 980 457 τῶν
1007 414 1271 458 κανδιδάτων
1285 418 1359 458 καί
1384 420 1602 474 κατωτέρω
1621 416 1728 474 πρὸς

273 481 319 524 τὸ
351 481 612 534 καθεσθῆναι
648 479 721 522 ἐπὶ
754 482 836 522 τῶν
873 478 1078 537 ἑκατέρων
1117 484 1192 524 δύο
1230 486 1461 540 προκρίτων
1497 485 1754 541 τραπεζῶν.5

275 549 348 591 ἐπὶ
375 548 422 588 δὲ
450 554 541 596 ταῖς
567 549 822 603 κατωτέραις
850 550 1080 604 τραπέζαις
1108 550 1179 591 δεῖ
1199 537 1507 605 πρδστιχίζειν,
1547 548 1621 592 ἐπὶ
1648 551 1728 603 μὲν

276 615 349 670 τῆς
376 615 420 664 ἐξ
449 612 670 667 εὐωνύμου
700 614 862 664 θέσεως
888 613 984 664 τούς
1019 616 1064 667 ἐξ
1104 613 1291 670 Ἀγάρων
1332 615 1545 670 δεσμίους,
1583 613 1656 658 ἐπὶ
1682 616 1730 658 δὲ

248 682 358 736 (ζτῆς
385 678 531 736 ἑτέρας
556 681 764 737 τραπέζης
790 680 892 730 τούς
911 683 1003 724 ,τῶν
1030 679 1167 738 φίλων
1192 681 1453 738 Βουλγάρων
1479 682 1730 739 ἀνθρώπους

279 743 463 797 πάντας·
516 745 699 802 εἰσάγειν
752 749 801 790 δὲ
843 746 1002 798 αὐτοὺς
1040 745 1229 797 ἅπαντας
1265 750 1340 790 καί
1375 747 1533 804 ἐξάγειν
1570 745 1731 798 οὕτως·

277 812 378 863 τοὺς
404 813 483 866 μὲν
513 811 598 854 α’πὸ
630 815 708 869 τῆς
736 811 966 869 συγκλήτου
996 814 1155 863 πάντας
1182 813 1257 856 καί
1301 817 1385 857 ταῖν
1411 805 1631 870 ταγμιῖτων
1655 829 1787 868 με-ιο

276 878 331 922 τοὶ
352 881 434 922 τῶν
453 878 613 922 οἰκείων
640 880 914 935 α’λλαξήμων,
943 879 1047 930 τούς
1075 882 1121 922 δὲ
1150 880 1403 936 Ἀγαρηνούς
1433 880 1732 938 λευκοφόρους,

279 943 469 998 ἆζώνους
497 945 569 988 καὶ
597 947 955 1001 ὑποδεδεμένους,
982 945 1082 997 τούς
1113 947 1160 988 δὲ
1190 946 1449 1004 Βουλγάρων
1480 943 1733 1002 ἀνθρώπους

278 1013 385 1068 μετὰ
423 1015 506 1055 τῶν
546 1012 706 1056 οἰκείων
746 1015 885 1056 αὕτῶν
925 1012 1164 1070 σχημάτων.
1222 1015 1294 1056 δεῖ
1327 1014 1373 1056 δὲ
1410 1010 1735 1070 προσέχειντὴν

280 1076 517 1136 ἐπιφώνησιν
545 1079 618 1122 καί
644 1076 856 1136 ἆπήχησιν
882 1081 965 1123 τῶν
1000 1082 1214 1134 μουσικῶν
1249 1079 1461 1136 ὀργάνων,
1503 1080 1578 1121 καί
1613 1077 1735 1134 ἧνίκα

279 1145 329 1189 τὸ
365 1144 573 1204 ᾀδόμενον
613 1142 695 1204 ᾄσῃ
723 1150 871 1200 μέλος,
901 1149 1072 1203 α’νιστᾷν
1118 1145 1305 1196 ἅπαντας
1330 1148 1389 1196 εἰς
1417 1143 1631 1203 εὐφημίαν
1656 1144 1791 1187 τῶνιό

283 1214 498 1255 δεσποτῶν
539 1214 613 1255 καί
648 1213 776 1261 αὖθις
807 1211 884 1262 τοὶς
925 1211 1089 1254 ἑαυτῶν
1127 1211 1452 1255 ἐκδιδύσκεσθαι
1484 1211 1733 1267 χλαμύδας,

284 1277 359 1320 καὶ
387 1277 497 1332 μετὰ
534 1280 605 1334 τῆς
636 1277 823 1335 ἀφίξεως
857 1280 934 1320 τοῦ
960 1280 1111 1332 μίνσου
1139 1281 1222 1321 τῶν
1251 1278 1453 1320 δουλκίων
1479 1275 1605 1319 πάλιν
1629 1273 1737 1318 ‘rav'-

246 1356 364 1394 Βτας
399 1344 711 1398 ἀναλαμβάνειν
747 1343 854 1401 πρὸς
891 1342 937 1388 τὸ
978 1348 1069 1397 μετ’
1106 1344 1246 1386 αὐτῶν
1280 1342 1588 1399 ἐκπορεύεσθαι
1613 1343 1658 1384 ἐν
1684 1342 1738 1399 τῇ

293 1411 434 1454 αὐτῶν
461 1408 600 1469 ἔξόδιέι.
655 1412 701 1454 ἐν
731 1413 778 1453 δὲ
806 1413 857 1468 τῇ
885 1412 999 1469 αΰτῇ
1027 1407 1254 1453 ἀναστάσει
1281 1411 1352 1452 δεῖ
1364 1410 1588 1466 προσέχειν
1615 1407 1663 1450 τὸ
1692 1409 1740 1450 ἐκ

293 1479 512 1534 βασιλικῆς
539 1475 684 1534 χειρὸς
723 1476 941 1531 διδόμενον
967 1479 1041 1532 τῆς
1083 1479 1287 1533 ἐγέρσεως
1313 1477 1483 1532 σχῆμα,
1522 1473 1600 1517 σὺν
1627 1468 1796 1532 αὗτῷαο

296 1545 344 1587 δὲ
372 1545 446 1586 καί
485 1542 562 1599 τήν
590 1541 827 1600 ἐκφώνησιν
852 1545 932 1586 τοῦ
958 1545 1222 1599 παρεστῶτος
1249 1544 1342 1585 ἐκεῖ
1361 1541 1709 1596 κουβικουλαρίου
1726 1573 1740 1592 ,

293 1612 367 1654 καί
405 1604 536 1660 αὖθις
573 1612 792 1668 ἐξανιστᾷν
829 1609 902 1653 καί
932 1612 1191 1667 προπέμπειν
1231 1607 1329 1660 τούς
1354 1610 1437 1651 τῶν
1465 1605 1502 1648 δ’
1528 1607 1744 1666 τραπεζῶν

100 1679 596 1734 Με.α54.εικεκλημένους,
638 1676 792 1732 μικρὸν
830 1676 1046 1734 εἴργοντας
1082 1674 1183 1725 τούς
1222 1672 1310 1718 ἄνω
1350 1675 1526 1730 φίλους,
1567 1671 1641 1714 καὶ
1661 1667 1747 1714 εἶθ)

299 1741 435 1793 οὕτως
461 1746 834 1801 συνεξερχομένους
868 1740 1072 1794 ἅπαντας.
1128 1740 1200 1784 ἐπὶ
1227 1743 1274 1784 δὲ
1303 1738 1613 1797 τῆςδευτὲρας
1639 1736 1745 1793 ἦμέ-

300 1886 382 1920 loco
407 1884 613 1933 accipiant].
662 1885 794 1918 Omnes
819 1889 941 1918 autem
963 1884 1064 1928 prius
1091 1884 1129 1917 in
1156 1881 1321 1916 ordinem
1346 1877 1565 1925 disponendi
1589 1875 1636 1911 ad
1653 1875 1744 1910 dex-

302 1938 395 1966 tram
420 1938 457 1967 et
494 1933 675 1967 sinistram
714 1931 916 1975 ‚secundum
949 1941 1145 1974 congruum
1178 1931 1310 1976 cuique
1345 1938 1450 1962 suum
1486 1924 1643 1972 gradum.
1690 1922 1746 1956 Ab
1775 1931 1794 1941 '-

305 1979 457 2013 istorum
484 1982 639 2014 statione
665 1979 751 2012 inde
776 1991 884 2024 porro
917 1989 1038 2012 rursus
1063 1976 1258 2011 ordinandi
1284 1981 1369 2009 sunt
1391 1971 1664 2007 candidatorum
1689 1979 1749 2002 or-

307 2026 404 2060 dinis
427 2033 464 2061 et
488 2027 702 2061 inferiorum
729 2026 915 2067 homines,
955 2023 1158 2059 collocandi
1183 2034 1315 2070 nempe
1340 2022 1387 2056 ad
1412 2020 1500 2053 duas
1525 2029 1569 2052 ex
1593 2022 1749 2062 utraque

306 2078 409 2119 parte
435 2075 616 2119 imperiali
647 2075 829 2118 proximas
864 2071 1066 2106 nobiliores
1091 2081 1241 2104 mensas,
1281 2069 1345 2103 -Ad
1370 2068 1529 2112 reliquas
1551 2064 1644 2098 duas·
1665 2061 1750 2095 infi-

306 2131 383 2154 mas
409 2131 546 2154 mensas
571 2121 852 2155 introducuntur
876 2117 1037 2152 seriatim
1063 2117 1253 2163 dispositi,
1280 2128 1300 2150 a
1321 2115 1467 2148 sinistra
1483 2111 1631 2157 quidem
1646 2113 1750 2155 parte

310 2167 444 2213 captivi
468 2168 640 2213 Agareni3
665 2179 685 2199 a
711 2168 837 2201 dextra
861 2177 945 2199 vero
971 2165 1115 2209 Bulgari
1140 2173 1274 2196 omnes.
1321 2160 1604 2195 Introducuntur
1628 2161 1751 2190 autem

312 2219 351 2247 et
374 2212 576 2248 educuntur
601 2215 669 2248 sic:
695 2213 870 2247 senatorii
900 2223 1023 2246 omnes
1056 2215 1093 2243 et
1129 2209 1311 2254 tagmatici
1337 2218 1400 2242 seu
1425 2206 1579 2240 militiae
1602 2205 1753 2237 comita-

310 2261 426 2295 tensis
453 2263 679 2306 magistratus
703 2263 742 2293 in
767 2261 840 2293 suis
866 2257 1093 2300 mutatoriis3
1118 2257 1270 2300 Agareni
1296 2256 1334 2287 iu
1358 2251 1526 2288 candidis
1554 2257 1591 2285 et
1614 2249 1753 2296 absque

311 2309 414 2343 zonis
455 2308 702 2354 calceatique3
746 2306 893 2351 Bulgari
926 2305 1074 2350 proprio
1111 2302 1183 2337 sibi
1221 2313 1286 2335 suo
1325 2301 1364 2334 in
1397 2298 1538 2333 habitu.
1601 2298 1755 2343 Oportet

311 2365 422 2401 porro
446 2355 494 2389 ad
516 2356 732 2388 musicorum
759 2363 975 2399 organorum
1000 2351 1265 2385 intonationem
1291 2347 1500 2388 attendere,
1538 2349 1576 2378 et.
1608 2342 1753 2390 quando

312 2412 457 2436 carmen
481 2407 559 2436 tum
584 2403 664 2435 cani
690 2402 838 2435 solitum
868 2399 985 2434 exorsi
1011 2398 1170 2438 suerint,
1196 2406 1384 2440 exsurgere
1407 2393 1535 2427 iubere
1561 2401 1685 2425 omnes
1709 2387 1757 2422 ad

310 2449 410 2483 hene
433 2449 599 2483 Dominis
623 2448 864 2493 precandum,
897 2445 1175 2490 chlamydesque
1207 2453 1358 2482 exuere,
1397 2451 1490 2487 quae
1529 2449 1650 2472 rursus
1686 2435 1754 2469 sub

313 2496 513 2541 ingressum
548 2497 678 2530 missus
702 2495 903 2528 dulciorum
927 2493 1156 2532 induendae,
1182 2502 1254 2537 quo
1279 2491 1317 2523 in
1343 2490 1407 2530 iis,
1441 2486 1589 2533 quando
1613 2489 1756 2529 tempus

314 2543 515 2577 excedendi
545 2543 704 2583 venerit,
741 2543 884 2576 abeant.
942 2540 998 2575 Eo
1030 2545 1213 2584 tempore,
1250 2548 1322 2583 quo
1356 2531 1643 2578 consurgendum
1682 2534 1756 2570 est,

314 2595 460 2635 oportet
483 2591 624 2634 signum
652 2588 912 2634 consurgendi,
947 2586 1045 2634 quod
1071 2587 1269 2632 Imperator
1293 2594 1400 2616 manu
1426 2592 1488 2615 sua
1515 2579 1595 2620 dat,
1628 2577 1755 2612 obser-

312 2649 415 2679 vare,
442 2637 623 2684 simulque
646 2637 837 2670 clamorem
862 2635 914 2668 ibi
943 2633 1116 2667 adstantis
1142 2631 1379 2669 cubicularii,
1413 2634 1450 2662 et
1478 2627 1643 2673 protinus
1675 2633 1756 2657 sur—

314 2694 397 2728 gere
426 2684 574 2725 iubere,
599 2689 708 2729 atque
735 2683 887 2717 educere
913 2682 1078 2715 convivas
1111 2681 1265 2724 primum
1291 2682 1446 2722 quatuor
1470 2681 1694 2709 mensarum,
1720 2673 1758 2702 et

314 2737 399 2778 post
434 2732 598 2776 exiguam
624 2730 876 2776 interpositam
900 2740 1035 2763 moram
1063 2727 1223 2773 reliquos
1248 2725 1384 2770 primae
1409 2727 1446 2756 et
1470 2729 1629 2755 summae
1656 2726 1757 2751 men-
