1878 3112
332 171 404 211 nE
441 169 698 212 ammon.
737 168 917 212 Amr:
949 170 1172 213 mmm.
1214 172 1269 214 ιι.
1295 174 1366 219 53.
1458 155 1568 230 787

140 270 463 327 δπεξαιροὸνι-αι
502 270 653 321 πάντες
676 269 717 313 οἱ
741 272 826 314 τῶν
851 273 1057 327 σεκρέτων
1079 271 1377 330 χαρτουλᾶριοι
1405 275 1480 318 καί
1504 289 1574 318 νο-

139 336 277 394 τάριοι
301 335 376 379 καὶ
399 336 454 378 τὰ
480 339 628 390 βεστία
655 338 730 380 καὶ
752 336 980 393 ὑπουργίαι
1005 339 1082 380 καὶ
1108 336 1148 380 οἱ
1175 336 1247 381 διὰ
1284 337 1444 390 πόλεως
1469 337 1576 383 ποίν-

140 419 222 454 τες.
274 404 349 445 καὶ
371 404 531 457 γίνεται
557 402 584 458 ἦ
612 401 789 458 διανομὴ
827 404 887 453 εἰς
925 400 1082 456 μόνους
1120 402 1222 454 τούς
1260 398 1467 461 ἄρχοντας
1498 409 1578 449 τοῦ

140 469 391 520 λαυσιακοῦ,
420 463 505 511 οἷον
532 470 591 518 εἰς
616 470 891 524 μαγίστρους,
919 470 1246 525 πραιποσίιους,
1285 470 1576 527 α’νθυπάτους,

114 533 412 588 5πατρικίους,
455 537 886 590 πρωτοσπαθαρίους,
927 533 1006 577 σὺν
1042 541 1128 585 τοῖς
1161 534 1379 591 εὐνούχοις
1414 553 1577 593 πρωτο-

138 600 392 655 σπαθαρίοις
438 601 514 640 καί
548 596 702 652 μόνον·
756 600 1250 656 σπαθαροκανδιδάτοις,
1292 605 1577 659 σπαθαρίοις,

138 664 212 708 καί
232 662 469 721 στράτωρες
495 666 570 707 καί
594 665 881 718 κανδιδάτοις,
909 665 982 708 καί
1008 667 1068 716 εἷς
1095 666 1196 717 τούς
1222 670 1448 722 λεχθέντας
1474 671 1577 720 ἐξω-

137 733 361 787 βρεματῶν
389 731 671 784 α’ποκομβίων.
699 730 739 773 οἱ
762 730 843 787 γὰρ
873 734 949 774 τοῦ
975 734 1268 786 κουβουκλείου
1287 731 1436 785 πάντες
1462 725 1578 778 ι’διαέ

140 794 292 848 ζόντως
316 795 370 839 τὰ
400 795 638 851 οἷποκόμβια
664 796 959 851 λαμβάνουσιν.
1584 809 1615 846 c

90 873 139 900 ¹0
508 877 612 922 Περὶ
637 877 837 918 συνηθείας
858 877 935 911 ταῖν
958 875 1198 924 ἀρτικλινῶν.

240 940 355 984 Ἐπεὶ
380 942 427 983 δὲ
452 939 527 990 τὰς
553 939 624 982 διὰ
653 943 738 983 τῶν
764 944 973 999 βραβειὶυν
1000 947 1073 986 καί
1099 943 1170 986 διὰ
1198 941 1332 1000 λόγων
1356 959 1576 1002 προσγινο-

135 1005 274 1058 μένων
317 1006 445 1057 ιῖξιῶν
481 1005 707 1062 διαιρέσεις
745 1009 820 1048 καί
857 1007 1194 1065 ὑποδιαιρέσεις,
1243 1006 1384 1062 αὔξεις
1419 1027 1464 1054 τε
1502 1010 1578 1054 καὶ

136 1069 348 1125 μειώσεις,
397 1071 672 1128 προσκλήσεις
711 1087 758 1114 τε
805 1074 880 1115 καί
913 1070 1160 1130 ὖποκλήσεις
1176 1108 1190 1130 ,
1237 1079 1299 1126 εἰς
1334 1076 1578 1134 τοῦμφανὲς

137 1134 401 1192 ἐποιήσαμεν,
430 1139 535 1194 φέρε
562 1135 611 1193 δὴ
650 1139 724 1180 καί
760 1137 836 1187 τὰς
862 1136 1040 1181 ἔκπαλαι
1066 1139 1168 1190 τούς
1193 1141 1431 1197 α’ρτικλίνας
1456 1142 1575 1197 παρὰ

90 1205 218 1254 ,suffit
242 1205 450 1257 βασιλέων
475 1205 785 1252 ἐκτυπωθείσας
810 1203 1061 1259 συνηθείας,
1089 1207 1162 1247 καὶ
1187 1207 1234 1248 ἐκ
1259 1206 1383 1248 τίνων
1407 1205 1576 1262 προσαί-

136 1285 229 1311 πων
255 1269 415 1319 ταύτας
442 1268 602 1311 διδόναι
631 1271 773 1320 αὐτοῖς
806 1269 1048 1326 ἦφορίσθη,
1090 1272 1138 1313 ἐκ
1172 1272 1258 1314 τῶν
1286 1272 1575 1327 α’ρχαιοτὲρων

134 1331 429 1390 ἐρανισάμενοι
470 1336 570 1392 τῇδε
610 1337 663 1392 τῇ
702 1337 848 1392 γραφῇ
884 1337 1185 1391 παραδοίημεν.
1238 1339 1623 1392 προβαλλομένηςι)

132 1398 214 1456 γὰρ
255 1401 411 1457 ζωστῆς
447 1396 477 1455 ἢ
502 1402 746 1456 μαγίστρου,
775 1403 940 1443 δίδοται
971 1397 1114 1450 αὖτοῖς
1150 1403 1195 1451 ἐξ
1223 1397 1401 1443 ἑκάστου
1430 1402 1574 1444 αὐτῶν

131 1465 329 1516 καθάπαξ
354 1500 383 1520 ‚‚
409 1466 484 1509 κδ’.
515 1467 752 1520 τιμωμένου
777 1468 824 1508 δὲ
850 1467 1092 1519 συγκέλλου,
1120 1467 1283 1508 δίδοται
1298 1461 1443 1514 αὖτοῖς
1468 1483 1574 1509 συν-

84 1531 261 1587 ῃοὴθεια
290 1534 387 1587 παρ’
425 1531 560 1572 αὐτοῦ
600 1530 797 1580 καθάπαξ
822 1564 854 1585 ‚,
881 1529 948 1585 ιβ’.
1003 1530 1261 1585 ἀναγομένου
1290 1532 1338 1573 δὲ
1364 1529 1571 1585 εὐνούχου

134 1592 164 1654 ἢ
186 1595 400 1654 βαρβάτου
428 1598 489 1646 εἰς
514 1596 838 1653 πατρικιότητα,
865 1592 894 1651 ἢ
922 1594 1170 1638 ἀνθυπάτου
1196 1596 1417 1651 γενομένου
1443 1594 1570 1650 τινὸς,

231 1711 260 1734 ι.
285 1697 586 1746 ὖφεξαιροῦνται
609 1697 689 1734 cod.
715 1702 753 1733 et
776 1697 831 1732 ed.

136 1776 346 1812 chartularii
368 1784 405 1812 et
422 1778 578 1819 notarii,
615 1781 653 1812 et
729 1778 742 1810 i
768 1777 815 1811 ad
830 1777 1060 1818 vestiarium,
1094 1780 1132 1811 et
1156 1778 1220 1823 qui
1248 1776 1295 1810 ad
1324 1776 1567 1811 ministerium

135 1825 352 1858 culinarium
369 1826 565 1869 pertinent,
588 1830 626 1859 et
641 1790 771 1858 urffini
803 1835 949 1867 omnes;
987 1824 1152 1869 adeoque
1179 1825 1400 1869 participant
1427 1823 1472 1857 de
1491 1824 1568 1857 dis-

134 1869 338 1904 tributione
369 1870 600 1904 donariorum
626 1876 713 1904 tune
744 1870 823 1904 dari
841 1871 1029 1904 solitorum
1048 1876 1189 1904 tantum
1208 1881 1373 1916 proceres
1394 1870 1566 1913 lausiaci3

135 1923 179 1951 ut
193 1918 366 1962 magistri,
393 1918 607 1962 praepositi,
630 1917 886 1962 proconsules,
915 1917 1074 1962 patricii,
1101 1917 1383 1962 protospatharii
1406 1915 1563 1958 barbati,

133 1963 418 2010 protospatharii
441 1963 620 2006 ennuchi3
662 1963 727 1997 sed
747 1963 787 1996 hi
809 1963 877 1997 soli
902 1969 1044 1997 tantum
1073 1963 1118 1996 de
1145 1973 1274 2008 genere
1295 1962 1563 2005 eunuchorum;

136 2010 507 2056 spatharocandidati,
539 2009 734 2055 spatharii,
765 2015 954 2050 stratores,
983 2009 1164 2043 candidati
1186 2015 1222 2043 et
1241 2010 1325 2049 illi,
1353 2011 1417 2056 qui
1435 2009 1564 2054 appel-

134 2057 271 2090 htione
301 2056 487 2103 ἐξώβρεμα
520 2055 816 2102 apocombiorum
844 2055 1207 2102 comprehenduntur.
1262 2055 1430 2089 cubiculi
1465 2057 1564 2089 enim

133 2102 298 2138 homines
334 2114 458 2138 omnes
492 2103 642 2136 seorsim
683 2104 869 2148 accipiunt
904 2108 991 2136 tune
1022 2103 1196 2149 temporis
1237 2102 1451 2148 apocombia
1483 2112 1564 2140 sua.

496 2194 540 2217 m:
564 2193 829 2217 consumunmt
850 2192 1042 2217 uncmms
1065 2192 1201 2216 muira.

222 2250 306 2284 Post
322 2251 503 2297 expositas
521 2251 632 2296 igitur
651 2250 888 2295 dignitatum,
918 2254 989 2283 tam
1011 2260 1132 2283 earum
1145 2274 1156 2291 ,
1190 2260 1283 2296 quae
1306 2260 1386 2284 cum
1409 2249 1561 2293 insigni-

134 2293 203 2328 bus
217 2321 228 2337 ,
251 2307 359 2342 quam
378 2309 518 2338 earum,
539 2307 633 2343 quae
649 2296 747 2330 nudo
773 2296 882 2331 verbo
902 2296 1131 2338 tribuuntur,
1160 2296 1380 2331 differentias
1404 2296 1560 2332 maiores

136 2342 376 2388 minoresque,
402 2345 625 2378 incrementa
643 2348 680 2377 et
698 2343 936 2384 decrementa,
955 2342 1210 2377 introducendi
1233 2344 1280 2377 ad
1303 2352 1436 2376 sacram
1456 2352 1562 2377 men-

137 2398 214 2421 sam
244 2393 282 2422 et
313 2389 399 2424 inde
422 2401 542 2425 rursus
573 2389 751 2424 educendi
773 2389 919 2430 modos,
952 2389 1102 2434 agedum
1135 2390 1313 2428 tradamus
1339 2393 1436 2420 minc
1466 2399 1561 2433 quo-

137 2444 211 2480 que
245 2436 452 2480 compilatas
478 2447 523 2470 ex
554 2437 715 2482 antiquis
736 2435 841 2469 libris
872 2435 1172 2477 consuetudines,
1208 2445 1296 2482 quas
1321 2435 1561 2478 Imperatores

138 2480 211 2513 iam
232 2491 254 2513 a
278 2481 386 2526 longo
410 2486 573 2527 tempore
595 2483 772 2516 articlinis
796 2481 1032 2527 assignarunt,
1060 2487 1212 2527 quantas
1230 2486 1268 2514 et
1282 2491 1302 2512 a
1321 2479 1454 2526 quibus
1471 2481 1563 2514 dan.

140 2526 213 2559 das.
261 2527 425 2561 Promota
450 2529 575 2574 itaque
597 2534 696 2563 zosta
719 2533 783 2562 aut
805 2528 993 2574 magistro,
1036 2529 1219 2573 accipiunt
1243 2527 1289 2560 ab
1321 2537 1445 2560 eorum
1468 2537 1563 2562 uno-

139 2583 285 2619 quoque
319 2573 359 2607 in
392 2575 596 2608 universum
629 2575 708 2624 [pro
731 2579 810 2608 toto
833 2585 899 2608 suo
923 2573 1087 2628 corpore]
1122 2573 1251 2618 viginti
1275 2577 1432 2618 quatuor
1454 2585 1563 2607 num-

139 2628 217 2651 mos
247 2629 391 2662 aureos3
432 2621 609 2663 syncellus
639 2625 825 2666 promotus
861 2620 924 2654 dat
953 2621 1042 2665 ipsis
1067 2631 1107 2654 in
1138 2619 1344 2653 universum
1369 2617 1561 2653 duodecim

140 2675 276 2699 aureos.
321 2665 496 2700 Eunucho
517 2666 714 2702 barbamve
737 2666 785 2700 ad
814 2666 1042 2712 patriciatum
1066 2670 1209 2706 evecto,
1256 2669 1320 2698 aut
1350 2666 1560 2699 renuntiato

141 2711 296 2756 quodam
319 2713 546 2758 proconsule,
568 2714 750 2760 accipiunt
771 2712 819 2747 ab
843 2723 968 2748 eorum
993 2721 1214 2758 unoquoque
1238 2710 1430 2747 duodecim
1451 2723 1560 2747 num-
