1884 3112
370 128 443 172 nn
459 125 733 172 ‘nmmos
765 124 946 168 Auum
976 122 1199 168 nm.
1225 127 1259 166 1.
1289 129 1355 172 30,
1495 105 1599 163 165

165 227 271 286 πρὸς
290 227 337 272 τὸ
359 229 535 284 σινάτον,
563 227 617 272 τὰ
636 229 685 271 δὲ
707 225 874 284 δρφανά
893 227 1085 269 ἵστανται
1110 227 1156 268 έν
1175 227 1230 284 τῇ
1244 227 1351 284 μέσῃ
1375 226 1460 268 τῶν
1476 220 1602 275 ἆξιω.

162 296 365 348 ματικῶν.
391 293 466 336 καὶ
479 296 555 337 τοῦ
572 295 760 350 σταυροῦ
786 295 1003 346 μέλλοντος
1025 288 1282 347 ἀνέρχεσθαι
1306 290 1358 334 τὰ
1383 291 1601 347 γραδήλια,

165 357 270 401 ἔνθα
294 359 318 400 ὅ
346 357 544 413 βασιλεῦς
570 360 747 411 ἵσταται,
776 354 896 398 ἅπτει
924 354 1074 413 κηροὺς
1103 353 1124 397 ὃ
1150 355 1348 410 βασιλεῦς
1374 356 1447 398 καί
1472 371 1600 412 προσ-

164 430 286 467 κυνεῖ
306 423 380 467 τὸν
405 423 608 479 σταυρὸν,
638 423 710 466 καὶ
735 417 863 471 αὖθις
890 421 1133 464 ἐπιδίδωσιν
1158 417 1314 471 αὖτοῦς
1337 422 1395 480 τῷ
1421 437 1614 478 nymno-¹

136 488 288 548 ὅσι’τῳ,
338 492 412 533 καί
448 486 575 539 αὕτὸς
612 491 670 547 τῷ
706 491 778 544 τῆς
806 486 1118 540 καταστάσεως,
1166 488 1240 529 καί
1263 484 1461 543 πήγνυσιν
1489 482 1599 530 αὐτά

161 557 210 599 ἐν
235 561 323 604 τοῖς
346 556 623 609 μανουαλίοις
648 557 719 611 τῆς
746 555 860 610 λιτῆς
877 584 887 595 .
947 551 971 595 ὅ
1000 554 1046 594 δὲ
1072 551 1251 608 σταυρὸς
1279 554 1446 595 ἵσταται
1473 555 1519 596 ἒν
1544 556 1634 611 τῇῦ

158 622 267 678 μέσῃ
301 615 477 663 ὄπισθεν
501 622 576 663 τοῦ
604 621 810 674 βασιλέως
836 617 1012 674 πλησίον
1039 619 1112 674 τῆς
1138 617 1271 673 πύλης
1296 619 1375 660 τοῦ
1400 620 1528 673 ναοῦ,
1571 616 1594 661 δ

161 687 210 729 δὲ
234 687 494 744 πατριάρχης
520 683 740 742 ἀνέρχεται
767 687 813 728 ἐν
839 687 892 741 τῇ
912 683 1104 742 ἐκκλησίᾳ
1124 682 1228 736 μετὰ
1254 685 1340 726 τῶν
1365 682 1469 727 κατὰ
1497 701 1600 728 συν·-

157 751 309 808 ἠθειαν
335 754 653 807 συνερχομένων
680 747 815 807 αὐτῷ·
874 747 914 791 οἱ
950 751 998 791 δὲ
1024 747 1166 791 λοιποὶ
1190 748 1380 806 κληρικοί
1407 751 1599 792 ἵστανται

110 816 272 865 ιοκάτω
300 818 360 866 εἷς
386 814 433 859 τὸ
464 814 603 859 κοινὰν
627 818 703 858 τοῦ
726 815 832 857 λαοῦ
858 817 903 866 ἐξ
930 814 1155 870 ἀριστερᾶς
1180 815 1259 856 τοῦ
1283 816 1500 868 βασιλέως.
1528 814 1602 857 καὶ

156 884 403 938 τελουμένης
429 882 504 938 τῆς
527 883 717 930 ἔκτενοῦς
729 914 743 934 ,
770 876 892 922 ἅπτει
918 879 943 922 ὅ
970 877 1168 934 βασιλεὺς
1194 877 1347 936 κηροὺς
1371 879 1444 921 καί
1467 895 1597 935 προσ-

157 946 336 1002 εύχεται,
363 950 437 990 καί
460 945 587 989 πάλιν
612 945 857 990 ἐπιδίδωσιν
885 941 996 987 αῧτά
1024 945 1083 1003 τῷ
1110 943 1384 1003 πραιποσίτῳ,
1411 945 1596 994 κᾶκεῖνος

156 1013 216 1070 τῷ
239 1014 314 1068 τῆς
340 1010 628 1061 καταστάσεως
645 1044 657 1066 ,
696 1012 770 1053 καί
797 1010 1000 1066 πήγνυσιν
1031 1008 1142 1052 αὐτοὶ
1179 1011 1225 1054 ἐν
1263 1016 1352 1059 τοῖς
1377 1011 1450 1065 τῆς
1478 1011 1594 1064 λιτῆς

154 1077 454 1132 μανουαλίοις.
509 1076 532 1120 ὅ
572 1077 620 1120 δὲ
660 1074 860 1131 βασιλεὺς
896 1078 1146 1132 κατέρχεται
1182 1074 1253 1118 διά
1291 1077 1377 1118 τῶν
1402 1074 1593 1132 βάθρων,

106 1141 230 1192 ,5καί
253 1142 453 1197 λαμβάνει
490 1140 607 1199 παρὰ
646 1144 723 1184 τοῦ
759 1141 1036 1197 πραιποσίτου
1078 1140 1222 1197 κηρίον
1259 1140 1484 1184 λιτανίκιον
1523 1139 1596 1182 καὶ

154 1209 377 1264 διέρχεται,
406 1206 722 1265 δηριγευὸμενος
745 1206 827 1249 ὑπὸ
847 1209 932 1249 τῶν
951 1207 1261 1263 προειρημένων
1281 1205 1487 1259 ἁπάντων,
1517 1206 1589 1248 διά

151 1273 230 1316 τοῦ
251 1271 500 1330 άντιφόρου,
546 1275 619 1316 καί
655 1275 888 1330 εἰσέρχεται
924 1273 970 1315 ἐν
1005 1273 1063 1330 τῷ
1107 1271 1271 1329 ἐμβόλῳ
1309 1271 1482 1327 πλησίον
1515 1268 1592 1314 τοῦ
1601 1280 1635 1316 D

151 1337 335 1392 λαῦσου,
373 1339 447 1381 καὶ
474 1335 555 1380 άπὸ
584 1340 666 1382 τῶν
693 1341 825 1382 ἐκεῖσε
854 1335 1081 1395 ἀπέρχεται
1108 1339 1168 1388 εἰς
1206 1335 1279 1380 τὸν
1306 1336 1412 1380 ναὸν
1439 1339 1513 1391 τῆς
1541 1336 1594 1379 ὗ-

150 1406 353 1459 περαγίας
382 1403 590 1446 Θεοτόκου
620 1405 704 1447 τῶν
729 1403 1093 1461 χαλκοπρατείων,
1140 1401 1214 1444 καί
1237 1400 1436 1445 εἰσελθών
1463 1402 1507 1444 ἐν
1532 1401 1594 1460 τῷ

100 1467 354 1525 αονάρθηκι,
379 1470 600 1521 καθέζεται
626 1471 870 1526 προσμένων
893 1469 967 1512 τὸν
994 1468 1283 1526 πατριάρχην.
1336 1466 1594 1521 καταλαβόν-

151 1551 222 1584 τος
247 1536 295 1576 δὲ
323 1537 401 1576 τοῦ
427 1536 690 1591 πατριάρχου
709 1535 812 1589 μετά
840 1537 914 1591 τῆς
940 1538 1072 1590 λιτῆς,
1100 1532 1145 1577 τὸ
1166 1536 1244 1587 μὲν
1264 1533 1493 1586 πολίτευμα
1519 1534 1595 1575 καὶ

151 1597 200 1640 τὸ
229 1598 366 1642 κοινὰν
406 1602 481 1642 τοῦ
516 1601 669 1656 κλήρου
708 1602 944 1657 εἰσέρχεται
982 1599 1052 1642 διὰ
1080 1601 1155 1654 τῆς
1182 1600 1320 1648 δεξιᾶς
1346 1598 1479 1652 πύλης
1505 1600 1590 1639 τῶν

149 1665 378 1716 βασιλικῶν
404 1666 571 1718 πυλῶν,
599 1663 653 1706 τά
683 1667 729 1707 δὲ
757 1662 928 1721 ὀρφανά
958 1666 1032 1706 καί
1056 1663 1095 1705 οἱ
1121 1666 1423 1719 μητροπολῖται
1450 1662 1523 1705 καί
1549 1661 1590 1704 οἱ

149 1728 366 1770 ἐπίσκοποι
393 1729 630 1785 διέρχονται
659 1729 895 1787 ἔμπροσθεν
918 1733 994 1773 τοῦ
1013 1731 1230 1783 βασιλέως,
1259 1730 1586 1784 προσκυνοῦντες

97 1792 290 1848 fimiter,
318 1793 390 1836 καὶ
414 1796 671 1851 εἰσέρχονται
698 1797 743 1839 ἐν
770 1798 826 1853 τῷ
853 1798 940 1855 ναῷ
965 1794 1035 1838 διά
1062 1796 1144 1838 τῶν
1170 1795 1396 1848 βασιλικῶν
1421 1795 1575 1838 πυλῶν.
1585 1798 1650 1835 Ms.
1665 1804 1721 1839 80.
1743 1815 1765 1836 a

241 1896 296 1932 25.
320 1895 421 1942 αὐτῷ
444 1896 521 1930 cod.

145 1997 334 2032 procerum
366 1992 472 2022 stant.
526 1989 695 2036 Dumque
730 2000 815 2023 crux
826 2000 892 2035 per
915 1989 1067 2034 gradus,
1091 1990 1157 2023 ubi
1174 1989 1373 2035 Imperator
1399 1993 1490 2031 stat,
1512 1990 1578 2023 ad-

145 2044 315 2067 scensura
331 2040 404 2076 est,
428 2046 548 2068 cereos
569 2035 751 2078 accendit,
776 2042 814 2069 et
840 2047 943 2070 cruce
968 2036 1139 2078 adorata,
1174 2047 1236 2070 eos
1277 2037 1400 2070 statim
1423 2047 1579 2082 praepo-

146 2080 230 2122 sito,
254 2080 595 2115 hiccerimoniarum
603 2083 773 2128 magistro
785 2083 908 2124 tradit,
934 2084 999 2130 qui
1011 2084 1120 2116 cosin
1130 2082 1358 2117 candelabris
1374 2083 1578 2128 processio-

146 2127 204 2160 nis
221 2129 375 2172 reponit.
422 2129 518 2162 Crux
541 2129 581 2162 in
604 2129 724 2162 media
749 2141 844 2174 pone
864 2131 1121 2175 Imperatorem
1144 2141 1258 2175 prope
1283 2130 1411 2175 templi
1434 2135 1575 2175 portam

146 2173 362 2216 collocatur,
388 2175 590 2219 patriarcha
609 2187 694 2210 vero
720 2187 801 2209 cum
830 2177 897 2218 iis,
929 2178 993 2224 qui
1012 2188 1083 2210 una
1098 2188 1178 2210 cum
1196 2177 1276 2222 ipso
1296 2188 1361 2222 pro
1383 2187 1482 2209 more
1510 2176 1575 2209 ad-

145 2226 342 2262 venerunt,
365 2221 405 2254 in
423 2222 609 2256 ecclesiam
627 2223 808 2266 ascendit'3
834 2224 943 2256 ceteri
962 2229 1083 2257 autem
1100 2224 1220 2257 clerici
1237 2224 1332 2257 infra
1347 2235 1427 2257 cum
1443 2223 1574 2268 populi

147 2265 254 2298 turha
271 2267 318 2299 ad
337 2268 519 2301 sinistram
539 2269 768 2314 imperatoris
785 2266 938 2303 adstant.
986 2271 1108 2304 Finita
1126 2276 1292 2312 extensa,
1317 2281 1436 2304 cereos
1455 2271 1572 2314 Impe-

146 2316 243 2344 rator
262 2314 426 2347 accendit
439 2320 477 2347 et
491 2321 659 2359 precatur
671 2342 681 2357 ‚
707 2315 839 2349 deinde
859 2325 921 2349 eos
941 2328 1062 2350 rursus
1084 2318 1291 2363 praeposito
1306 2343 1316 2358 ‚
1338 2316 1400 2350 hic
1419 2317 1571 2349 cerimo-

145 2357 286 2391 niarum
301 2361 467 2404 magistro
478 2361 600 2403 tradit,
628 2361 691 2409 qui
704 2373 764 2395 eos
777 2362 815 2395 in
828 2363 1058 2398 manualibus
1067 2364 1306 2409 processionis
1319 2363 1471 2409 reponit.
1495 2363 1569 2409 im-

145 2409 290 2447 perator
315 2417 379 2450 per
405 2408 535 2441 scalam
556 2408 795 2450 descendens,
822 2420 964 2443 cereum
994 2411 1299 2456 processionalem
1314 2421 1335 2443 a
1358 2409 1567 2455 praeposito

145 2449 296 2494 accipit,
325 2457 363 2485 et
389 2463 410 2484 a
429 2454 622 2498 praedictis
651 2455 818 2489 omnibus
843 2457 1016 2502 stipatus,
1045 2468 1111 2502 per
1138 2458 1335 2491 antiforum
1364 2456 1568 2501 digressus,

145 2496 324 2539 porticum
341 2509 452 2543 prope
482 2500 574 2534 lausi
597 2502 773 2546 palatium
799 2502 1018 2547 ingreditur,
1042 2503 1139 2538 unde
1160 2503 1207 2537 ad
1223 2504 1398 2548 templum
1421 2501 1572 2534 sanctis-

146 2541 257 2575 simae
276 2543 452 2588 Deiparae
469 2546 791 2593 chalcopratiorum
819 2549 983 2594 procedit
1025 2551 1117 2584 etin
1142 2550 1312 2584 narthece
1329 2547 1484 2587 assidet,
1506 2557 1571 2591 pa-

145 2587 338 2622 triarcham
360 2597 578 2636 exspectans.
626 2594 710 2640 Quo
726 2606 805 2628 cum
829 2597 1057 2641 processione
1077 2598 1267 2636 veniente,
1299 2600 1446 2628 senatus
1469 2593 1587 2629 urbis.

145 2639 182 2667 et
199 2634 319 2667 cleriei
339 2646 544 2672 communes
577 2650 642 2683 per
661 2641 822 2674 dextram
849 2649 991 2687 portam
1017 2644 1194 2688 regiarum
1228 2643 1378 2682 intrant,
1402 2639 1570 2685 orpham‘v

143 2681 394 2727 metropolitas
426 2689 463 2718 et
489 2686 648 2732 episcopi
675 2687 714 2724 in
741 2693 932 2734 conspectu
954 2690 1182 2736 Imperatoris
1217 2692 1426 2729 transeunt,
1449 2696 1567 2734 eoque
