1878 3112
308 89 339 146 5
353 111 371 145 1
386 111 414 146 2
589 106 943 160 CONSTANTm
986 109 1462 155 PORPHYROGENITI

303 210 382 252 κδ’.
404 192 498 252 Ἐπί
522 213 743 268 προαγωγῇ
768 214 1130 268 κουβικουλαρὲας.

301 277 383 328 ,κε’.

314 340 386 389 κς’.

405 275 497 317 Ἐπὶ
521 279 741 333 προαγωγῇ
769 280 1127 333 κουβικουλαριόυ.

415 341 532 397 Περὶ
557 343 636 383 τῶν
665 341 771 384 κατὰ
802 342 1033 399 διαφόρους
1062 343 1234 400 καιροὺς
1275 342 1519 398 συμβάντων
1547 347 1741 399 γενέσθαι

413 406 511 462 περὶ
537 409 612 461 τῆς
644 410 828 458 παλαιᾶς
871 408 1096 465 συνηθείας
1132 413 1206 465 τῆς
1243 412 1491 466 τελουμένης
1519 411 1563 452 ἐν
1589 413 1643 468 τῇ
1667 427 1745 464 με-

409 469 514 528 γάλῃ
546 474 753 532 ἐκκλησία.

312 536 386 590 κζ’.
403 535 542 588 εΌπως
574 538 822 595 εΗράκλειος
862 539 943 582 ὖπὸ
975 542 1053 582 τοῦ
1085 541 1192 583 ἰδίου
1233 541 1395 598 πατρὸς
1435 539 1517 583 α’πὸ
1561 541 1745 597 τῆςτοῦ

313 751 390 791 ³⁰7·

307 798 386 844 23¹.

342 931 391 976 λ’.

315 997 391 1042 λα’.

410 605 609 660 καίσαρος
639 604 759 655 (ἰξίας
784 603 946 661 ἀνήχθη
976 608 1035 656 εἰς
1061 606 1108 649 τὸ
1140 609 1284 662 σχῆμα
1313 609 1387 662 τῆς
1410 607 1643 660 βασιλείας,
1671 607 1746 648 καὶ

413 673 502 720 πῶς
531 671 696 724 Δαβιᾋδ
727 668 748 712 ὃ
773 670 956 728 α’ὃελφὸς
984 672 1113 714 αυτοῦ
1130 676 1309 727 ,γέγονε
1336 677 1503 728 καῖσαρ.

418 738 533 792 Περι
558 737 783 792 προκένσου
811 738 855 779 ἐν
884 738 937 794 τῇ
969 736 1127 795 μεγάλῃ
1158 740 1362 797 ἐκκλησία.

415 803 521 851 Πῶς
549 818 594 844 εν
622 800 758 860 ἡμέρα
786 801 1061 859 ἷπποὸρομιόυ
1091 805 1256 854 ἐδέξατο
1277 804 1524 860 ζΗράκλειος
1549 818 1647 852 τους
1671 803 1744 857 τῆς

417 866 671 923 συγκλήτου,
698 866 904 924 παρόντος
931 870 1004 910 καί
1034 872 1112 910 τοῦ
1139 868 1416 926 πατριάρχου.

419 934 537 990 Περὶ
561 933 727 989 κηδείας
767 932 1046 991 πατριάρχου.

420 1002 527 1048 Πῶς
558 1001 624 1041 δεῖ
661 1002 915 1056 προσφέρειν
943 997 1010 1042 τὸν
1051 1002 1228 1054 βασιλέα
1255 1001 1300 1043 ἐν
1323 1003 1374 1058 τῇ
1414 1000 1571 1058 μεγάλῃ
1600 1000 1744 1054 ἐκκλη-

414 1065 485 1123 σία
513 1061 783 1120 ἀναθήματα.

315 1129 392 1185 λβ.
420 1133 539 1186 Περὶ
581 1129 780 1185 αἰτήσεως
818 1131 986 1184 ὃεξιζαου
1030 1133 1113 1173 τῶν
1154 1129 1230 1173 δύο
1267 1133 1435 1187 μερῶν,
1481 1128 1626 1188 ἑορτῆς
1662 1148 1744 1173 πα-

110 1277 178 1314 Ed.
194 1278 231 1312 L.
243 1277 309 1323 295
319 1259 392 1318 ZY'·

111 1474 178 1509 Ms.
193 1474 266 1521 ¹74·
278 1473 302 1506 b
315 1459 392 1502 λό’·

319 1589 387 1634 λε’.

311 1761 365 1805 24.

312 1809 367 1842 25.

311 1854 366 1887 26.

416 1194 582 1253 ρούσης.

420 1263 538 1318 Περὶ
568 1264 813 1317 προαγωγῆς
855 1259 1101 1315 ἀξιωμάτων
1147 1263 1191 1304 ἐν
1226 1262 1362 1320 ἡμέρᾳ
1405 1265 1574 1320 αἰτησίῳ
1620 1263 1746 1321 αὖτο-

413 1328 636 1384 κρατοριάς
674 1329 747 1369 καί
782 1328 989 1382 στεψίμου
1030 1329 1103 1369 καί
1127 1329 1340 1382 γενεθλίου
1369 1327 1445 1374 καί,
1469 1327 1746 1384 στεφανώμα-

413 1409 496 1443 τος.
875 1450 882 1453 -

419 1460 538 1515 Περὶ
576 1459 822 1514 προαγωγῆς
857 1459 1106 1512 ἀξιωμάτων
1148 1461 1191 1501 ἐν
1227 1459 1362 1518 ἡμέρα
1402 1461 1586 1518 αἰτησίῳ-
1605 1458 1748 1514 γεννή-

413 1541 520 1574 σεως
547 1526 617 1566 καί
643 1521 796 1580 ἑτέρων
823 1523 1036 1568 τοιούτων.

416 1591 534 1647 Περὶ
558 1592 753 1644 σαξίμου.

405 1759 460 1792 De
486 1758 713 1803 promotione
742 1758 994 1791 cubiculariae.

404 1806 457 1838 De
485 1805 713 1849 promotione
741 1805 965 1838 cubicularii.

404 1853 458 1886 De
482 1853 547 1892 iis,
576 1862 667 1896 quae
688 1851 835 1884 diversis
861 1850 1084 1896 temporibus
1119 1851 1367 1896 contigerunt,
1393 1849 1654 1884 mutationibus
1678 1859 1748 1882 an-

403 1898 526 1943 tiquae
562 1898 834 1931 consuetudinis
879 1898 963 1945 [seu
1003 1896 1133 1931 tributi
1162 1897 1370 1944 honorarii]
1397 1907 1543 1942 magnae
1577 1895 1749 1930 ecclesiae

402 1945 490 1979 olim
513 1945 603 1978 solvi
627 1944 766 1978 solitae.

359 2019 367 2027 .
405 1991 597 2036 Quomodo
625 1990 810 2024 Heraclius
836 2002 855 2023 a
881 2003 944 2024 suo
968 1995 1071 2036 patre
1096 2002 1116 2023 a
1141 1990 1315 2034 dignitate
1339 1990 1498 2029 Caesaris
1522 1987 1568 2020 ad
1603 1985 1746 2021 schema

405 2048 469 2070 seu
517 2042 683 2070 ornatum
729 2039 948 2082 imperialem
989 2041 1151 2078 evectus,
1191 2042 1227 2070 et
1257 2035 1435 2083 quomodo
1467 2034 1604 2076 David,
1635 2033 1746 2067 frater

405 2084 503 2124 eius,
531 2085 663 2117 Caesar
687 2090 824 2117 creatus
850 2084 971 2117 fuerit.

408 2130 462 2162 De
488 2131 751 2172 ploeessione
739 2132 778 2163 in
802 2141 960 2175 magnam
985 2129 1182 2162 ecclesiam.

407 2175 596 2220 Quomodo
621 2175 680 2208 die
706 2176 861 2220 quodam
888 2175 965 2208 ludi
986 2175 1118 2209 curulis
1132 2174 1316 2208 Heraclius
1333 2179 1533 2215 senatores,
1557 2176 1746 2218 praesente

407 2233 552 2267 quoque
576 2221 796 2266 patriarcha,
823 2223 1013 2266 exceperit.

360 2293 367 2301 .
404 2268 458 2300 De
483 2268 665 2312 sepultura
692 2268 925 2311 patriarchae.

361 2341 370 2350 .
406 2313 632 2360 Quibuscum
656 2313 785 2348 ritibus
809 2315 1007 2359 Imperator
1031 2314 1181 2348 donaria
1205 2325 1351 2358 magnae
1372 2314 1544 2347 ecclesiae
1569 2313 1710 2347 offerat.
1750 2319 1762 2355 j

361 2386 368 2393 .
407 2360 619 2406 Quomodo,
645 2361 803 2394 instante
829 2361 888 2394 die
912 2361 1024 2402 festo,
1061 2359 1186 2394 ambae
1227 2361 1403 2394 factiones
1437 2360 1640 2400 deximum,
1675 2359 1749 2392 sive

408 2407 603 2441 salutatum
628 2406 672 2439 ad
698 2408 888 2440 Dominum
919 2408 1083 2449 admitti,
1109 2412 1243 2453 rogent.

361 2479 368 2487 .
406 2455 460 2487 De
484 2453 772 2499 promotionibus
796 2453 842 2487 ad
866 2453 1077 2500 dignitates,
1103 2466 1196 2499 quae
1220 2455 1311 2488 fiunt
1335 2454 1464 2487 diebus
1492 2452 1640 2493 annuis,
1665 2448 1754 2496 qui-

407 2500 476 2534 bus
500 2502 628 2534 natalis
653 2506 715 2534 aut
739 2502 895 2545 suscepti
920 2503 1071 2546 primum
1097 2502 1261 2546 imperii,
1303 2506 1365 2534 aut
1390 2500 1652 2539 coronationis,
1688 2500 1769 2537 aut*

407 2548 627 2588 nativitatis,
655 2553 718 2580 aut
743 2549 952 2593 nuptiarum
981 2549 1207 2593 Imperatoris
1241 2549 1452 2582 celebratur.

406 2594 460 2627 De
490 2594 800 2650 promotionibus,
838 2605 931 2639 quae
961 2595 1072 2637 fiunt,
1101 2594 1228 2629 diebus
1253 2594 1435 2629 natalibus
1471 2592 1594 2628 aliisve
1618 2590 1751 2625 talibus

408 2642 594 2674 annuatim
618 2640 894 2674 recurrentibus.

364 2713 372 2721 .
407 2687 462 2721 De
482 2690 616 2723 saximo
632 2698 705 2722 ,seu
730 2687 933 2733 pyrrhicha.
