1878 3112
356 155 712 202 consumml
745 155 941 198 ponpa.
983 154 1054 194 m:
1104 151 1362 194 cmmoN.
1459 133 1531 206 47
1546 151 1566 186 1

138 260 317 311 ,νιακιίτα
346 260 417 302 διὰ
442 258 540 308 τοὺς
566 256 818 311 θεματικοὺς
844 257 1114 312 τουρμάρχας
1152 256 1226 298 καί
1249 251 1420 301 λοιπούς
1447 251 1576 307 πρόσ-

141 325 281 384 φυγάς
306 342 352 368 τε
378 323 452 367 καὶ
473 320 689 380 ἄρχοντας.
744 324 904 375 ἰστέον,
940 319 1003 363 ὅτι
1029 323 1163 363 ταῦτα
1188 320 1325 362 πάντα
1353 320 1398 361 ἐν
1423 334 1575 362 σκευα-

140 393 249 447 ρίοις
274 391 561 443 ἑνδεδυμὲνοις
588 389 642 429 δι’
671 387 879 442 ἀληθινῶν
923 386 1135 440 τομαρίων
1175 386 1249 427 καί
1286 384 1470 440 σιδήρων
1497 400 1575 438 γα-

140 458 287 499 νωτῶν
310 454 418 509 μετὰ
455 457 529 496 καί
558 454 861 507 χαρταλαμίων
886 452 1039 504 ὁμοίως
1063 454 1257 505 γανωτῶν
1282 451 1575 504 βαστάζονῐαι.

116 519 444 578 ὄσφιγκι-οόρια,
486 518 702 562 θάλασσαι
728 519 800 560 καί
825 518 951 571 ἇβδιά
980 516 1228 570 πλατύὶωρα
1257 516 1329 557 καί
1350 530 1576 570 μασουρω-
1600 545 1605 550 ·

138 585 206 639 τὰ,
233 585 286 629 τὰ
308 587 387 640 μὲν
413 585 681 640 ἄμφιεσμένα
709 579 791 624 ἀπὸ
821 585 1085 635 διβλαττιῖυν,
1112 581 1162 623 τὰ
1192 583 1238 623 δὲ
1266 580 1374 627 λιτά,
1411 581 1575 637 ἐπιρῥι-

138 650 295 706 πτάρια
322 651 416 701 ὀξέα
444 648 642 706 διάφορα,
679 645 1066 703 ὗποκαμισοβράκια
1093 646 1309 703 διαφόρων
1334 646 1575 701 ποιοτήτων.

139 718 296 770 ἰστέον,
343 713 408 758 ὅτι
435 718 572 758 ταῦτα
598 715 735 757 πάντα
762 715 807 755 ἐν
842 714 1093 767 βουλγιδίοις
1118 709 1143 768 ἢ
1169 713 1243 754 καί
1274 714 1320 754 ἐν
1347 711 1575 760 δισακκίοις

142 779 360 838 ὄφείλουσι
382 780 668 836 βαστάζεσθαι
684 812 696 825 .
749 779 946 835 λογάριον
990 780 1050 828 εἰς
1090 777 1236 829 ἔξοδον
1263 780 1341 819 τοῦ
1366 777 1575 834 φοσσιὶτου
1590 787 1615 818 Β

93 849 206 896 ιοείς
233 846 534 903 φιλοφρόνησιν
559 848 643 888 τῶν
670 846 984 899 ἀγωνιζομένων
1010 845 1058 886 ἑν
1084 843 1279 897 πολέμοις
1304 843 1376 885 καί
1396 846 1478 885 τῶν
1500 843 1577 896 (29⁴

136 914 300 967 χόντων
326 911 399 954 καὶ
423 914 483 962 εἰς
503 911 649 960 λοιπιὶς
669 910 846 964 ἐξόδους,
868 911 1114 966 κεντινάρια,
1140 906 1399 965 μιλιαρήσια,
1428 907 1577 950 σακκία

140 980 200 1028 εἰς
226 977 273 1020 τό
302 976 468 1020 διδόναι
492 983 579 1026 τοῖς
606 975 872 1032 φυλάσσουσι
899 977 1140 1030 σχολαρίοις
1174 976 1236 1024 εἰς
1261 972 1337 1029 τὴν
1359 971 1578 1027 βασιλικὴν

141 1049 296 1100 φῖναν,
321 1049 408 1094 τοῖς
431 1059 477 1085 τε
500 1046 728 1095 βασιλικοῖς
746 1041 939 1096 ἆγούροις
959 1042 1033 1082 καί
1057 1046 1147 1088 τοῖς
1171 1038 1245 1082 ἐπὶ
1268 1042 1341 1093 τῆς
1360 1042 1580 1093 βασιλικῆς

139 1108 348 1163 ἑταιρείαις
374 1111 448 1150 καί
474 1103 638 1159 ἄλλοις,
676 1103 736 1156 οἷς
761 1103 814 1148 ἂν
833 1105 991 1148 κελεύει
1016 1105 1040 1146 ό
1056 1104 1253 1159 βασιλεῦς
1273 1101 1489 1157 εὐσέβειαν
1516 1106 1581 1144 δι-

91 1173 274 1228 ιόδόναι,
300 1172 384 1216 εἴτε
410 1176 509 1215 καθ’
528 1170 744 1226 ἑβδομάδα
767 1170 888 1225 ἅπαξ,
909 1170 992 1213 εἴτε
1013 1170 1116 1213 κατὰ
1146 1170 1237 1223 δύο,
1264 1169 1337 1210 καί
1356 1172 1416 1219 εἰς
1435 1167 1580 1218 λοιπὰς

138 1238 317 1292 ἐξόδους.
342 1240 664 1295 παραλαμβάνει
683 1239 730 1279 δὲ
749 1240 884 1279 ταῦτα
903 1234 987 1290 ὁζτε
1006 1236 1274 1292 σακελλάριος
1284 1236 1357 1277 καί
1371 1234 1393 1276 ὅ
1410 1233 1577 1287 εἰδικὰς,
1593 1247 1620 1281 c

138 1303 214 1347 καὶ
235 1305 518 1359 βαστάζουσιν
552 1305 613 1355 εἰς
648 1303 725 1353 τὰς
752 1302 980 1360 φορτώσεις
1017 1303 1159 1344 αὐτῶν
1194 1303 1449 1356 πυρέκβολον
1470 1299 1577 1352 μετὰ

138 1371 260 1419 ἷσκας
282 1368 359 1413 καὶ
376 1367 584 1424 κανδήλας
603 1366 791 1424 ἀργυρᾶς
809 1366 862 1422 y',
889 1368 964 1410 καὶ
978 1370 1141 1423 χαλκᾶς
1159 1365 1209 1422 γ’,
1236 1368 1313 1419 μιά
1328 1367 1406 1418 μὲν
1428 1367 1487 1414 εἰς
1506 1364 1577 1406 τὸν
1590 1381 1690 1426 Μ,,9,
1703 1381 1728 1414 1,

137 1436 338 1488 κοιτῶνα,
378 1434 459 1488 μία
486 1437 531 1476 δὲ
558 1435 619 1484 εἰς
645 1432 693 1476 τό
717 1437 1011 1488 κουκουμίλιν,
1054 1435 1177 1487 ἕτερα
1206 1434 1253 1474 δὲ
1279 1433 1340 1479 εἰς
1364 1428 1411 1472 τό
1442 1446 1582 1483 παρα-

140 1556 196 1590 les
223 1555 322 1588 (lomi
351 1561 548 1600 gestantur,
569 1556 849 1598 praestantiores
873 1560 911 1587 ct
934 1553 1086 1594 nitidas,
1118 1557 1359 1598 praetextatas
1384 1551 1580 1585 triblatteis

143 1606 183 1635 et
214 1601 401 1635 diblatteis
442 1603 518 1634 veri
552 1601 701 1634 luminis
757 1607 795 1634 et
838 1601 1021 1633 diblatteis
1060 1600 1193 1644 aquilis
1237 1605 1274 1631 et
1317 1599 1493 1631 basiliciis
1543 1602 1581 1629 et

139 1646 304 1686 hdessiis.
350 1647 483 1682 Omnia
510 1648 582 1680 ista
611 1652 698 1680 sunt
720 1646 778 1680 bis
802 1647 883 1680 fissa
901 1653 937 1680 et
961 1647 1122 1691 persiciis
1146 1657 1210 1679 seu
1233 1645 1423 1689 marsupiis
1445 1645 1581 1677 instru-

139 1699 197 1728 cta
228 1699 266 1727 et
296 1693 459 1737 strategis
488 1699 598 1739 atque
618 1693 867 1726 cleisurarchis
891 1693 1080 1726 destinata.
1105 1692 1187 1725 Alia
1209 1693 1422 1724 vestimenta
1446 1702 1491 1724 ex
1514 1701 1590 1734 ge*

138 1750 228 1775 nere
261 1739 539 1774 domesticorum
570 1740 711 1775 minuta
743 1739 892 1775 secundi
937 1738 1076 1772 ordinis
1115 1737 1253 1783 absque
1281 1738 1498 1783 praetextis,
1521 1736 1580 1769 bis

139 1787 246 1828 fissa,
274 1791 468 1832 torquata,
498 1797 564 1829 pro
597 1786 809 1820 tui-marchis
837 1786 1118 1830 provincialibus
1149 1790 1186 1818 et
1209 1785 1360 1829 reliquis
1385 1784 1580 1828 transfugis

141 1838 253 1878 atque
274 1831 442 1867 tribunis.
491 1832 588 1866 Haec
610 1835 650 1866 in
677 1833 769 1866 vasis
795 1832 1032 1873 deferuntur,
1059 1843 1153 1878 quae
1176 1832 1282 1864 coriis
1307 1831 1495 1875 purpureis
1518 1832 1579 1863 in-

141 1878 231 1912 duta
269 1884 354 1913 sunt
393 1884 433 1911 et
465 1878 641 1912 instructa
677 1878 902 1912 ferramentis
924 1879 1050 1924 politis
1074 1884 1111 1912 ct
1134 1877 1376 1912 chartalamiis
1404 1877 1479 1924 [sen
1504 1887 1582 1909 ma-

141 1924 285 1963 nubriis
321 1925 557 1972 pergamenis]
592 1926 728 1970 pariter
758 1926 895 1971 politis.
951 1926 1057 1958 Porro
1080 1926 1288 1963 {strictoriffi
1323 1924 1499 1957 thalassae
1537 1928 1577 1956 et

144 1971 255 2006 abdia
277 1983 357 2005 eum
382 1972 466 2005 latis
489 1971 576 2005 loris
590 1997 600 2010 ‚
638 1977 677 2005 et
698 1978 899 2013 masurota,
924 1971 1099 2017 quaedam
1124 1971 1309 2005 diblatteis
1331 1969 1577 2015 praetextata,

141 2018 318 2063 quaedam
347 2029 447 2064 pura.
503 2018 767 2063 Epirrhiptaria
794 2019 852 2052 vel
881 2019 1082 2062 scapularia
1106 2018 1221 2061 varia3
1246 2016 1390 2050 braccas
1415 2016 1579 2050 diverso-

141 2075 223 2098 rum
254 2075 435 2109 generum.
489 2065 588 2099 Haec
612 2064 750 2099 debent
779 2066 820 2099 in
842 2065 962 2108 bulgis
996 2071 1059 2098 aut
1091 2070 1129 2098 et
1161 2066 1201 2098 in
1237 2063 1405 2097 bisacciis
1430 2064 1577 2098 deferri.

139 2111 228 2149 Fert
259 2122 365 2156 porro
396 2123 542 2158 quoque
574 2112 781 2146 vestiarium
811 2111 1000 2156 imperiale
1039 2122 1158 2146 secum
1182 2111 1228 2144 ad
1251 2122 1425 2156 expensas
1449 2109 1579 2144 fossati

141 2156 325 2191 iaciendas
348 2158 524 2202 lugarium
547 2168 611 2191 sen
638 2164 767 2192 certam
791 2158 971 2206 quandam
997 2164 1204 2192 numeratae
1237 2157 1413 2202 pecuniae
1438 2158 1579 2201 copiam

141 2207 216 2236 tam
235 2204 275 2236 in
310 2205 540 2244 centenariis,
574 2217 679 2251 quam
702 2207 742 2239 in
765 2206 989 2244 miliaresiis,
1023 2205 1142 2251 iisque
1175 2206 1215 2238 in
1236 2205 1396 2238 sacculos
1422 2204 1551 2237 inditis
1566 2228 1578 2243 ‚

142 2253 187 2282 nt
215 2249 350 2285 habeas
370 2251 582 2295 Imperator,
611 2251 708 2286 unde
741 2250 994 2296 largitionibus
1028 2263 1111 2291 eos,
1144 2251 1207 2296 qui
1248 2261 1325 2284 sese
1349 2257 1513 2283 strennos
1538 2250 1577 2283 in

142 2293 287 2329 bellicis
318 2297 488 2341 periculis
522 2304 738 2339 monstrant,
774 2304 811 2331 et
854 2297 1022 2332 tribunos
1054 2297 1232 2331 honorare
1275 2298 1479 2341 ceterisque
1512 2306 1578 2328 ne-

143 2342 305 2374 cessariis
332 2345 497 2386 expensis
523 2345 723 2379 satisfacere
747 2346 884 2390 possit3
910 2349 951 2377 ut
975 2349 1012 2376 et
1034 2343 1245 2383 scholariis,
1277 2344 1342 2389 qui
1368 2344 1502 2385 regiam
1527 2342 1574 2373 fi-

142 2399 223 2420 nam
241 2388 300 2420 vel
323 2389 522 2423 custodiam
546 2396 760 2427 castrensem
795 2391 952 2430 obeunt,
977 2397 1014 2424 et
1036 2392 1144 2434 regiis
1168 2391 1285 2434 agaris
1313 2399 1375 2421 seu
1400 2386 1574 2431 ephebis,

144 2438 182 2466 et
202 2433 290 2475 illis,
312 2433 376 2478 qui
398 2435 445 2468 ad
466 2437 595 2481 regiam
618 2435 815 2471 hetaeriam
836 2438 1040 2482 pertinent,
1065 2437 1220 2482 aliisque
1233 2462 1244 2476 ‚
1267 2436 1402 2481 quibus
1417 2436 1574 2478 Impera-

143 2484 202 2512 tor
238 2481 317 2512 vult
347 2481 520 2524 pietatem
550 2494 613 2516 seu
645 2484 780 2518 donum
806 2481 963 2518 caritatis
1000 2483 1104 2524 dare,
1140 2485 1216 2516 sive
1238 2483 1351 2515 semel
1371 2491 1437 2526 per
1460 2481 1576 2524 septi-

143 2536 284 2559 manam
306 2524 346 2559 id
367 2526 449 2567 fiat,
469 2528 544 2562 sive
570 2529 720 2574 singulis
744 2530 1017 2576 quatuordecim
1054 2529 1182 2564 diebus
1206 2529 1327 2562 semel.
1374 2527 1482 2560 Mitto
1516 2536 1576 2559 ce-

146 2576 240 2605 tera
276 2581 459 2615 expenm,
521 2575 606 2614 Ista,
636 2587 730 2622 quae
762 2576 940 2615 diximus,
971 2575 1157 2620 accipiunt
1185 2575 1305 2620 iisque
1342 2573 1483 2606 onerari
1508 2583 1575 2604 sua

142 2617 314 2662 sagmaria
339 2625 466 2653 curant
506 2622 716 2655 sacellarius
752 2628 790 2656 et
827 2622 966 2662 idicus,
987 2623 1043 2656 uti
1067 2623 1176 2656 etiam
1202 2620 1316 2653 haec:
1338 2617 1577 2663 pyrecbolum

144 2675 206 2696 seu
230 2665 392 2698 fomitem
426 2666 521 2709 ignis
542 2667 720 2711 lignenm,
752 2674 790 2701 et
814 2670 919 2702 iscam
956 2679 1019 2700 seu
1042 2668 1224 2702 terebram
1247 2667 1402 2710 ligneam
1426 2665 1576 2710 igniari-

143 2720 220 2751 um,
243 2716 282 2747 et
307 2710 521 2746 candelabra
551 2719 719 2757 argentea
755 2715 826 2749 tria
875 2719 913 2748 et
941 2725 1054 2749 aenea
1085 2712 1255 2754 totidem3
1280 2722 1435 2761 quorum
1461 2721 1573 2746 uuum
