1878 3112
315 147 666 189 CONSTANTINJ
705 145 900 186 PORPH.
941 145 1012 185 DE
1052 141 1306 184 cEfflMoN.
1424 122 1537 188 463

121 248 290 304 ριοδίων
319 250 405 292 τῶν
433 244 614 303 ἀλόγων,
644 243 883 302 ἆξινορύγια
912 244 984 287 καί
1007 246 1282 287 πλατυλίσκια
1311 245 1384 286 καί
1413 243 1544 285 πτυά-

121 329 193 368 ρια
221 313 400 368 στιβαρὰ
428 312 499 356 διὰ
527 314 623 362 τούς
650 311 839 364 πότζους.
895 313 940 354 ἐκ
972 313 1018 353 δὲ
1045 312 1118 353 τοῦ
1141 311 1358 364 βασιλικοῦ
1381 312 1579 362 &orta-C

120 380 214 433 ριὀυ
256 378 413 435 ὀφείλει
447 378 670 431 λαμβάνειν
715 376 884 432 σίδηρον
923 378 953 419 ν’
983 376 1128 432 λίτρας
1168 373 1273 434 λόγῳ
1315 374 1543 426 σελιναίων,

119 443 193 485 καί
226 445 272 495 ἐξ
308 443 445 486 αῦτῶν
483 446 653 499 ποιῆσαι
692 444 764 485 καί
796 444 1050 498 μασσήματα
1078 440 1244 498 ἐλαφρὰ
1277 439 1350 496 ρν’.
1402 442 1474 482 καὶ
1499 438 1545 480 ὄ-

95 506 255 565 5φείλει
283 512 424 562 λαβεῖν
468 508 610 565 ῥέτινα
638 510 710 550 καί
733 508 980 560 καπιτζάλια
1015 506 1125 550 ἆπλά
1167 505 1246 548 ιῖπὸ
1276 507 1360 548 τῶν
1386 509 1546 560 βυρσα-

120 575 237 629 plum
292 572 374 616 ἀπὸ
408 574 456 615 δὲ
484 575 554 630 τῆς
576 573 812 627 κανάβεως,
855 571 909 627 ἢν
936 573 1140 627 λαμβάνει
1179 569 1262 613 ἀπὸ
1293 572 1368 614 τοῦ
1411 566 1546 612 αῦτοῦ

120 641 339 692 βασιλικοῦ
362 638 617 695 βεστιαρίου,
644 639 802 695 ὀφείλει
827 644 975 691 καμεῖν
1001 635 1206 693 σωκάρια.

507 744 586 785 Διά
622 752 685 794 τῆς
706 750 903 795 βασιλικῆς
927 749 1149 795 ὑπουργίας.
1556 759 1588 792 Ῑ)

224 829 280 871 Ὃ
306 830 378 870 ἐπὶ
399 831 472 884 τῆς
498 829 702 884 τραπέζης
732 827 806 870 καί
823 827 844 870 ὅ
865 828 1102 881 δομέστικος
1126 828 1200 881 τῆς
1227 825 1455 883 ὑπουργίας
1475 827 1693 881 και“Με.-,·.;ι

72 893 144 937 1οὸ
190 893 391 943 οἰκειακός
433 892 647 947 βασιλικὸς
689 894 896 948 κελλάριος
932 892 1146 948 σαγμάρια
1187 890 1226 934 π’
1254 890 1305 934 τὰ
1343 894 1548 944 μέλλοντα

119 957 343 1012 βαστάζειν
368 957 442 1013 τήν
467 957 683 1013 βασιλικήν
718 958 951 1014 ὑπουργίαν
989 956 1063 999 καί
1095 956 1140 999 τὸ
1168 957 1344 1012 ἇσὴμιον
1370 959 1444 1012 τῆς
1468 960 1548 1009 βα-

120 1026 278 1079 σιλικῆς
302 1025 525 1079 τραπέζης.
579 1022 836 1077 λαμβάνουσι
862 1024 909 1065 δὲ
936 1020 959 1063 ὅ
994 1025 1065 1078 τῆς
1091 1024 1295 1079 τραπέζης
1330 1025 1403 1064 καί
1428 1019 1450 1064 ὃ
1478 1024 1547 1063 δο-

118 1089 310 1140 μέστικος
335 1089 410 1143 τῆς
435 1088 662 1144 ὑπουργίας
691 1087 884 1144 λογάριον
917 1087 999 1129 ἀπὸ
1034 1090 1110 1130 τοῦ
1135 1089 1295 1131 εἰδικοῦ
1322 1089 1381 1136 εἷς
1406 1085 1547 1138 ἔξοδον

118 1153 224 1211 λόγῳ
254 1154 480 1209 ἅρτυσίας.
535 1152 696 1210 οἰνάριν
723 1154 986 1205 δεσποτικὸν,
1033 1157 1272 1209 μαγίστρων
1298 1153 1373 1194 καί
1397 1168 1548 1206 naz-ot-

72 1220 219 1262 15ue'wv
241 1225 418 1274 χορηγεῖ
438 1218 462 1261 ὅ
492 1217 795 1275 ἄποθηκάριος·
849 1218 894 1261 τὸ
928 1222 1006 1272 μὲν
1041 1218 1259 1272 βασιλικὸν
1285 1221 1352 1273 μη’
1381 1221 1545 1274 μέτρα,

121 1281 403 1340 ζυγοφλάσκια
430 1291 672 1340 τριμετραῖα
708 1283 833 1339 ζυγάς
860 1283 909 1339 η’·
953 1287 1026 1326 καί
1050 1283 1157 1340 ὖπὲρ
1195 1287 1279 1326 τῶν
1303 1286 1658 1339 μαγιὲῖτρωνΕιΙ.Ι,.
1673 1295 1739 1328 268

119 1348 193 1390 καὶ
215 1349 437 1405 πατρικίων
473 1347 596 1392 ἆσκία
632 1356 930 1405 πενταμετραῖα
960 1350 1087 1404 ζυγιὶς
1113 1348 1153 1391 ι’.
1208 1352 1447 1405 σκορτζίδια
1477 1351 1548 1392 λό-

118 1430 176 1472 γῳ
201 1415 275 1456 τοῦ
307 1415 547 1457 δεσποτικοῦ
574 1415 731 1468 ἐλαίου,
765 1415 982 1470 (pauonum,
1012 1411 1174 1469 ὄρυζιν,
1204 1414 1410 1467 πιστάκιν,
1436 1411 1548 1465 ἐμύ-

118 1480 282 1533 γδαλον,
315 1478 452 1535 φακῆν
487 1486 686 1535 παρεῖχον
713 1479 843 1521 πάλαι
886 1478 938 1521 τὰ
970 1478 1044 1519 δύο
1073 1479 1401 1534 κουρατωρίκια,
1430 1478 1547 1531 ὅμοι’-

120 1633 253 1678 pariter
285 1633 393 1676 lignis
418 1637 455 1666 et
479 1631 670 1665 fodiendae
701 1637 817 1665 terrae
844 1637 968 1676 aptae;
1004 1633 1092 1665 item
1127 1631 1330 1676 platyliscia
1354 1642 1414 1665 seu
1441 1632 1543 1676 palae

120 1679 250 1723 planae
284 1678 377 1711 latae
411 1677 455 1710 ad
486 1679 714 1711 avertendam
749 1683 906 1723 egestam
941 1684 1088 1719 terram3
1115 1684 1150 1711 ct
1174 1678 1320 1723 scaphas
1344 1679 1402 1711 vel
1425 1678 1543 1712 bottas

121 1724 285 1758 robustas
309 1723 355 1757 ad
377 1723 595 1757 efferendum
618 1725 658 1757 in
683 1724 727 1757 iis
753 1735 900 1757 coenum
917 1736 936 1758 e
958 1725 1077 1770 puteis
1104 1730 1271 1769 egestum.
1320 1725 1440 1757 Debet
1452 1736 1543 1769 quo-

121 1781 192 1816 que
216 1782 236 1804 e
259 1771 357 1814 regio
389 1771 552 1803 vestiario
585 1770 843 1816 quinquaginta
880 1770 990 1803 libras
1014 1771 1100 1804 ferri
1125 1782 1261 1804 sumere
1286 1782 1350 1815 pro
1374 1770 1542 1815 parandis

119 1816 206 1850 inde
241 1817 348 1850 soleis
386 1817 552 1862 equinis,
576 1817 662 1849 item
696 1817 828 1861 lupatis
858 1817 1053 1850 levioribus
1093 1822 1237 1850 centum
1272 1817 1541 1862 quinquaginta.

119 1862 239 1896 Debet
262 1874 405 1908 quoque
428 1864 516 1903 lora,
539 1874 630 1908 quae
645 1863 808 1896 maxillas
836 1874 1006 1907 equorum
1022 1862 1279 1908 substringam,
1303 1870 1340 1896 et
1354 1863 1538 1907 capitzalia

120 1906 197 1954 [seu
220 1909 296 1942 lora
319 1909 454 1942 frontes
477 1920 599 1942 eorum
621 1909 830 1955 ambientia]
857 1909 1033 1954 simplicia
1070 1908 1121 1954 [id
1148 1915 1221 1950 est,
1246 1910 1439 1955 inquibus
1463 1909 1538 1942 fer-

121 1967 199 1990 rum
221 1966 294 1989 non
318 1955 391 2002 sit,]
418 1966 438 1988 e
461 1956 567 1989 coriis
594 1956 742 1990 confieri
769 1966 902 1989 curare.
951 1957 978 1989 E
1006 1955 1159 1988 cannabi
1183 1961 1325 1997 autem,
1349 1964 1454 2002 quam
1478 1968 1538 1989 ac-

82 2035 85 2036 ?
119 2001 211 2047 cipit
231 2013 252 2036 e
273 2002 440 2038 vestiario
464 2003 560 2046 regio
577 2027 587 2043 ,
612 2001 722 2036 dehet
743 2013 878 2043 curare,
903 2006 944 2035 ut
966 2007 1077 2036 restes
1102 2002 1201 2036 fiant.

140 2112 260 2136 1801ss
282 2114 498 2144 inponent,
542 2115 579 2137 11)
612 2114 670 2136 EST
704 2114 926 2143 lnmsrmuo,
951 2113 1045 2142 QUOD
1071 2113 1117 2135 AD
1141 2113 1280 2136 mensu
1306 2113 1516 2144 malunt,

662 2171 888 2194 luPuTAnme
910 2170 1008 2196 mc,

127 2272 131 2275 ,
209 2237 408 2272 Praefectus
441 2249 583 2272 mensae
619 2243 656 2272 et
689 2237 904 2272 domesticus
926 2238 1120 2272 ministerii
1144 2243 1181 2272 et
1202 2239 1395 2283 peculiaris
1420 2241 1537 2285 regius

120 2281 283 2317 cellarius
302 2290 482 2328 praestant
497 2285 668 2330 sagmaria
687 2286 846 2318 iumenta
867 2284 942 2331 [seu
967 2284 1095 2331 mulos]
1120 2285 1313 2328 octoginta,
1335 2292 1536 2329 portaturas

119 2328 354 2363 ministerium
368 2331 527 2364 culinare
545 2333 678 2376 regium
703 2335 740 2364 et
754 2337 954 2376 argenteam
965 2332 1083 2376 regiae
1105 2342 1248 2364 mensae
1261 2332 1533 2376 supellectilem.

119 2373 309 2418 Accipiunt
316 2381 434 2408 autem
442 2377 641 2420 praefectus
652 2388 792 2410 mensae
807 2383 842 2410 et
850 2377 1064 2411 domesticus
1076 2377 1268 2410 ministerii
1282 2384 1413 2411 certam
1426 2390 1540 2424 quan-

121 2419 201 2452 dam
211 2422 384 2464 pecuniae
399 2433 566 2455 summam
584 2423 628 2456 ab
643 2423 738 2456 idico
752 2423 798 2457 ad
815 2434 984 2467 expensas
998 2423 1192 2464 faciendas,
1209 2430 1244 2457 et
1259 2424 1403 2469 quidem
1422 2425 1539 2457 nomi-

119 2477 167 2505 ne
191 2477 422 2510 expensarum
441 2469 478 2501 in
491 2469 713 2502 condituram
736 2470 908 2506 ciborum.
931 2470 1063 2504 Vinum
1090 2469 1308 2503 dominicum
1322 2495 1332 2509 ‚
1354 2471 1539 2513 magistro-

120 2523 198 2546 rum
214 2517 251 2546 εἰ
262 2514 488 2556 patriciorum
501 2520 657 2559 praestat
677 2515 925 2560 apothecarius
937 2540 949 2556 ‚
972 2521 1010 2549 et
1031 2515 1203 2550 dominici
1226 2516 1370 2561 quidem
1383 2522 1539 2559 praestat

120 2558 351 2604 qnadraginta
365 2565 444 2593 octo
455 2571 635 2595 mensuras
646 2586 657 2601 ,
671 2562 810 2595 scilicet
825 2567 904 2595 octo
916 2563 1014 2606 paria
1025 2561 1239 2606 lagenarum,
1259 2573 1404 2607 quarum
1415 2564 1537 2607 singu-

119 2605 177 2638 lae
192 2610 309 2638 ternas
325 2616 506 2640 mensuras
519 2608 714 2644 continent.
737 2608 916 2652 Magistris
935 2613 1054 2642 autem
1074 2613 1111 2641 et
1128 2609 1286 2653 patriciis
1298 2613 1453 2652 praestat
1472 2620 1536 2653 pa-

119 2652 174 2685 ria
190 2651 312 2685 decem
323 2652 469 2693 utrium,
482 2663 632 2697 quorum
655 2654 788 2698 singuli
806 2655 934 2698 quinas
957 2665 1136 2688 mensuras
1162 2655 1358 2687 continent.
1383 2654 1537 2688 Seortzi-

121 2697 179 2731 dia
201 2702 263 2730 aut
301 2704 454 2732 scorteos
490 2699 660 2732 utriculos
695 2710 761 2743 pro
797 2700 878 2733 oleo
913 2699 1092 2736 dominico
1127 2699 1314 2734 condendo
1343 2700 1534 2748 ipsumque
