1884 3112
239 101 349 167 204
505 119 861 162 CONSTANTlm
902 118 1387 165 PORPHYROGEM'H

237 224 322 274 ξιν,
355 224 663 278 προσκυνοῦσαι
687 221 739 263 τὰ
777 220 851 262 δύο
879 220 1033 275 γόνατα
1065 225 1148 265 τῶν
1177 225 1390 267 δεσποτῶν
1420 221 1575 279 ὅμοίως
1607 228 1700 270 καὶ·

237 289 311 342 τῆς
336 287 589 343 αὖγοόστης,
636 287 709 328 καί
738 287 930 330 ἵστανται
959 287 1272 345 κονσιστώριον,
1313 291 1388 333 καὶ
1413 289 1606 333 νεύουσιν
1639 289 1698 334 οἳ·

237 354 436 395 δεσπόται
460 356 516 410 τῷ
544 353 826 409 πραιποσίτῳ,
852 351 924 394 καί
945 354 1053 408 λέγει
1079 354 1372 410 ,,κελεύσατε,”
1392 357 1466 399 καί
1487 357 1683 412 ἐξέρχον-

236 435 317 460 ται.
373 416 420 460 τὸ
450 419 497 459 δὲ
527 415 669 459 λοιπὸν
694 419 772 459 τοῦ
799 419 902 460 λαοῦ
935 421 1010 474 τῆς
1047 418 1202 470 πόλεως
1236 423 1310 464 καί
1335 423 1419 465 τῶν
1451 423 1699 476 ταγμάτων

201 483 312 529 Βκαί
343 486 425 526 τῶν
456 484 672 539 νουμὲρων
712 485 786 526 καί
817 482 869 526 τά
916 483 1040 542 σκεύη
1070 488 1206 529 πάντα
1237 484 1524 542 ἑτοιμάζονται
1551 488 1611 538 εἷς
1635 485 1711 534 τὸ5

244 549 530 605 τριβουνάλιον
561 551 646 592 τῶν
681 548 736 592 a&
777 549 1028 605 οἷκουβίτων.
1084 551 1158 594 καί
1187 554 1377 596 ἵστανται
1409 551 1450 596 οἱ
1474 552 1688 609 πατρίκιοι

243 617 288 657 ἐν
317 616 375 672 τῷ
407 612 634 674 ὀνοποδιζσ,
688 615 726 659 οῖ
759 617 805 657 δὲ
834 617 1099 673 συγκλητικοὶ
1119 619 1178 668 εἷς
1209 618 1284 661 τὸν
1308 617 1487 676 πόρτικα
1514 621 1597 662 τῶν
1629 618 1685 661 ιθ·’

242 681 486 734 οἷκουβίτων.
544 681 617 724 καί
637 684 851 739 ἐξέρχεται
878 681 904 739 ἧ
932 683 1156 738 αὖγούστα,
1194 683 1474 742 ὄψικευομένη
1499 684 1582 728 ὕπὸ
1608 687 1688 727 τοῦ

242 747 556 803 κουβουκλείου,
591 748 666 791 καί
683 751 1001 807 συνεξέρχονται
1031 752 1078 793 δὲ
1105 752 1213 809 αὐτῇ
1238 750 1312 793 καὶ
1329 749 1368 793 οἱ
1393 750 1592 795 δεσπόται
1610 753 1689 805 μὲ-

68 822 323 869 Με.93.1)χρι
358 816 433 869 τῆς
463 818 629 871 χρυσῆς
658 814 823 873 χειρὸς,
863 818 937 858 καί
964 816 1291 874 ὑποστρέφουσι.
1347 818 1420 860 καί
1439 816 1741 873 ἕξελθοόσηςιο

245 878 371 938 αὐτῆς
391 883 451 932 εἰς
476 879 524 923 τὸ
553 881 779 936 ὄνοπόὸιον,
812 882 1034 926 πίπτουσιν
1065 881 1105 925 οἶ
1126 883 1336 941 πατρίκιοι
1355 882 1463 937 μετὰ
1496 886 1581 926 τῶν
1599 888 1689 927 λοι..

243 949 333 989 πιὸν
362 950 653 1005 συγκλητικῶν,
681 947 755 991 καί
775 948 1042 993 ἀναστάντων
1067 946 1222 1003 αὐτῶν,
1245 951 1416 993 νεύουσι
1438 949 1498 1008 τῷ
1517 951 1590 1005 τῆς
1611 965 1689 992 κα-

241 1013 491 1066 ταστάσεως,
530 1013 603 1056 καί
623 1017 732 1071 λέγει
759 1015 1056 1070 ,,κελευ’σατε,”
1101 1015 1174 1058 καί
1190 1015 1438 1071 ἑπεύχονται
1468 1015 1558 1071 ,,εἶς
1589 1018 1691 1058 πολ-

242 1079 340 1129 λοὺς
355 1081 425 1121 καί
444 1079 630 1134 ἀγαθοὺς
657 1079 876 1138 χρόνους,”
909 1081 983 1124 καί
1007 1081 1280 1136 ὄψικεύουσιν
1307 1078 1441 1138 αὖτὴν
1458 1083 1589 1139 μέχρι
1614 1082 1691 1124 τοῦ

244 1145 422 1199 ἡλιακοῦ
454 1147 530 1187 τοῦ
563 1147 878 1202 τριβουναλίου.
936 1147 1007 1190 καί
1052 1149 1323 1203 κατέρχονται
1363 1146 1404 1191 οῖ
1439 1144 1596 1190 ὕπατοι
1620 1149 1743 1199 καίι5

206 1210 283 1262 coi
312 1214 450 1254 λοιποί
476 1212 754 1268 συγκλητικοὶ,
789 1211 830 1255 οἱ
858 1213 905 1255 δὲ
931 1212 1144 1269 πατρίκιοι
1171 1215 1359 1256 ἵστανται
1378 1214 1438 1264 εἷς
1467 1212 1522 1256 τὰ
1543 1211 1692 1270 βάθρα

248 1276 366 1321 ἔνθεν
391 1277 596 1332 κάκεῖθεν,
623 1277 695 1320 καὶ
719 1277 986 1335 δεικνυούσης
1013 1275 1145 1335 αὐτῆς
1171 1278 1249 1335 τήν
1277 1272 1398 1334 ὄψιν,
1427 1277 1692 1335 ἄνακροῖζου-

247 1360 292 1386 σι
317 1341 369 1386 τὰ
399 1346 532 1400 μέρη·
587 1340 751 1399 ,,ἆ’γιος,
791 1341 930 1400 ἅγιος,
967 1341 1106 1400 ἅγιος·
1150 1346 1251 1396 δόξα
1288 1346 1334 1388 ἐν
1362 1345 1554 1399 ὑψίστοις
1584 1345 1692 1403 Θεῷ,

249 1412 322 1452 καί
346 1410 418 1452 ἐπὶ
442 1412 516 1466 γῆς
541 1408 721 1467 εἰρήνη.”
779 1412 852 1453 καὶ
876 1411 1139 1466 α’κτολογοῦσι
1167 1409 1221 1454 τὰ
1246 1413 1353 1467 μέρη
1381 1410 1435 1453 τὰ
1460 1412 1518 1468 τῷ
1543 1409 1692 1462 στεψί-

247 1492 312 1535 puy
342 1473 601 1533 ἁρμόζοντα,
629 1475 701 1519 καὶ
723 1478 927 1531 λαμβάνει
953 1476 980 1534 ἧ
1010 1476 1223 1532 αιῗγούστα
1253 1476 1426 1534 κηρούς,
1471 1475 1545 1519 καὶ
1570 1473 1749 1518 ἅπτειαο

248 1540 353 1597 πρός
379 1541 453 1585 τὸν
479 1544 614 1596 τιζαιον
641 1542 835 1599 σταυρὸν,
864 1545 936 1586 καί
960 1539 1148 1600 εὐφημεῖ
1171 1543 1193 1586 ὅ
1223 1542 1325 1594 λαός
1350 1542 1446 1594 τούς
1475 1539 1692 1596 δεσπότας,

248 1608 434 1664 εὐφημεῖ·
469 1611 543 1651 καί
577 1607 651 1665 τὴν
686 1606 943 1664 αὕγούσταν,
986 1609 1058 1651 καί
1092 1607 1159 1652 ὅτε
1198 1611 1400 1667 πληρωθῇ
1437 1607 1705 1665 ἧεῦφημία,’

249 1675 528 1732 προσκυνεῖῆ
557 1675 772 1731 αὕγούστα
811 1674 932 1719 ἔνθεν
960 1676 1173 1730 κάκεῖθεν,
1221 1675 1294 1718 καί
1331 1675 1584 1733 ὑποστρέφει
1624 1670 1696 1717 διὰ

349 1816 381 1840 2.
415 1804 563 1839 ἵσταται
587 1804 643 1837 ed.
720 1817 770 1851 ¹7·
795 1803 908 1848 αὐτῆς
939 1797 1007 1847 τὴν
1031 1803 1124 1850 ὄψιν
1158 1807 1217 1849 R„
1251 1797 1368 1850 αὐτῆν
1389 1802 1483 1852 ὄψιν
1501 1805 1603 1847 cod„
1626 1804 1696 1838 ad-

257 1850 298 1897 §³³
348 1849 417 1894 τήν
436 1850 713 1899 σ’ψικευομένην
737 1851 793 1887 ed.
889 1865 943 1887 22.
965 1854 985 1895 ἦ
1012 1863 1081 1886 om.
1112 1852 1167 1886 ed.

259 1953 510 1996 undecimum,
533 1956 831 2000 protectorissae,
858 1956 1112 1988 centurionum
1139 1965 1280 1990 uxores.
1335 1954 1412 1988 Hae
1443 1964 1568 1988 omnen
1598 1953 1698 1987 ordi-
1724 1979 1730 1982 .

259 2011 305 2032 ne
329 2001 530 2044 ingressae,
574 2002 815 2035 Dominorum
844 2012 960 2047 aeque
984 2013 1025 2034 ac
1047 2003 1229 2046 Augustae
1247 2011 1363 2046 genua
1389 2005 1628 2041 venerantur,
1660 2003 1699 2033 et

261 2049 475 2080 consistorio
499 2046 684 2090 adstante,
711 2050 852 2094 signum
876 2049 1085 2093 praeposito
1107 2048 1253 2081 Domini
1281 2047 1387 2090 dant,
1415 2047 1481 2093 qui
1499 2046 1609 2080 dicit:
1635 2046 1700 2081 Iu-

261 2094 365 2135 bere,
390 2093 523 2127 deinde
546 2095 791 2140 egrediuntur.
841 2096 986 2141 Reliqui
1003 2106 1049 2128 ex
1066 2094 1166 2128 urbis
1189 2094 1319 2127 incolis
1351 2092 1541 2127 ordinibus
1560 2098 1598 2126 et
1627 2104 1699 2126 nu-

259 2142 381 2182 meris,
406 2151 523 2188 aeque
539 2151 580 2174 ac
594 2153 678 2177 vasa
694 2143 828 2184 omnia,
852 2143 891 2175 in
908 2141 1086 2175 tribunali
1103 2142 1187 2177 XIX
1207 2140 1440 2173 accubituum
1461 2140 1697 2174 ordinantur:

260 2188 406 2232 patricii
434 2190 474 2222 in
511 2188 719 2234 onopodio‚
751 2194 935 2222 senatores
961 2189 999 2222 in
1026 2189 1169 2234 porticu
1193 2186 1281 2222 XIX
1317 2187 1550 2220 accubituum
1589 2190 1700 2220 stant.

261 2235 421 2278 Augusta
439 2246 460 2268 a
479 2235 647 2269 cubiculo
667 2237 800 2281 stipata
818 2235 1020 2281 egreditur,
1047 2245 1193 2280 unaque
1214 2245 1294 2266 cum
1310 2235 1388 2279 ipsa
1405 2233 1555 2269 Domini
1571 2233 1619 2267 ad
1634 2243 1701 2266 au-

262 2292 361 2314 ream
377 2292 521 2316 manum
537 2282 739 2328 procedunt
763 2293 805 2316 ac
826 2286 1066 2317 revertuntur.
1114 2282 1194 2326 Ipsa
1210 2291 1295 2315 vero
1317 2280 1540 2326 onopodium
1560 2281 1702 2325 ingres-

267 2339 326 2370 sa,
351 2330 495 2374 patricii
514 2340 594 2363 cum
614 2331 742 2363 ceteris
762 2329 990 2364 senatoribus
1007 2328 1274 2374 procumbunt,
1306 2332 1343 2361 et
1365 2331 1559 2374 postquam
1583 2337 1703 2360 surre-

267 2386 371 2417 xere,
396 2377 537 2422 signum
554 2378 806 2411 cerimoniario
827 2377 932 2418 dant,
958 2376 1023 2422 qui
1051 2374 1157 2408 dicit:
1199 2374 1344 2416 Iubete,
1380 2374 1515 2420 reliqui
1542 2373 1715 2408 faustum.

268 2434 310 2456 ac
327 2423 542 2463 diuturnum
561 2425 753 2469 imperium
768 2424 965 2470 apprecati,
994 2423 1110 2468 ipsam
1123 2420 1170 2454 ad
1186 2421 1358 2454 solarium
1375 2421 1570 2455 tribunalis
1590 2420 1704 2454 comi-

267 2475 402 2504 tantur.
458 2471 561 2504 Tunc
582 2472 746 2505 consules
765 2482 806 2504 ac
822 2470 958 2516 reliqui
974 2474 1157 2503 senatores
1178 2467 1422 2509 descendunt,
1447 2468 1594 2513 patricii
1616 2476 1703 2503 vero

263 2518 351 2550 hinc
378 2517 483 2550 illinc
507 2518 546 2551 in
572 2518 665 2551 scala
689 2523 807 2561 stant,
840 2517 1000 2562 dumque
1028 2517 1105 2562 ipsa
1134 2515 1277 2549 vultum
1308 2526 1413 2548 suum
1443 2514 1625 2556 ostendit,
1647 2514 1706 2546 fa-

265 2565 403 2596 ctiones
424 2565 637 2598 acclamant:
672 2566 851 2601 Sanctus!
874 2566 1055 2599 Sanctus!
1081 2563 1262 2597 Sanctus!
1313 2563 1442 2596 Gloria
1479 2564 1520 2596 in
1551 2561 1705 2596 excelsis

265 2612 343 2645 Deo
370 2620 403 2645 et
431 2623 507 2658 pax
529 2613 569 2646 in
596 2613 722 2647 terra!
754 2612 896 2646 Deinde
933 2611 1107 2643 factiones
1136 2619 1201 2649 ea,
1234 2619 1328 2654 quae
1365 2608 1592 2641 coronationi
1617 2617 1704 2641 con-

265 2658 439 2699 veniunt,
481 2663 559 2691 acta
593 2659 767 2700 recitant,
791 2659 949 2702 Augusta
976 2668 1098 2690 cereos
1132 2655 1179 2687 ad
1204 2655 1445 2689 venerandam
1473 2665 1614 2688 crucem
1643 2663 1704 2685 ao-

268 2704 408 2746 cendit,
424 2706 581 2751 populus
602 2717 687 2743 vero
709 2711 746 2740 et
767 2705 931 2740 Dominis
961 2709 998 2738 et
1019 2704 1198 2749 Augustae
1223 2701 1341 2736 fausta
1361 2706 1576 2749 apprecatur
1594 2725 1605 2742 ,
1629 2708 1704 2746 quo
