1884 3112
315 117 336 154 1
355 117 420 155 10
590 112 952 160 cousrmm
993 87 1477 158 PoRPnYRonm
1514 114 1517 119 ’

306 219 380 277 ρὸν
406 220 666 276 προσμένων,
699 215 897 260 ἀλλάσσει
915 217 963 258 δὲ
981 214 1130 259 λευκὸν
1151 217 1407 274 διβητήσιον.
1446 222 1751 276 καταλαβόντος

304 290 356 330 δὲ
385 288 463 329 τοῦ
488 286 657 338 καιροῦ,
709 284 783 325 καί
813 284 1020 338 δηλωθείς
1052 282 1077 326 ὅ
1103 284 1378 340 πραιπόσιτος
1413 284 1529 343 παρὰ
1565 289 1643 330 τοῦ
1675 290 1752 344 τῆς

303 351 606 403 καταστάσεως,
635 348 763 399 αὐτὸς
788 346 988 391 εἰσελθών
1019 350 1143 405 δηλοῖ
1165 353 1224 408 τῷ
1249 354 1438 406 βασιλεῖ,
1466 351 1538 394 καί
1559 353 1753 404 δοθέντος

302 419 508 463 σιλεντίου
549 413 631 458 ἀπὸ
661 414 887 464 κελεύσεως
929 414 1000 457 διὰ
1041 417 1116 457 τοῦ
1151 419 1222 472 τῆς
1260 417 1580 472 καταστάσεως,
1628 415 1753 476 ἆνέρ-

301 501 452 540 χονται
488 482 527 524 οἱ
558 481 770 539 πατρίκιοι
805 479 877 523 διὰ
909 483 984 523 τοῦ
1017 481 1151 523 αὐτοῦ
1180 485 1353 537 κοχλιοῦ
1388 486 1462 526 καί
1492 486 1778 541 εἷσέρχονται5

301 553 347 594 ἐν
374 553 432 608 τῷ
461 549 747 606 προειρημένῳ
781 549 907 605 στενῷ
929 546 1133 606 τρικλίνῳ.
1191 546 1215 590 ὅ
1248 550 1295 591 δὲ
1324 548 1524 603 βασιλεὺς
1553 552 1755 606 περιβαλ-

298 615 470 670 λόμενος
489 615 687 670 χλανίδα,
722 614 779 665 ὥς
810 613 998 656 εἴθισται
1033 614 1177 673 αὐτῷ,
1227 617 1443 671 ἐξέρχεται
1471 617 1519 658 ἐκ
1555 617 1646 658 τοῦ
1666 630 1756 658 not-

299 685 450 735 τῶνος,
501 679 576 723 καὶ
605 678 925 738 ὃηριγευόμενος
963 679 1048 723 ὑπὸ
1088 682 1173 723 τῶν
1215 679 1431 737 ἀρχόντων
1462 683 1539 724 τοῦ
1576 684 1757 736 κουβου-

301 747 456 801 κλείου,
496 743 729 804 ἀπέρχεται
753 748 882 803 μέχρι
914 748 989 802 τῆς
1017 745 1150 803 πύλης
1182 748 1260 788 τοῦ
1286 749 1586 804 προλεχθέντος
1610 747 1756 790 orsum?

303 813 537 872 τρικλίνου,
564 815 639 855 καί
669 814 866 868 δέχονται
904 811 1037 855 αὐτὸν
1067 813 1201 855 ἐκεῖσε
1250 813 1294 855 οἳ
1355 829 1403 855 τε
1440 811 1654 870 πατρίκιοι
1682 810 1810 858 ’talto

268 881 537 938 Βοτρατηγοί
560 874 645 920 ἆπό
670 878 976 935 χρυσοτάβλων
993 878 1251 933 χλανιὸῗων,
1289 877 1364 921 καὶ
1389 878 1604 933 πεσόντες,
1641 875 1758 921 νεύει

306 946 330 990 ὃ
352 945 624 1004 πραιπόσιτος
653 940 741 987 dud
763 944 989 994 κελεύσεως
1012 946 1070 1004 τῷ
1094 947 1169 1000 τῆς
1196 945 1494 996 καταστάσεως
1538 943 1613 988 καὶ
1646 945 1758 999 λέγει

299 1012 595 1069 „nudavere-'²
649 1006 772 1053 αὖτοί
802 1012 850 1052 δὲ
877 1009 1181 1067 ὖπερεύχονται
1215 1012 1306 1066 ,,ει’ς
1347 1009 1528 1061 πολλοὺς
1554 1012 1629 1054 καί
1653 1006 1758 1067 ἆγα-

297 1076 406 1128 θοὺς
427 1076 646 1135 χρόνους.”
681 1076 757 1119 καί
776 1076 1094 1133 ὃηριγευόμενος
1122 1072 1205 1118 ἀπὸ
1232 1080 1318 1120 τῶν
1337 1078 1470 1120 ἐκεῖσε
1489 1074 1576 1120 ὖπό
1604 1092 1650 1120 τε
1671 1078 1758 1119 τῶν

300 1143 516 1201 ἀρχόντων
551 1144 628 1186 τοῦ
658 1141 951 1198 κουβουκλειόυ
989 1141 1064 1185 καὶ
1101 1145 1175 1200 τῆς
1206 1141 1464 1200 συγκλήτου,
1505 1143 1810 1200 κατέρχεταιις

303 1212 360 1253 δι’
388 1203 440 1252 οὗ
463 1207 537 1251 καί
562 1206 718 1265 ἀνῆλθε
747 1211 919 1263 κοχλιοῦ
932 1242 946 1263 ,
987 1211 1062 1251 καί
1085 1209 1281 1264 δέχονται
1301 1209 1428 1252 πάλιν
1446 1209 1492 1252 ἐν
1510 1210 1570 1266 τῷ
1590 1207 1758 1266 πληρώ-

305 1286 412 1330 ’ματι
437 1277 512 1319 τοῦ
543 1276 716 1330 κοχλιοῦ
740 1276 784 1318 οῖ’
809 1291 855 1317 τε
883 1275 1097 1333 πατρίκιοι
1120 1275 1194 1318 καὶ
1221 1274 1444 1333 στρατηγοὶ
1470 1271 1560 1330 ἅμα
1585 1277 1639 1332 τῇ
1656 1291 1758 1331 συγ-

305 1339 467 1398 κλήτῳ,
517 1343 591 1384 καί
622 1340 748 1384 πάλιν
791 1340 932 1396 λαβών
973 1344 1106 1396 νεῦμα
1139 1340 1160 1385 ὅ
1198 1340 1475 1399 πραιπόσιτος
1523 1341 1639 1398 παρὰ
1680 1343 1760 1384 voit·

305 1410 534 1462 βασιλέως,
570 1407 682 1450 νεύει
706 1409 768 1465 τῷ
788 1407 1075 1467 σιλεντιαρίῳ,
1104 1408 1290 1458 κοῖκεΐνος
1327 1410 1438 1463 λέγει
1465 1406 1759 1463 ,,κελεύσατε·”

133 1483 198 1519 Ed.
208 1480 248 1517 L.
258 1483 306 1519 66
317 1470 443 1516 αὖτοί
464 1475 512 1515 δὲ
545 1470 854 1531 ὖπερεύχονται
876 1473 945 1517 τὸν
972 1475 1150 1529 βασιλέα
1169 1476 1258 1528 ,,εἰς
1277 1473 1454 1525 πολλοὺς
1482 1472 1555 1516 καὶ
1572 1472 1814 1529 ἆγαθοὺςαο

303 1539 524 1599 χρόνους.”
549 1541 623 1582 καί
648 1538 964 1597 ὃηριγευόμενος
981 1539 1053 1583 ὑπ’
1082 1540 1224 1583 αὐτῶν
1250 1539 1273 1582 ὅ
1301 1537 1520 1595 βασιλεῦς,
1545 1540 1759 1596 ἐξέρχεται

304 1605 383 1663 τὴν
410 1605 544 1662 πύλην
570 1607 649 1647 τοῦ
685 1607 887 1663 λουτῆρος
900 1599 919 1660 ,’
963 1608 1204 1663 φωνοῦντος
1229 1603 1335 1648 κατὰ
1375 1603 1420 1648 τό
1465 1603 1652 1664 σόνὴθες-
1681 1605 1758 1647 τοῦ

306 1674 382 1728 τῆς
408 1670 694 1722 καταστάσεως
721 1669 769 1714 τό
798 1672 1012 1726 „nani-cite
1038 1670 1252 1729 Δόμηνι,”
1293 1673 1367 1714 καί
1401 1672 1569 1726 δέχεται
1595 1667 1759 1721 εὐθέως

310 1737 334 1781 ὅ
365 1737 624 1796 δημοκράτης
651 1738 735 1782 τῶν
761 1740 968 1794 Βενέτων,
995 1733 1121 1795 ἤγουν
1149 1735 1172 1781 ὅ
1203 1738 1446 1793 δομέστικος
1470 1738 1554 1781 τῶν
1580 1738 1761 1792 σχολῶν,

407 1840 436 1865 ι.
463 1827 504 1863 δὲ
531 1840 600 1863 om.
626 1828 704 1862 cod.

312 1918 510 1965 albumque
537 1919 757 1954 dibetesium
774 1920 908 1954 induit.
957 1921 1135 1968 Tempore
1163 1922 1344 1962 instante,
1373 1921 1532 1954 monitus
1557 1929 1579 1953 a
1599 1918 1757 1953 cerimo-

313 1966 432 2000 niario
458 1967 710 2011 praepositus,
744 1968 821 2011 ipse
841 1967 1046 2013 ingressus,
1080 1968 1122 2002 id
1157 1967 1370 2013 Imperatori
1404 1966 1564 2007 indicat,
1596 1964 1757 2011 datoque

314 2013 463 2046 silentio
489 2023 509 2045 a
532 2013 806 2046 cerimoniarum
828 2015 1022 2059 magistro,
1055 2026 1121 2059 per
1152 2014 1304 2048 eandem
1331 2013 1512 2047 cochleam
1532 2010 1758 2046 adscendunt

313 2059 458 2105 patricii
488 2063 526 2092 et
556 2059 693 2092 dictum
723 2066 912 2104 angustum
931 2061 1131 2094 triclinium
1160 2060 1425 2106 ingrediuntur.
1473 2060 1672 2105 Imperator
1698 2062 1759 2091 tu-

317 2106 420 2146 nica,
446 2109 489 2140 ut
510 2105 581 2150 ipsi
610 2106 758 2139 solenne
782 2111 855 2148 est,
880 2107 1049 2148 indutus,
1072 2119 1092 2141 e
1113 2107 1279 2141 cubiculo
1302 2105 1484 2151 egreditur
1498 2131 1509 2148 ,
1531 2105 1758 2150 stipatusque

316 2151 363 2185 ab
384 2153 461 2185 eius
482 2152 671 2197 praesectis
687 2177 696 2193 ‚
720 2152 766 2186 ad
790 2158 931 2198 portam
953 2153 1043 2188 dicti
1064 2155 1205 2197 angusti
1230 2153 1384 2187 triclinii
1407 2153 1500 2194 abit,
1522 2151 1588 2185 ubi
1609 2150 1760 2197 patricii

318 2209 400 2232 eum
425 2205 463 2233 et
485 2199 648 2244 strategi,
672 2199 814 2232 tunicas
841 2201 958 2234 aureis
985 2202 1092 2234 clavis
1122 2205 1325 2245 gestantes,
1353 2199 1563 2244 excipiunt,
1588 2198 1759 2244 flexoque

317 2256 412 2291 genu
438 2245 525 2278 dum
550 2247 808 2290 Imperatorem
835 2253 1075 2289 venerantur,
1109 2248 1335 2291 praepositus
1374 2257 1395 2279 a
1422 2245 1591 2282 mandato
1617 2246 1760 2290 signum

317 2291 570 2326 cerimoniario
596 2293 659 2326 dat
687 2297 724 2325 et
759 2293 870 2328 dicit:
903 2293 1150 2341 Iubeaee5j111:
1177 2296 1221 2328 ln
1251 2294 1366 2328 multa
1390 2293 1559 2340 bonaque
1579 2301 1757 2339 tempora.

316 2338 408 2372 Inde
422 2365 432 2381 ,
460 2339 620 2372 cubiculi
640 2339 832 2384 praefectis
858 2346 894 2374 et
915 2348 1043 2375 senatu
1063 2341 1338 2382 comitantibus,
1377 2351 1442 2384 per
1462 2340 1666 2380 cochleam,
1691 2347 1759 2383 per

316 2397 425 2431 quam
441 2385 700 2426 adscenderat,
728 2399 847 2421 rursus
866 2388 1072 2429 descendit,
1098 2389 1209 2433 inque
1236 2388 1314 2421 eius
1335 2386 1501 2420 inferiori
1521 2391 1623 2431 parte
1667 2385 1759 2418 atri-

317 2433 366 2466 cii
390 2438 427 2466 et
447 2434 592 2478 strategi
619 2444 689 2466 uua
709 2444 787 2467 cum
813 2441 940 2468 senatu
963 2446 1044 2469 eum
1071 2435 1276 2480 excipiunt,
1300 2440 1338 2468 et
1363 2445 1484 2467 rursus
1500 2434 1600 2479 signo
1614 2397 1666 2467 ag
1685 2431 1760 2464 Im·-

315 2485 484 2524 peratore
508 2480 713 2524 praeposito
739 2479 844 2523 dato,
868 2483 898 2515 is
923 2482 1123 2517 silentiario
1146 2481 1295 2522 annuit,
1320 2480 1384 2527 qui
1411 2480 1520 2515 dicit:
1547 2466 1696 2524 Ῑιιόὶεες
1719 2481 1759 2511 at

315 2526 394 2559 illi:
417 2527 464 2560 In
496 2527 610 2561 multa
632 2527 800 2575 bonaque
828 2537 990 2574 tempora
1028 2529 1242 2574 Imperatori
1285 2528 1490 2561 acclamant.
1540 2526 1637 2572 Qui,
1666 2525 1757 2570 ipsis

317 2573 594 2614 comitantibus,
621 2584 641 2607 e
674 2579 777 2619 porta
794 2574 999 2620 baptisterii
1030 2575 1235 2620 egreditur,
1266 2574 1352 2608 dum
1385 2573 1658 2608 cerimoniarius
1690 2581 1757 2615 pro

316 2631 417 2653 more
437 2620 507 2665 ipsi
529 2620 717 2654 acclamat:
755 2621 906 2668 Caplate
950 2622 1118 2665 Domini,
1158 2623 1352 2668 statimque
1389 2632 1471 2655 eum
1494 2619 1662 2654 tribunus
1682 2617 1758 2653 Ve-

316 2672 485 2700 netorum
517 2679 582 2701 seu
605 2666 821 2703 domesticus
853 2669 1056 2703 scholarum
1100 2680 1182 2703 cum
1221 2670 1294 2703 suis
1327 2669 1484 2713 excipit,
1519 2667 1629 2712 eique
1651 2675 1672 2697 ὃ
1696 2673 1758 2716 98·

319 2712 529 2749 rimoniario
548 2712 740 2758 adductus,
763 2727 884 2750 cruces
909 2727 929 2750 e
951 2717 1041 2751 rosis
1066 2721 1253 2752 contextas
1274 2713 1406 2751 traditz
1431 2714 1541 2761 paulo
1552 2716 1636 2760 post
1653 2716 1760 2757 prm‘·
