1878 3112
356 77 473 147 434
602 94 957 142 CONSTANTml
994 97 1478 143 PORPHYROGENlTl

311 210 348 245 ⁷1)
361 202 581 260 ἐκράτησεν
609 203 656 244 δὲ
682 200 709 256 ἦ
736 201 818 243 τῶν
846 197 1057 256 ῥηθέντων
1084 202 1316 256 προσώπων
1344 199 1512 252 &gavata
1542 202 1625 244 οἷπό
1656 218 1795 247 πεντε-

351 265 596 323 καιδεκάτην
623 264 754 321 μηνὸς
781 265 982 322 Μαρτίου
1009 267 1089 308 lvci.
1117 265 1149 315 ς’
1188 268 1317 321 μέχρι
1353 264 1607 321 Αὔγούστου
1654 285 1796 311 πεντε-·

351 331 617 388 καιδεκάτης,
655 332 736 374 ι’νὸ.
762 332 838 386 τῆς
862 331 1016 387 αὐτῆς.
1063 327 1243 375 Ἰουλίου
1273 334 1318 374 δὲ
1344 331 1477 387 μηνὸς
1504 334 1687 391 δευτέρᾳ,
1718 335 1796 380 ἷνδ.

351 399 527 452 ὁμοίως,
561 397 822 453 οἷνηγορεύθη
850 398 896 440 ἐν
921 402 1008 447 τοῖς
1034 397 1106 451 τῆς
1134 397 1337 453 ἀνατολῆς
1363 400 1534 454 μέρεσιν
1564 398 1586 440 ὅ
1616 398 1796 453 εὐσεβής

348 463 423 506 καὶ
457 460 726 520 φιλόχριστος
752 461 949 516 βασιλεὺς
991 462 1110 518 ἡμῶν
1138 452 1378 519 Νικηφόρος
1416 463 1533 518 παρὰ
1574 466 1648 505 τοῦ
1681 463 1822 507 ἰδίου5
1856 457 1858 460 ’

349 529 638 585 στρατοπέδου
666 526 866 581 βασιλεὺς
907 527 1148 582 *Ρωμαίωκ
1204 529 1250 569 ἐν
1278 528 1498 585 Καισαρίᾳ
1525 529 1606 585 γὰρ
1642 531 1694 587 τῇ
1719 533 1797 573 νῦν

348 595 425 648 τῆς
454 594 750 636 Καππαδοκῶν
778 594 985 649 ἐπαρχίας
1025 594 1071 635 ἐν
1114 593 1173 651 τῷ
1198 593 1371 651 κάμπῳ,
1398 593 1631 651 μαγίσι-ρον
1662 592 1798 637 αὐτοῦ

170 714 177 717 q
347 653 473 717 4ὄντος
512 659 586 700 καί
628 658 869 714 δομεστίκου
899 660 983 701 τῶν
1011 659 1200 713 σχολῶν,
1247 661 1526 713 συναχθέντες
1567 658 1718 709 πάντες
1755 659 1797 702 οἱ

167 728 350 766 Ed.L.252
361 723 586 780 στρατηγοὶ
610 727 682 766 καί
709 721 762 766 τοὶ
790 723 995 778 τάγματα,
1024 719 1305 779 ἀνηγόρευσαν
1333 721 1459 766 αὐτὸν
1485 724 1673 778 βασιλέα.
1721 727 1798 767 τοῦ

172 791 407 845 Μι169.ειδὲ
431 787 491 845 μὴ
519 790 802 843 βουλομένου,
834 787 938 831 οἷλλά
969 787 1074 845 πρὸς
1100 787 1172 831 τὸν
1200 788 1380 843 πόλεμον
1409 791 1493 831 τῶν
1515 790 1848 846 Ἰσμαηλιτῶνῐο

351 853 681 902 ἐπισπεύδοντος
709 853 781 896 καὶ
820 852 894 896 τὸν
922 852 1019 896 λαὸν
1049 855 1108 903 εἰς
1135 855 1258 896 τοῦτο
1290 857 1644 911 προτρεπομένου,
1675 854 1799 897 adrui

351 921 508 974 μᾶλλον
536 917 788 969 σπεύσαντες
818 922 891 979 βίᾳ
921 919 994 961 καί
1024 918 1082 975 μὴ
1121 919 1374 973 βουλόμενον
1401 922 1447 963 ἐκ
1473 922 1547 975 τῆς
1575 922 1718 975 τέντης
1745 917 1797 960 ὗ-

351 984 568 1039 ψώσαντες
597 985 883 1041 ἀνηγόρευσαν
910 985 1041 1028 αῧτὸν
1070 987 1271 1040 βασιλέα.
1326 981 1375 1028 οὗ
1404 985 1488 1042 μὴν
1517 987 1564 1028 δὲ
1594 986 1796 1042 ἕφόρεσεν

351 1052 516 1104 στέμμα
544 1046 573 1105 ἢ
600 1045 730 1106 ἄλλην
755 1049 847 1093 τινὰ
875 1051 1086 1105 βασίλειον
1113 1053 1303 1106 ἐσθῆτα,
1347 1052 1388 1092 εἰ
1411 1050 1470 1107 μή
1511 1050 1639 1105 μόνον
1674 1049 1727 1092 τὰ
1752 1048 1798 1093 ὖ-

351 1116 577 1171 ποδὴματα
605 1116 831 1167 ἐναλλάξας
859 1117 1028 1172 ῥούσεα,
1060 1111 1151 1171 ἦτοι
1180 1115 1362 1158 κόκκινα.
1417 1113 1622 1159 οἶκουστὸν
1650 1117 1697 1158 δὲ
1723 1119 1846 1170 γε-ιό

350 1180 470 1236 γονὰς
495 1182 615 1223 τοῦτο
644 1183 689 1224 ἐν
716 1185 768 1239 τῇ
805 1183 945 1235 πόλει,
993 1183 1208 1238 ἐταράχθη
1243 1181 1265 1223 ὅ
1295 1181 1665 1238 παρακοιμώμενος
1701 1181 1793 1224 Ἰω-

354 1245 466 1303 σὴφ,
507 1247 579 1288 καί
619 1242 827 1303 ἀνταίρων
854 1246 1126 1304 ἐφιλονείκει,
1154 1246 1228 1288 καὶ
1256 1245 1587 1302 παρεσκευάζετο
1618 1242 1794 1289 οἷντιπα-

319 1310 625 1367 Βρατάξασθαι
651 1314 707 1370 τῷ
735 1309 880 1356 ἄνακτι
897 1345 909 1356 .
966 1312 988 1354 ὅ
1017 1313 1067 1354 δέ
1092 1328 1139 1367 γε
1165 1311 1363 1366 βασιλεὺς
1392 1310 1632 1368 Νικηφόρος
1657 1313 1794 1368 γράμ-

323 1416 325 1418 .
351 1393 483 1431 μασιν
509 1377 680 1433 ἡμέροις
704 1376 921 1435 χρώμενος
946 1376 1053 1434 πρὸς
1081 1375 1234 1430 αὐτὸν,
1278 1379 1502 1431 ἐξέπεμπεν
1511 1410 1524 1429 ,
1552 1374 1628 1431 τὴν
1657 1373 1794 1432 αὗτήν

352 1440 479 1492 δόξαν
507 1438 620 1499 aba?
647 1442 760 1497 ἔχειν
785 1442 1114 1498 ὑπισχνούμενος
1140 1444 1212 1485 καί
1238 1441 1363 1495 τιμοὶς
1390 1445 1570 1492 πλείους.
1616 1443 1688 1484 καί
1713 1440 1845 1496 ‘trimo

353 1506 582 1564 σύγκλητον
618 1510 676 1566 τῷ
718 1506 848 1567 ὅμοίῳ
887 1508 1025 1567 τρόπῳ
1066 1510 1310 1565 ἐδηλοποίει.
1363 1507 1385 1550 ὃ
1413 1509 1460 1550 δὲ
1488 1505 1683 1558 πολλάκις
1707 1514 1792 1557 τοῖς

353 1640 492 1676 Horum
514 1645 674 1686 potestas
699 1640 826 1675 valuit⁴
849 1651 870 1674 a
905 1640 1001 1675 dicta
1035 1640 1095 1674 die
1127 1640 1265 1674 decima
1282 1641 1408 1686 quinta
1431 1640 1554 1673 Martii
1579 1639 1790 1674 indictionis

355 1693 478 1722 sextae
516 1699 630 1734 usque
663 1687 709 1721 ad
741 1688 839 1722 diem
872 1687 1047 1722 decimam
1072 1688 1237 1732 quintam
1261 1687 1411 1732 Augusti
1436 1685 1597 1721 eiusdem
1622 1687 1792 1720 indictio-

356 1736 424 1768 nis.
488 1734 652 1768 Secunda
686 1745 771 1768 vero
807 1734 892 1768 Iulii
927 1734 986 1768 die
1023 1734 1234 1767 indictionis
1262 1733 1423 1767 eiusdem
1450 1733 1727 1777 nuncupabatur
1750 1735 1791 1766 in

356 1781 522 1826 partibus
561 1781 721 1816 Orientis
751 1782 947 1825 Imperator
980 1782 1219 1814 Romanorum
1259 1780 1304 1813 ab
1344 1780 1503 1812 exercitu
1539 1790 1603 1814 suo
1633 1781 1714 1824 pius
1753 1783 1792 1812 et

359 1827 495 1861 Christi
519 1839 638 1862 amans
663 1828 839 1863 Dominus
863 1833 986 1861 noster
1009 1827 1245 1871 Nicephorus.
1281 1825 1387 1870 Apud
1416 1825 1623 1859 Caesaream
1645 1835 1792 1870 nempe,

357 1885 450 1919 quae
474 1886 571 1908 nunc
595 1873 847 1919 Cappadocum
882 1874 1129 1919 praefecturae
1164 1877 1396 1913 accensetur,
1422 1872 1625 1916 congregati
1648 1873 1688 1905 in
1713 1870 1790 1916 [ur-

357 1920 440 1967 bis]
478 1931 604 1965 campo
636 1921 744 1954 duces
778 1920 997 1967 ordinesque
1031 1921 1204 1953 militares
1233 1930 1354 1952 omnes
1389 1919 1648 1962 nuncupabant
1670 1918 1791 1962 ipsum

357 1966 633 2011 Imperatorem,
658 1973 732 2000 tum
757 1968 928 2011 temporis
954 1967 1113 2011 magistri
1137 1972 1174 1999 et
1196 1964 1383 2000 domestici
1407 1964 1608 1998 scholarum
1633 1963 1791 2008 dignita-

357 2018 395 2045 te
421 2014 664 2057 conspicuum.
714 2013 938 2058 Repudiabat
971 2013 1116 2059 quidem
1142 2012 1282 2045 oblatos
1306 2010 1481 2050 honores,
1505 2015 1547 2043 ut
1570 2010 1627 2043 cui
1651 2010 1791 2043 bellum

359 2069 439 2091 cum
465 2060 654 2092 ismaelitis
680 2071 786 2092 curae
821 2061 930 2103 magis
958 2065 994 2092 et
1018 2059 1117 2092 cordi
1141 2064 1255 2100 esset3
1282 2059 1320 2090 in
1345 2055 1444 2101 quod
1467 2057 1544 2099 ipse
1566 2067 1701 2100 pronus
1726 2057 1788 2090 in-

359 2104 529 2137 cumbens
562 2116 644 2137 suos
679 2107 787 2139 etiam
823 2107 951 2139 acriter
983 2104 1185 2149 instigabat.
1243 2104 1301 2136 Illi
1326 2108 1444 2135 autem
1468 2113 1510 2135 eo
1536 2103 1646 2147 magis
1671 2102 1789 2135 insta-

358 2149 467 2190 bant,
493 2156 704 2195 raptumque
738 2152 775 2184 vi
799 2157 836 2185 et
861 2152 1013 2184 invitum
1048 2163 1067 2183 c
1090 2149 1272 2189 tentorio,
1305 2149 1459 2181 levatum
1485 2153 1604 2188 scuto,
1629 2150 1789 2194 Impera-

358 2201 474 2229 torem
504 2197 783 2239 proclamabant.
842 2197 967 2242 Neque
999 2201 1119 2233 tamen
1151 2201 1225 2229 tum
1261 2194 1409 2240 quidem
1442 2200 1503 2228 aut
1534 2205 1700 2228 coronam
1725 2200 1789 2229 aut

358 2242 469 2284 alium
491 2242 715 2287 imperialem
739 2247 904 2276 ornatum
929 2243 1156 2282 assumebat,
1183 2246 1371 2276 contentus
1398 2241 1643 2274 coccineorum
1670 2242 1788 2275 calce-

359 2299 460 2322 orum
485 2299 565 2323 usu.
611 2289 696 2322 Eius
723 2290 777 2322 rei
801 2289 894 2322 fama
917 2294 957 2322 ut
985 2290 1024 2322 in
1048 2288 1179 2322 Urbem
1214 2288 1397 2332 pervenit,
1431 2286 1663 2321 vehementer
1688 2288 1790 2321 Iose-

357 2333 473 2380 phum
505 2334 748 2368 accubitorem
785 2337 915 2368 terruit
948 2340 984 2368 et
1007 2330 1219 2379 ad‘magnos
1245 2334 1405 2368 edendos
1430 2334 1604 2367 tumultus
1628 2333 1786 2378 impulit.

359 2380 578 2426 Opponehat
599 2381 695 2414 enim
721 2392 758 2415 ss
781 2382 936 2416 Domino
963 2380 1191 2427 [Nicephorol
1220 2391 1263 2414 ex
1295 2381 1528 2414 contentione
1555 2385 1592 2413 et
1614 2380 1787 2413 ambitio-

358 2438 431 2467 ne,
454 2428 561 2474 eique
587 2427 809 2474 profligando
836 2433 872 2461 et
897 2428 1049 2462 arcendo
1077 2439 1113 2461 sc
1139 2427 1376 2471 comparabat.
1423 2427 1549 2472 Neque
1574 2425 1788 2470 proficiebat

358 2473 584 2518 Nicephorus
609 2475 710 2519 Imp„
732 2474 886 2508 blandas
910 2475 1047 2508 litteras
1071 2474 1116 2506 ad
1144 2474 1261 2518 ipsum
1285 2484 1432 2507 exarans
1457 2479 1494 2506 et
1517 2473 1678 2512 mittens,
1702 2473 1787 2517 qui-

358 2519 427 2554 bus
450 2520 714 2565 pollicebatur,
748 2521 841 2555 velle
877 2522 947 2565 ipsi
970 2520 1179 2565 dignitatem
1214 2532 1314 2553 suam
1353 2530 1560 2556 conservare
1587 2524 1716 2551 sartam
1748 2523 1788 2551 'et

359 2571 491 2600 tectam
524 2572 561 2600 et
581 2565 746 2612 pluribus
781 2579 925 2613 quoque
949 2566 1148 2600 honoribus
1173 2567 1289 2611 ipsum
1313 2567 1502 2599 cumulare.
1554 2564 1719 2610 (Senatui
1744 2564 1786 2598 in

360 2611 512 2646 eandem
542 2614 756 2646 sententiam
790 2614 1055 2658 perscribebat,
1087 2613 1132 2646 de
1165 2624 1256 2646 nova
1288 2624 1351 2645 sua
1387 2612 1529 2645 fortuna
1552 2610 1784 2654 significans.)

358 2657 532 2706 Iosephus
562 2664 679 2694 autem
713 2662 871 2706 quamvis
903 2661 1042 2706 saepius
1078 2659 1206 2694 iisdem
1231 2658 1537 2693 insinuationibus
1558 2655 1784 2698 admonitus,

1584 2749 1593 2766 Ι
