1878 3112
322 161 676 206 coNsTmmi
715 159 910 201 ponpa.
951 159 1022 199 m:
1058 158 1313 200 cEmMoN.
1445 139 1560 211 449

130 259 262 305 miros
288 265 333 305 ἐν
359 266 412 320 τῇ
438 262 579 315 πόλει,
621 263 693 303 καί
727 262 867 302 ε’δίδου
897 259 1015 315 αὐτῷ
1044 259 1247 310 διατάξεις
1273 257 1455 307 ταύτας·
1509 254 1560 298 ἆ·-

128 329 395 383 παριθμῆσαι
414 326 484 369 τὸν
510 326 634 378 λαὸν,
661 323 749 368 ὅσοι
774 341 817 367 τε
845 323 924 365 ὑπὸ
955 323 1008 365 τὰ
1036 323 1223 378 τάγματά
1241 325 1320 366 εἰσι
1338 324 1410 378 τῆς
1437 321 1561 364 πόλε-

131 410 187 442 ως
227 392 300 435 καὶ
339 389 431 435 ὅσοι
457 390 539 433 ὑπὸ
568 392 640 434 τὸν
667 388 882 445 ὕπαρχον,
915 390 987 430 καί
1012 387 1188 439 τούτους
1214 389 1447 445 προορίζειν
1465 390 1558 429 καθ’

129 455 302 511 ἑαυτὸν,
337 459 383 500 ἒν
409 459 509 514 ποίῳ
536 459 655 512 μέρει
680 458 852 497 ἕκαστον
879 453 1036 496 τούτων
1064 456 1148 496 τῶν
1176 451 1448 507 συστημάτων
1476 457 1704 508 φυ-Με.α.1)

103 520 243 574 5λάξει
279 521 354 578 τὴν
387 522 504 565 πόλιν
541 526 587 564 ἑν
614 523 744 578 καιρῷ
771 519 991 574 ἐπιδημύις
1025 521 1217 574 ἐχθρῶν·
1273 515 1483 574 ἀνορθοῦν
1510 519 1600 559 δὲΙ)

128 589 201 630 καί
231 586 284 629 τὰ
311 589 395 630 τῶν
421 590 571 642 τειχῶν
598 587 815 639 κλάσματα
842 587 915 626 καί
939 583 991 626 τά
1017 587 1097 638 μὲν
1124 587 1171 627 ἐκ
1198 585 1355 632 δύσεως
1382 581 1561 639 ἕρχόμεὲ-

127 668 180 694 να
215 650 408 705 μανδάτα
448 653 748 707 καταμηνύειν,
793 652 871 699 ἕως
898 647 949 692 ἂν
986 647 1115 699 αὐτὸς
1145 647 1165 690 ὃ
1193 647 1386 703 βασιλεὺς
1414 647 1467 690 τὰ
1497 649 1560 690 οἶ-

128 716 311 769 κούμενα
353 718 574 773 παρέλθῃ·
627 714 732 769 μετὰ
774 717 821 757 δὲ
864 718 996 757 ταῦτα
1033 714 1086 756 τιὶ
1126 717 1204 767 μὲν
1239 716 1450 756 σπουδαῖα
1488 715 1562 755 καί

128 782 318 824 κίνδυνον
345 779 550 833 σύντομον
578 782 822 823 ἀπειλοῦντα
858 782 1026 821 διοικεῖν
1054 775 1205 832 αὐτὸν,
1246 777 1387 827 καθώς
1414 775 1464 820 ἂν
1493 795 1560 821 νο-

82 847 229 903 ῐομίσῃ
259 848 474 902 συμφέρον
502 843 630 898 εἶναι,
659 845 962 899 βουλευόμενον
988 843 1091 897 μετὰ
1122 846 1206 886 τῶν
1232 839 1575 900 χρησιμωτέρων·

127 914 201 965 τῆς
229 909 408 959 πόλεως·
461 910 512 951 τά
543 912 589 951 δὲ
614 912 826 965 μηδεμίαν
864 907 1052 962 σπουδήν
1081 907 1252 962 ἔχοντα,
1296 905 1386 949 ἀλλ’
1414 908 1562 961 εὐτελῆ

130 971 233 1018 ὄντα
260 975 333 1017 καί
350 974 532 1031 φανερά,
563 978 755 1027 διοικεῖν,
783 973 836 1015 τά
867 975 912 1015 δὲ
936 973 1117 1028 μεγάλης
1145 973 1360 1030 φροντίδος
1386 973 1559 1026 δεόμενα

128 1040 375 1095 ὗποκρατεῖν
401 1043 528 1095 μέχρι
554 1042 626 1095 τῆς
662 1039 932 1094 ὑποστροφῆς
957 1042 1029 1080 τοῦ
1054 1041 1283 1092 βασιλέως·
1338 1040 1752 1093 προσέχεινΕΛᾸμπδο

129 1107 177 1147 δὲ
199 1104 382 1157 μάλιστα
410 1107 508 1160 περὶ
533 1105 747 1160 αἰφνιδίου
775 1104 996 1158 summulas·
1023 1105 1214 1157 ἐχθρῶν,
1243 1102 1316 1144 καί
1343 1102 1412 1144 διὰ
1441 1106 1562 1144 τοῦτο

82 1169 312 1223 ιόμάλιστα
348 1168 525 1224 γράφειν
561 1185 605 1211 τε
648 1169 834 1222 συνεχῶς
873 1166 944 1208 καί
979 1169 1181 1221 δέχεσθαι
1219 1169 1264 1208 ἐκ
1301 1170 1384 1210 τῶν
1424 1163 1564 1223 ἄκρων

128 1235 351 1288 θεμάτων,
396 1235 468 1275 καί
501 1239 774 1275 κατασκοπεῖν
811 1230 864 1274 τά
905 1233 988 1274 τῶν
1023 1232 1216 1286 γειτόνων
1252 1233 1444 1287 ἐχθρῶν,
1492 1231 1566 1273 καί

128 1298 357 1353 μανθάνειν
384 1300 457 1341 καί
482 1298 775 1340 ἀναδιδάσκειν
795 1314 806 1325 ·
860 1296 922 1339 ἔτι
949 1313 995 1351 γε
1019 1295 1103 1351 μὴν
1130 1299 1225 1338 καθ’
1253 1295 1406 1339 ἑαυτὸν
1434 1313 1563 1352 φρον-

129 1367 257 1416 τίζειν
282 1367 380 1421 περὶ
414 1362 575 1417 ὅπλων,
619 1361 717 1404 ὅθεν
753 1365 834 1412 ἕξει
862 1361 970 1403 αὐτὰ
999 1363 1044 1403 ἐν
1073 1363 1204 1419 καιρῷ
1226 1364 1401 1417 χρείας·
1430 1364 1563 1403 ταῦτα

131 1430 178 1470 δὲ
202 1429 439 1484 λογίζεσθαι
465 1431 558 1469 καθ’
586 1425 736 1470 ἑαυτὸν
763 1429 835 1468 καί
861 1425 1155 1478 ἑτοιμάζεσθαι
1198 1429 1330 1479 χωρίς
1356 1428 1560 1481 ταραχῆς,

76 1496 199 1537 εοῗνα
233 1492 292 1549 μή
326 1493 456 1549 φόβον
495 1492 677 1549 ἐμβάλλῃ
704 1494 754 1548 τῇ
790 1493 928 1543 πόλει,
968 1490 1041 1531 καί
1077 1490 1396 1545 πολυτιμότερον
1436 1506 1560 1531 κατα-

132 1637 348 1678 conststutis,
371 1634 617 1680 nuncupabat,
645 1646 750 1680 quem
775 1646 839 1679 per
864 1634 1065 1667 absentiam
1088 1644 1189 1667 suam
1213 1645 1294 1667 suas
1319 1635 1359 1667 in
1384 1630 1479 1666 Urbe
1503 1632 1561 1665 vi-

132 1694 189 1716 ces
213 1694 334 1728 gerere
359 1683 489 1722 vellet,
516 1682 622 1726 eique
647 1681 686 1713 in
711 1682 911 1725 praeceptis
937 1679 1048 1713 dabat
1073 1680 1175 1720 haec,
1200 1686 1240 1713 ut
1266 1685 1468 1714 recenseret
1488 1680 1560 1711 mi·

131 1729 271 1769 utiam,
300 1734 372 1761 tam
397 1739 494 1767 eam,
530 1738 622 1773 quae
647 1726 694 1759 ad
730 1726 892 1760 cohortes
928 1725 1181 1771 praesidiarias
1206 1725 1311 1759 Urbis
1337 1727 1559 1771 pertineret,

131 1787 237 1820 quam
263 1786 355 1821 quae
379 1773 621 1806 iurisdictioni
645 1773 818 1817 praefecti
843 1772 948 1805 Urbis
972 1771 1134 1805 subesset
1174 1771 1236 1817 [id
1260 1778 1314 1806 est
1338 1772 1558 1817 sactiones];

134 1821 388 1865 ambarumque
421 1822 575 1863 partium
600 1819 749 1863 singulis
772 1818 990 1863 peculiarem
1012 1829 1118 1863 porro
1143 1819 1261 1851 locum
1290 1819 1509 1863 assignaret,
1537 1828 1558 1850 e

133 1879 206 1914 quo
230 1878 350 1900 arcere
374 1866 515 1906 hostes,
541 1868 571 1899 si
596 1865 708 1906 forte,
734 1865 955 1898 incursantes
979 1866 1199 1907 niterentur3
1223 1876 1329 1909 porro
1355 1871 1395 1898 ut
1418 1870 1559 1898 restau-

131 1913 438 1948 raretauoenium
469 1918 633 1956 rupturas
659 1917 696 1944 et
718 1912 858 1952 ruinas;
895 1917 935 1944 ut
958 1923 1002 1944 ex
1027 1911 1223 1944 Occidente
1251 1910 1436 1945 venientes
1459 1922 1558 1943 nun—

127 1961 197 1994 tios
229 1959 275 1992 ad
299 1961 550 2003 Imperatorem
574 1969 638 2002 per
672 1969 811 1990 cursum
836 1956 1023 2002 publicum
1046 1957 1218 1996 referret,
1253 1957 1374 1990 donec
1390 1958 1454 1991 ille
1491 1956 1557 1990 ad-

73 2025 75 2027 ·
126 2006 199 2039 hue
225 2007 417 2039 Romanum
441 2002 556 2038 solum
581 2005 754 2046 calcaret;
790 2009 911 2037 evecto
938 2009 1058 2037 autem
1082 2005 1120 2036 in
1144 2003 1315 2037 hostilem
1340 2016 1459 2049 agrum
1474 2029 1485 2044 ,
1517 2014 1556 2036 se

126 2051 223 2086 hunc
246 2053 284 2086 in
307 2051 450 2084 modum
477 2057 630 2095 gereret:
664 2056 706 2083 ut
727 2061 856 2095 nempe
881 2052 1004 2095 magni
1025 2051 1198 2082 momenti
1223 2061 1278 2082 res
1302 2055 1348 2083 ‘et
1381 2061 1553 2094 praeceps

129 2097 320 2132 discrimen
343 2099 521 2130 minantes
545 2099 622 2141 ipse
645 2097 810 2142 protinus
835 2097 898 2136 ita,
926 2103 966 2129 ut
994 2096 1066 2129 sibi
1091 2096 1246 2142 aliisque
1270 2096 1375 2129 Urbis
1399 2098 1556 2141 optima-

128 2145 227 2177 tibus
250 2145 290 2178 in
318 2144 507 2177 consilium
537 2143 685 2177 adscitis
725 2154 744 2176 e
783 2155 821 2176 re
854 2145 1036 2176 communi
1068 2153 1144 2175 esse
1178 2144 1294 2175 visum
1317 2143 1455 2184 fuerit,
1490 2154 1555 2175 ex-

127 2189 290 2235 pediret3
326 2202 382 2223 res
405 2201 479 2223 non
502 2189 606 2223 valde
630 2195 868 2222 momentosas
892 2200 1011 2234 neque
1037 2194 1223 2232 urgentes,
1253 2187 1317 2222 sed
1340 2189 1448 2229 leves,
1473 2190 1553 2222 cui-

126 2237 180 2269 vis
211 2242 399 2281 perspectu
432 2236 556 2269 faciles
601 2241 638 2269 et
668 2235 890 2268 dubitationi
933 2242 1042 2280 atque
1081 2234 1340 2268 deliberationi
1374 2242 1553 2279 exemptas

126 2292 193 2326 pro
218 2281 352 2315 iudicio
376 2294 439 2315 suo
470 2287 741 2327 exsequeretur-3
764 2293 857 2327 quae
882 2287 1025 2322 contra,
1062 2283 1222 2327 quamvis
1248 2293 1410 2326 magnam
1433 2293 1554 2315 curam

127 2333 235 2373 atque
271 2329 622 2372 circumspectionem
647 2330 892 2373 requirerent,
924 2338 1059 2360 moram
1082 2333 1202 2360 tamen
1226 2333 1455 2370 paterentur,
1493 2338 1552 2360 eas

126 2373 172 2406 ad
197 2385 310 2413 suum,
333 2375 572 2417 Imperatoris,
605 2373 760 2407 reditum
784 2385 897 2419 usque
924 2378 1119 2406 reservaret
1142 2375 1316 2417 integras,
1342 2375 1550 2418 praecipue,

127 2425 168 2452 ut
190 2419 395 2452 subitaneae
418 2419 573 2454 hostium
601 2421 798 2453 incursioni
813 2419 1038 2465 provideret,
1066 2425 1104 2452 et
1126 2425 1315 2464 propterea
1339 2419 1551 2454 indesinen-

129 2471 185 2499 ter
207 2466 345 2498 litteras
370 2465 576 2511 legatosque
599 2468 638 2499 in
661 2468 808 2499 extimas
832 2466 975 2510 imperii
1000 2467 1201 2510 provincias
1225 2467 1406 2506 mitteret,
1439 2472 1476 2499 et
1499 2466 1548 2498 il..

127 2511 202 2544 line
232 2513 376 2544 nuntios
409 2513 603 2556 reciperet,
640 2512 742 2556 vigili
767 2512 870 2545 oculo
895 2513 1094 2545 vicinorum
1124 2512 1198 2544 illis
1224 2512 1442 2556 populorum
1467 2514 1548 2548 orbi

127 2559 285 2590 Romano
316 2557 539 2590 inimicorum
572 2559 730 2591 actiones
767 2563 804 2591 et
826 2559 990 2591 instituta
1020 2558 1204 2597 lustraret,
1240 2558 1464 2602 exploraret,
1502 2562 1549 2594 ad

128 2615 188 2643 se,
219 2605 469 2647 Imperatorem
484 2628 494 2642 ,
517 2604 752 2647 significaret;
785 2610 967 2648 praeterea
990 2615 1107 2636 secum
1132 2602 1354 2647 provideret,
1386 2610 1427 2636 ut
1450 2615 1548 2639 arma

127 2661 174 2684 ne
199 2649 317 2682 desint
339 2650 515 2694 tempori,
539 2659 609 2694 quo
634 2650 707 2682 illis
731 2661 819 2693 opus
844 2655 880 2682 et
905 2661 987 2682 usus
1012 2655 1114 2682 esset.
1163 2649 1257 2681 Haec
1281 2654 1400 2682 autem
1425 2660 1549 2685 versa-

128 2702 184 2730 ret
209 2707 327 2729 secum
368 2701 404 2728 et
429 2695 614 2728 moliretur
648 2694 785 2740 absque
817 2706 944 2739 magna
980 2701 1018 2728 et
1044 2694 1219 2728 tumultus
1243 2694 1351 2737 plena
1390 2707 1547 2732 commo-

173 2764 432 2799 Constantinus
453 2761 624 2808 Porphyr.
650 2763 724 2795 Vol.
746 2765 776 2795 1.
838 2753 866 2800 ’ἡ
1243 2773 1287 2808 29
