1878 3112
297 102 413 172 340
571 121 929 166 eoNsTAN'rml
969 121 1455 167 PoRPHYROGEmTi

296 242 389 268 πιον
417 227 478 276 εἰς
505 223 575 267 τὸν
602 224 801 278 στάβλον,
829 224 1053 280 δεδεμένης
1078 225 1151 280 τῆς
1178 221 1309 281 οὖρᾶς
1337 221 1488 269 αύτοῧ.
1531 227 1573 270 εἶ
1597 227 1644 270 δὲ
1672 229 1747 270 καὶ

295 291 706 348 πληροφορηθῶσιν,
755 287 824 332 ὅτι
859 290 1019 332 τελείαν
1056 290 1262 344 α’πὲλυσε,
1300 291 1466 343 λύοντες
1499 291 1575 348 τὴν
1613 290 1746 350 οὖρὰν

297 357 433 400 αὐτοῦ
469 355 544 398 καί
578 354 628 397 τὰ
657 354 889 413 καλάβρικα
933 358 979 398 ἐκ
1006 358 1091 399 τῶν
1116 358 1256 401 ποδῶν
1284 353 1417 400 afim?
1429 391 1444 412 ,
1471 358 1746 414 ἐκβάλλουσιν

297 420 430 465 αὐτὸν
456 419 532 477 τὴν
556 419 728 478 μικράν.

266 538 294 572 Β
875 530 979 577 Περὶ
1010 528 1177 577 Πρόρας.
1743 515 1772 558 5

402 605 597 661 Ἡνίοχος
644 602 999 664 φακτιονάριοςῆ
1038 606 1340 663 μικροπανίτης
1379 608 1440 657 εἷς
1473 605 1550 663 τὴν
1583 606 1746 664 πρόβαν

298 666 430 715 αὖτοῦ
457 671 531 715 ἐὰν
568 672 760 728 ἐκβάλλει
787 670 833 716 τὸ
872 675 1089 716 κασσίὸιον
1117 673 1252 716 αὑτοῦ
1265 707 1278 727 ,
1319 673 1395 715 οὔκ
1421 671 1486 715 ἔτι
1511 671 1602 728 ἔχει
1628 675 1747 723 ἔξου-

297 739 397 781 σιἀν
424 734 525 782 ἄλλο
555 740 721 792 ζεῦξαι,
765 738 840 781 ἐὰν
868 741 915 782 δέ
943 740 1034 782 ἐστι
1060 739 1282 796 βηγάριος,
1323 737 1467 789 καθώς
1493 740 1670 795 κατέλθῃ
1699 740 1746 781 ἐκ

297 808 372 859 τοῦ
399 807 595 858 σκεύους,
622 804 667 848 τὸ
697 803 915 849 κασσίδιον
939 804 1155 862 ἐκβάλλει,
1184 807 1258 848 καί
1283 801 1365 849 ὅσα
1381 807 1609 863 ἐπιτραπεῑ·
1627 801 1745 862 παρὰ

298 876 385 921 τοῖς
411 870 593 929 πρώτοις
619 869 800 927 ἡνιόχοις
809 905 823 926 ,
861 871 1062 926 ζευγνύει.
1751 875 1800 903 ¹⁰

915 984 1053 1026 ΚΕΦ.
1082 983 1128 1026 ο’.

345 1072 450 1115 Μηνὶ
472 1069 585 1118 Μαΐῳ
623 1071 673 1106 ια’
702 1073 864 1107 τελεῖται
887 1065 928 1108 τό
960 1065 1125 1109 ἱππικὸν
1158 1074 1228 1108 τοῦ
1252 1073 1455 1119 γενεθλίου
1478 1071 1615 1117 ταύτης
1634 1073 1704 1118 τῆς

262 1132 291 1166 C
316 1176 319 1179 ἡ
569 1131 841 1178 θεοφυλᾶκτου
872 1133 938 1165 καὶ
964 1130 1158 1177 βασιλίδος
1180 1131 1327 1170 πόλεως
1352 1130 1480 1170 οὕτως.
1507 1145 1510 1147 ·

410 1220 660 1276 Εἰσὲρχεται
688 1221 741 1276 τῇ
768 1218 850 1275 πρὸ
878 1220 980 1272 μιᾶς
1006 1221 1080 1262 τοῦ
1108 1219 1240 1262 αὐτοῦ’
1276 1218 1449 1263 ἱππικοῦ
1475 1218 1496 1262 ὅ
1521 1214 1748 1275 πραιπόσι-

297 1300 369 1335 τος
395 1284 502 1342 πρὸς
529 1284 603 1328 τὸν
629 1284 831 1339 βασιλέα,
867 1284 942 1327 καί
969 1287 1092 1341 δηλοῖ
1116 1285 1271 1340 αὐτὸν,
1310 1288 1349 1329 εἰ
1374 1285 1531 1328 κελεύει
1559 1285 1811 1340 ἄχθῆναιις

297 1349 347 1394 τὸ
387 1349 570 1394 ἱππικόν.
627 1349 648 1392 ὅ
679 1353 725 1393 δὲ
754 1354 829 1407 τῆς
863 1352 1156 1402 καταστάσεως
1193 1351 1352 1407 εἰσάγει
1388 1351 1464 1394 τὸν
1491 1349 1746 1407 θεσσάριον,

299 1419 375 1460 καί
400 1419 565 1473 ἵστησιν
593 1416 726 1460 αὐτὸν
749 1415 872 1460 ἔνδον
899 1419 970 1474 τῆς
997 1418 1245 1474 εἶσαγούσης
1272 1418 1403 1474 πύλης
1431 1416 1513 1460 dm}
1544 1419 1619 1472 τῆς
1645 1419 1748 1471 θερ-

297 1481 495 1538 μάστρας
534 1483 595 1533 εἰς
630 1482 678 1525 τὸ
718 1482 961 1526 λαυσιακόν.
1016 1483 1040 1525 ὅ
1075 1485 1122 1527 δὲ
1162 1483 1459 1540 πραιπόσιτος,
1502 1481 1644 1538 λαβών
1670 1480 1748 1538 τὴν

296 1547 608 1605 συγκατάθεσιν
646 1548 762 1607 παρὰ
789 1551 866 1592 τοῦ
903 1550 1112 1605 βασιλέως
1138 1549 1245 1607 πρὸς
1272 1549 1320 1594 τὸ
1347 1547 1526 1607 ἄγεσθαι
1551 1548 1600 1593 τὸ
1629 1548 1748 1591 ἱππι-

396 1651 424 1674 1.
451 1639 505 1676 εἰς
528 1636 571 1674 td
598 1639 655 1673 ed.

299 1719 330 1752 si
351 1719 546 1752 incolumis
570 1724 644 1761 est,
667 1719 715 1752 ad
737 1719 918 1766 diippium
946 1722 985 1755 in
1013 1722 1199 1756 stabulum
1220 1721 1318 1764 abit,
1342 1721 1456 1756 cauda
1478 1722 1656 1768 colligata.
1705 1722 1747 1757 Si

297 1777 384 1799 vero
403 1765 441 1798 hi
464 1771 561 1799 certo
585 1768 836 1811 cognoverint,
863 1779 946 1801 eum
973 1770 1123 1802 omnino
1145 1770 1281 1802 malum
1303 1780 1379 1802 esse
1405 1781 1570 1814 passum,
1594 1769 1746 1803 caudam

299 1812 379 1847 eius
398 1812 621 1855 dissolvunt,
647 1819 695 1856 et,
716 1813 887 1849 detractis
904 1816 949 1849 de
970 1816 1128 1862 pedibus
1151 1815 1272 1851 fasciis
1285 1841 1295 1858 ‚
1318 1816 1506 1863 paulisper
1525 1815 1722 1851 abducunt.

923 1930 967 1952 nn
992 1927 1112 1955 PnonA.

389 1995 524 2040 Auriga
545 1995 781 2030 factionarius
806 2001 870 2030 aut
890 1997 1168 2043 micropanites,
1193 1998 1223 2030 si
1243 1998 1283 2030 in
1302 1997 1420 2042 primo
1447 1997 1534 2030 artis
1564 1997 1744 2044 equestris

299 2041 497 2086 specimine
519 2052 582 2075 seu
603 2042 717 2087 proha
751 2044 927 2076 cassidem
956 2055 1057 2077 suam
1070 2044 1212 2089 perdit,
1231 2055 1306 2076 non
1321 2049 1444 2089 potest
1458 2044 1567 2077 aliam
1589 2055 1746 2086 sumere,

299 2087 330 2119 si
350 2099 434 2121 vero
454 2089 614 2133 bigarius
636 2095 713 2131 est,
748 2090 894 2136 quando
926 2090 970 2123 de
1002 2102 1110 2124 curru
1134 2090 1340 2131 descendit,
1365 2090 1542 2124 cassidem
1572 2090 1745 2137 deponit,

298 2143 436 2180 eaque,
464 2146 558 2182 quae
574 2136 701 2181 primis
723 2137 858 2182 aurigis
881 2138 1164 2183 permittuntur,
1187 2136 1260 2171 sibi
1281 2136 1458 2183 adiungit.

934 2245 1028 2280 CAP.
1055 2258 1111 2293 70.

389 2311 529 2348 Mense:
552 2312 653 2347 Maii
677 2311 737 2347 die
763 2313 826 2348 XI
845 2322 1029 2349 certamen
1051 2322 1217 2361 equestre
1242 2314 1285 2349 in
1311 2312 1371 2350 die
1395 2315 1520 2350 natali
1542 2314 1651 2350 huius

386 2382 412 2405 a
447 2371 526 2405 Deo
557 2369 761 2406 custoditae
800 2380 837 2407 et
870 2373 1130 2419 imperatoriae
1164 2373 1266 2409 urbis
1300 2373 1398 2409 hunc
1433 2374 1475 2408 in
1509 2371 1654 2408 modum

908 2430 1129 2466 instituitur.

387 2504 508 2538 Pridie
533 2505 642 2540 huius
666 2509 872 2542 certaminis
900 2510 1129 2556 praepositus
1161 2510 1208 2543 ad
1227 2510 1489 2556 Imperatorem
1514 2509 1740 2556 ingreditur,

297 2550 433 2591 cui‚an
454 2558 636 2587 certamen
664 2555 809 2589 institui
840 2555 986 2598 iubeat,
1021 2557 1199 2590 declarat:
1237 2559 1511 2591 cerimoniarius
1545 2557 1739 2591 tessarium

296 2597 464 2640 adducit,
491 2610 648 2648 eumque
676 2601 715 2634 in
733 2607 838 2647 porta
865 2615 885 2636 a
909 2604 1048 2637 camino
1078 2604 1125 2636 ad
1145 2604 1343 2637 lausiacum
1362 2606 1517 2639 ducente
1535 2603 1738 2638 constituit.

295 2643 539 2691 PraeposituS,
562 2648 732 2681 mandato
762 2649 806 2682 de
841 2650 990 2684 edendis
1021 2651 1234 2696 spectaculis
1263 2658 1432 2697 accepto,
1474 2651 1521 2684 ad
1546 2651 1739 2685 tessarium

295 2689 385 2734 abit,
409 2698 576 2738 paratum
592 2695 663 2741 ipsi
683 2695 897 2739 traditurus,
920 2709 994 2745 quo
1015 2698 1124 2741 facto,
1149 2698 1179 2732 is
1198 2700 1380 2745 extemplo
1399 2698 1565 2741 discedit,
1585 2702 1624 2732 et
1642 2706 1738 2744 quae
