<?xml version="1.0" encoding="UTF-8"?>
<!DOCTYPE html PUBLIC "-//W3C//DTD XHTML 1.0 Transitional//EN"
    "http://www.w3.org/TR/xhtml1/DTD/xhtml1-transitional.dtd">
<html xmlns="http://www.w3.org/1999/xhtml" xml:lang="en" lang="en">
 <head>
  <title>
</title>
<meta http-equiv="Content-Type" content="text/html;charset=utf-8" />
  <meta name='ocr-system' content='tesseract 3.04.00' />
  <meta name='ocr-capabilities' content='ocr_page ocr_carea ocr_par ocr_line ocrx_word'/>
</head>
<body>
  <div class='ocr_page' id='page_1' title='image "./corpusscriptorum07niebuoft_0152.png"; bbox 0 0 1832 3112; ppageno 0'>
   <div class='ocr_carea' id='block_1_1' title="bbox 266 118 1447 180">
    <p class='ocr_par' dir='ltr' id='par_1_1' title="bbox 266 118 1447 180">
     <span class='ocr_line' id='line_1_1' title="bbox 266 118 1447 180; baseline -0.005 0"><span class='ocrx_word' id='word_1_1' title='bbox 266 119 344 180; x_wconf 88' lang='grc'><em>86</em></span> <span class='ocrx_word' id='word_1_2' title='bbox 550 133 909 178; x_wconf 78' lang='lat' dir='ltr'><strong>CONSTANTINI</strong></span> <span class='ocrx_word' id='word_1_3' title='bbox 947 118 1447 175; x_wconf 78' lang='lat' dir='ltr'><strong>PORPHYROGENm&#39;</strong></span> 
     </span>
    </p>
   </div>
   <div class='ocr_carea' id='block_1_2' title="bbox 229 231 1743 685">
    <p class='ocr_par' dir='ltr' id='par_1_2' title="bbox 229 231 1743 685">
     <span class='ocr_line' id='line_1_2' title="bbox 264 231 1716 295; baseline -0.003 -15"><span class='ocrx_word' id='word_1_4' title='bbox 264 238 292 295; x_wconf 84' lang='grc' dir='ltr'><em>ἧ</em></span> <span class='ocrx_word' id='word_1_5' title='bbox 321 237 438 289; x_wconf 80' lang='grc' dir='ltr'><strong><em>τάξις</em></strong></span> <span class='ocrx_word' id='word_1_6' title='bbox 464 234 584 293; x_wconf 70' lang='grc' dir='ltr'><em>αὕτη.</em></span> <span class='ocrx_word' id='word_1_7' title='bbox 643 234 811 278; x_wconf 80' lang='grc' dir='ltr'><em>ἱππεύει</em></span> <span class='ocrx_word' id='word_1_8' title='bbox 841 233 865 276; x_wconf 83' lang='grc' dir='ltr'><em>ὅ</em></span> <span class='ocrx_word' id='word_1_9' title='bbox 894 233 1092 289; x_wconf 79' lang='grc' dir='ltr'><em>βασιλεύς</em></span> <span class='ocrx_word' id='word_1_10' title='bbox 1129 231 1213 277; x_wconf 77' lang='grc' dir='ltr'><em>ἀπὸ</em></span> <span class='ocrx_word' id='word_1_11' title='bbox 1260 235 1579 289; x_wconf 75' lang='grc' dir='ltr'><em>σκαραμαγγιόυ</em></span> <span class='ocrx_word' id='word_1_12' title='bbox 1606 249 1716 289; x_wconf 69' lang='grc' dir='ltr'><em>χρυ·</em></span> 
     </span>
     <span class='ocr_line' id='line_1_3' title="bbox 265 297 1718 360; baseline -0.004 -14"><span class='ocrx_word' id='word_1_13' title='bbox 265 305 508 360; x_wconf 82' lang='grc' dir='ltr'><em>σοϋφάντου</em></span> <span class='ocrx_word' id='word_1_14' title='bbox 538 302 801 354; x_wconf 83' lang='grc' dir='ltr'><em>ἐστεμμένος,</em></span> <span class='ocrx_word' id='word_1_15' title='bbox 833 299 906 343; x_wconf 78' lang='grc' dir='ltr'><em>καὶ</em></span> <span class='ocrx_word' id='word_1_16' title='bbox 934 298 1064 351; x_wconf 75' lang='grc' dir='ltr'><em>οὕτως</em></span> <span class='ocrx_word' id='word_1_17' title='bbox 1094 297 1327 357; x_wconf 81' lang='grc' dir='ltr'><em>ἇπέρχεται</em></span> <span class='ocrx_word' id='word_1_18' title='bbox 1356 301 1416 348; x_wconf 82' lang='grc' dir='ltr'><em>εἷς</em></span> <span class='ocrx_word' id='word_1_19' title='bbox 1441 298 1542 348; x_wconf 79' lang='grc' dir='ltr'><em>τούς</em></span> <span class='ocrx_word' id='word_1_20' title='bbox 1570 297 1718 354; x_wconf 77' lang='grc' dir='ltr'><em>ἁγίους</em></span> 
     </span>
     <span class='ocr_line' id='line_1_4' title="bbox 269 363 1716 423; baseline -0.005 -11"><span class='ocrx_word' id='word_1_21' title='bbox 269 366 556 422; x_wconf 72' lang='grc' dir='ltr'><em>ἀποστόλους,</em></span> <span class='ocrx_word' id='word_1_22' title='bbox 599 370 671 408; x_wconf 80' lang='grc' dir='ltr'><em>καί</em></span> <span class='ocrx_word' id='word_1_23' title='bbox 708 366 834 408; x_wconf 84' lang='grc' dir='ltr'><em>πάλιν</em></span> <span class='ocrx_word' id='word_1_24' title='bbox 877 364 1156 423; x_wconf 74' lang='grc' dir='ltr'><em>ὑποστρέφων</em></span> <span class='ocrx_word' id='word_1_25' title='bbox 1201 365 1383 423; x_wconf 79' lang='grc' dir='ltr'><em>ἔφιππος</em></span> <span class='ocrx_word' id='word_1_26' title='bbox 1421 363 1716 421; x_wconf 79' lang='grc' dir='ltr'><em>περιβάλλεται</em></span> 
     </span>
     <span class='ocr_line' id='line_1_5' title="bbox 270 424 1715 489; baseline -0.006 -11"><span class='ocrx_word' id='word_1_27' title='bbox 270 434 472 489; x_wconf 80' lang='grc' dir='ltr'><em>κολώβιον</em></span> <span class='ocrx_word' id='word_1_28' title='bbox 511 432 582 476; x_wconf 88' lang='grc' dir='ltr'><em>τὸν</em></span> <span class='ocrx_word' id='word_1_29' title='bbox 628 430 847 487; x_wconf 82' lang='grc' dir='ltr'><em>λεγόμενον</em></span> <span class='ocrx_word' id='word_1_30' title='bbox 888 432 1067 488; x_wconf 78' lang='grc' dir='ltr'><strong><em>βότρυν,</em></strong></span> <span class='ocrx_word' id='word_1_31' title='bbox 1105 431 1180 475; x_wconf 79' lang='grc' dir='ltr'>καί</span> <span class='ocrx_word' id='word_1_32' title='bbox 1225 433 1426 489; x_wconf 83' lang='grc' dir='ltr'><em>στέφεται</em></span> <span class='ocrx_word' id='word_1_33' title='bbox 1465 427 1513 472; x_wconf 80' lang='grc' dir='ltr'><em>τὸ</em></span> <span class='ocrx_word' id='word_1_34' title='bbox 1553 424 1715 485; x_wconf 74' lang='grc' dir='ltr'><em>ἄσπρον</em></span> 
     </span>
     <span class='ocr_line' id='line_1_6' title="bbox 269 492 1743 556; baseline -0.004 -12"><span class='ocrx_word' id='word_1_35' title='bbox 269 503 437 554; x_wconf 81' lang='grc' dir='ltr'><em>στέμμα</em></span> <span class='ocrx_word' id='word_1_36' title='bbox 466 498 539 542; x_wconf 82' lang='grc' dir='ltr'><em>καί</em></span> <span class='ocrx_word' id='word_1_37' title='bbox 565 496 700 548; x_wconf 82' lang='grc' dir='ltr'><em>οὕτως</em></span> <span class='ocrx_word' id='word_1_38' title='bbox 740 498 996 556; x_wconf 73' lang='grc' dir='ltr'><em>ὑποστρέφει</em></span> <span class='ocrx_word' id='word_1_39' title='bbox 1006 532 1020 553; x_wconf 91' lang='grc'><em>,</em></span> <span class='ocrx_word' id='word_1_40' title='bbox 1060 499 1136 542; x_wconf 85' lang='grc' dir='ltr'><em>καί</em></span> <span class='ocrx_word' id='word_1_41' title='bbox 1167 501 1345 542; x_wconf 84' lang='grc' dir='ltr'><em>τελεῖται</em></span> <span class='ocrx_word' id='word_1_42' title='bbox 1373 492 1506 547; x_wconf 76' lang='grc' dir='ltr'><em>οὕτως</em></span> <span class='ocrx_word' id='word_1_43' title='bbox 1535 496 1614 546; x_wconf 76' lang='grc' dir='ltr'><em>ἕως</em></span> <span class='ocrx_word' id='word_1_44' title='bbox 1641 495 1743 550; x_wconf 83' lang='grc' dir='ltr'><em>τῆς5</em></span> 
     </span>
     <span class='ocr_line' id='line_1_7' title="bbox 229 562 658 624; baseline -0.012 -13"><span class='ocrx_word' id='word_1_45' title='bbox 229 565 455 624; x_wconf 78' lang='grc' dir='ltr'><em>Βσήμερον</em></span> <span class='ocrx_word' id='word_1_46' title='bbox 482 562 658 622; x_wconf 81' lang='grc' dir='ltr'><em>ἡμέρας.</em></span> 
     </span>
     <span class='ocr_line' id='line_1_8' title="bbox 877 639 1118 685; baseline -0.004 0"><span class='ocrx_word' id='word_1_47' title='bbox 877 643 1018 685; x_wconf 84' lang='grc' dir='ltr'><em>ΚΕΦ.</em></span> <span class='ocrx_word' id='word_1_48' title='bbox 1046 639 1118 684; x_wconf 83' lang='grc' dir='ltr'><em>ια’.</em></span> 
     </span>
    </p>
   </div>
   <div class='ocr_carea' id='block_1_3' title="bbox 258 738 1714 791">
    <p class='ocr_par' dir='ltr' id='par_1_3' title="bbox 258 738 1714 791">
     <span class='ocr_line' id='line_1_9' title="bbox 258 738 1714 791; baseline -0.002 -13"><span class='ocrx_word' id='word_1_49' title='bbox 258 742 351 782; x_wconf 83' lang='grc' dir='ltr'><em>Ὅσα</em></span> <span class='ocrx_word' id='word_1_50' title='bbox 375 741 436 779; x_wconf 74' lang='grc' dir='ltr'><em>δεῖ</em></span> <span class='ocrx_word' id='word_1_51' title='bbox 459 741 773 791; x_wconf 80' lang='grc' dir='ltr'><em>παραφυλάττειν</em></span> <span class='ocrx_word' id='word_1_52' title='bbox 797 742 840 789; x_wconf 83' lang='grc' dir='ltr'><em>τῇ</em></span> <span class='ocrx_word' id='word_1_53' title='bbox 863 742 895 790; x_wconf 76' lang='grc' dir='ltr'><em>γ’</em></span> <span class='ocrx_word' id='word_1_54' title='bbox 926 741 1222 790; x_wconf 80' lang='grc' dir='ltr'><em>διακαινησίμου</em></span> <span class='ocrx_word' id='word_1_55' title='bbox 1243 741 1298 781; x_wconf 78' lang='grc' dir='ltr'><em>εἷς</em></span> <span class='ocrx_word' id='word_1_56' title='bbox 1318 738 1389 778; x_wconf 82' lang='grc' dir='ltr'><em>τὸν</em></span> <span class='ocrx_word' id='word_1_57' title='bbox 1410 738 1714 790; x_wconf 74' lang='grc' dir='ltr'><em>ἅγιονΣέργιον.</em></span> 
     </span>
    </p>
   </div>
   <div class='ocr_carea' id='block_1_4' title="bbox 81 825 1769 1815">
    <p class='ocr_par' dir='ltr' id='par_1_4' title="bbox 262 825 1769 1021">
     <span class='ocr_line' id='line_1_10' title="bbox 375 825 1713 890; baseline -0.003 -14"><span class='ocrx_word' id='word_1_58' title='bbox 375 834 673 890; x_wconf 86' lang='grc' dir='ltr'><em>Προέρχονται</em></span> <span class='ocrx_word' id='word_1_59' title='bbox 710 828 887 881; x_wconf 77' lang='grc' dir='ltr'><em>ἅπαντες</em></span> <span class='ocrx_word' id='word_1_60' title='bbox 915 829 954 873; x_wconf 84' lang='grc' dir='ltr'><em>οἱ</em></span> <span class='ocrx_word' id='word_1_61' title='bbox 984 825 1183 886; x_wconf 72' lang='grc' dir='ltr'><em>ἄρχοντες</em></span> <span class='ocrx_word' id='word_1_62' title='bbox 1220 827 1475 886; x_wconf 83' lang='grc' dir='ltr'><em>ἧλλαγμένοι</em></span> <span class='ocrx_word' id='word_1_63' title='bbox 1502 826 1585 872; x_wconf 65' lang='lat' dir='ltr'><strong>nimi</strong></span> <span class='ocrx_word' id='word_1_64' title='bbox 1615 834 1713 872; x_wconf 89' lang='grc' dir='ltr'><em>λευ-</em></span> 
     </span>
     <span class='ocr_line' id='line_1_11' title="bbox 267 895 1769 954; baseline -0.002 -12"><span class='ocrx_word' id='word_1_65' title='bbox 267 901 350 945; x_wconf 77' lang='grc' dir='ltr'><em>κῶν</em></span> <span class='ocrx_word' id='word_1_66' title='bbox 376 900 630 954; x_wconf 79' lang='grc' dir='ltr'><em>χλανιδίων,</em></span> <span class='ocrx_word' id='word_1_67' title='bbox 669 899 842 947; x_wconf 77' lang='grc' dir='ltr'><em>ἕκαστος</em></span> <span class='ocrx_word' id='word_1_68' title='bbox 874 896 981 939; x_wconf 75' lang='grc' dir='ltr'><em>κατὰ</em></span> <span class='ocrx_word' id='word_1_69' title='bbox 1009 896 1084 952; x_wconf 75' lang='grc' dir='ltr'><em>τὴν</em></span> <span class='ocrx_word' id='word_1_70' title='bbox 1123 897 1259 939; x_wconf 79' lang='grc' dir='ltr'><em>αὑτοῦ</em></span> <span class='ocrx_word' id='word_1_71' title='bbox 1285 896 1403 948; x_wconf 79' lang='grc' dir='ltr'><em>τάξιν</em></span> <span class='ocrx_word' id='word_1_72' title='bbox 1430 899 1505 940; x_wconf 80' lang='grc' dir='ltr'><em>καὶ</em></span> <span class='ocrx_word' id='word_1_73' title='bbox 1530 895 1606 954; x_wconf 70' lang='grc' dir='ltr'><em>τήν</em></span> <span class='ocrx_word' id='word_1_74' title='bbox 1634 896 1769 943; x_wconf 72' lang='lat' dir='ltr'><strong>ati-ro</strong></span> 
     </span>
     <span class='ocr_line' id='line_1_12' title="bbox 262 961 1712 1021; baseline -0.003 -12"><span class='ocrx_word' id='word_1_75' title='bbox 262 968 339 1010; x_wconf 80' lang='grc' dir='ltr'><em>τοῦ</em></span> <span class='ocrx_word' id='word_1_76' title='bbox 367 964 518 1021; x_wconf 77' lang='grc' dir='ltr'><em>στολὴν</em></span> <span class='ocrx_word' id='word_1_77' title='bbox 527 999 539 1019; x_wconf 86' lang='grc'><em>,</em></span> <span class='ocrx_word' id='word_1_78' title='bbox 581 963 654 1006; x_wconf 79' lang='grc' dir='ltr'><em>καὶ</em></span> <span class='ocrx_word' id='word_1_79' title='bbox 689 965 922 1018; x_wconf 82' lang='grc' dir='ltr'><em>εἰσέρχεται</em></span> <span class='ocrx_word' id='word_1_80' title='bbox 949 961 974 1019; x_wconf 81' lang='grc' dir='ltr'><em>ἢ</em></span> <span class='ocrx_word' id='word_1_81' title='bbox 1004 965 1247 1019; x_wconf 85' lang='grc' dir='ltr'><em>προέλευσις</em></span> <span class='ocrx_word' id='word_1_82' title='bbox 1286 965 1331 1006; x_wconf 80' lang='grc' dir='ltr'><em>ἐν</em></span> <span class='ocrx_word' id='word_1_83' title='bbox 1358 965 1417 1021; x_wconf 77' lang='grc' dir='ltr'><em>τῷ</em></span> <span class='ocrx_word' id='word_1_84' title='bbox 1451 963 1712 1008; x_wconf 84' lang='grc' dir='ltr'><em>Ἰουστινια-</em></span> 
     </span>
    </p>

    <p class='ocr_par' dir='ltr' id='par_1_5' title="bbox 86 1027 1768 1482">
     <span class='ocr_line' id='line_1_13' title="bbox 86 1027 1717 1089; baseline -0.003 -14"><span class='ocrx_word' id='word_1_85' title='bbox 86 1035 345 1083; x_wconf 67' lang='lat' dir='ltr'><strong>Ed.1,.52vofi</strong></span> <span class='ocrx_word' id='word_1_86' title='bbox 367 1033 574 1089; x_wconf 79' lang='grc' dir='ltr'><em>τρικλίνῳ.</em></span> <span class='ocrx_word' id='word_1_87' title='bbox 641 1030 740 1084; x_wconf 75' lang='grc' dir='ltr'><em>περὶ</em></span> <span class='ocrx_word' id='word_1_88' title='bbox 777 1031 824 1071; x_wconf 79' lang='grc' dir='ltr'><em>δὲ</em></span> <span class='ocrx_word' id='word_1_89' title='bbox 859 1027 974 1085; x_wconf 73' lang='grc' dir='ltr'><em>ὥραν</em></span> <span class='ocrx_word' id='word_1_90' title='bbox 1007 1028 1150 1085; x_wconf 87' lang='grc' dir='ltr'><em>τρίτην</em></span> <span class='ocrx_word' id='word_1_91' title='bbox 1184 1028 1340 1083; x_wconf 80' lang='grc' dir='ltr'><em>γίνεται</em></span> <span class='ocrx_word' id='word_1_92' title='bbox 1376 1027 1459 1070; x_wconf 82' lang='grc' dir='ltr'><em>α’πὸ</em></span> <span class='ocrx_word' id='word_1_93' title='bbox 1489 1030 1717 1079; x_wconf 84' lang='grc' dir='ltr'><em>κελεύσεως</em></span> 
     </span>
     <span class='ocr_line' id='line_1_14' title="bbox 264 1093 1716 1154; baseline -0.003 -14"><span class='ocrx_word' id='word_1_94' title='bbox 264 1095 589 1154; x_wconf 83' lang='grc' dir='ltr'><em>μεταστὰσιμον,</em></span> <span class='ocrx_word' id='word_1_95' title='bbox 618 1094 691 1137; x_wconf 80' lang='grc' dir='ltr'><em>καὶ</em></span> <span class='ocrx_word' id='word_1_96' title='bbox 715 1093 1070 1151; x_wconf 63' lang='grc' dir='ltr'><em>περιβαλλόμενος</em></span> <span class='ocrx_word' id='word_1_97' title='bbox 1093 1094 1329 1150; x_wconf 82' lang='grc' dir='ltr'><em>ὃβασιλεύς</em></span> <span class='ocrx_word' id='word_1_98' title='bbox 1359 1093 1590 1150; x_wconf 82' lang='grc' dir='ltr'><em>διβητίσιον</em></span> <span class='ocrx_word' id='word_1_99' title='bbox 1617 1099 1716 1137; x_wconf 84' lang='grc' dir='ltr'><em>λευ-</em></span> 
     </span>
     <span class='ocr_line' id='line_1_15' title="bbox 269 1158 1718 1217; baseline -0.003 -11"><span class='ocrx_word' id='word_1_100' title='bbox 269 1163 342 1206; x_wconf 86' lang='grc' dir='ltr'><em>κὸν</em></span> <span class='ocrx_word' id='word_1_101' title='bbox 385 1162 457 1205; x_wconf 84' lang='grc' dir='ltr'>καί</span> <span class='ocrx_word' id='word_1_102' title='bbox 481 1160 741 1214; x_wconf 80' lang='grc' dir='ltr'><em>τζιτζάκιον,</em></span> <span class='ocrx_word' id='word_1_103' title='bbox 788 1161 1109 1217; x_wconf 79' lang='grc' dir='ltr'><em>δηριγευόμενος</em></span> <span class='ocrx_word' id='word_1_104' title='bbox 1149 1158 1232 1202; x_wconf 62' lang='grc' dir='ltr'><em>’ὕπὸ</em></span> <span class='ocrx_word' id='word_1_105' title='bbox 1269 1162 1354 1203; x_wconf 77' lang='grc' dir='ltr'><em>τῶν</em></span> <span class='ocrx_word' id='word_1_106' title='bbox 1391 1158 1605 1216; x_wconf 74' lang='grc' dir='ltr'><em>ἀρχόντων</em></span> <span class='ocrx_word' id='word_1_107' title='bbox 1642 1160 1718 1202; x_wconf 78' lang='grc' dir='ltr'><em>τοῦ</em></span> 
     </span>
     <span class='ocr_line' id='line_1_16' title="bbox 267 1225 1768 1284; baseline -0.001 -12"><span class='ocrx_word' id='word_1_108' title='bbox 267 1228 573 1282; x_wconf 82' lang='grc' dir='ltr'><em>κουβουκλείου,</em></span> <span class='ocrx_word' id='word_1_109' title='bbox 602 1228 816 1284; x_wconf 76' lang='grc' dir='ltr'><em>διέρχεται</em></span> <span class='ocrx_word' id='word_1_110' title='bbox 843 1225 914 1269; x_wconf 79' lang='grc' dir='ltr'><em>διὰ</em></span> <span class='ocrx_word' id='word_1_111' title='bbox 941 1229 1014 1269; x_wconf 83' lang='grc' dir='ltr'><em>τοῦ</em></span> <span class='ocrx_word' id='word_1_112' title='bbox 1041 1226 1384 1283; x_wconf 85' lang='grc' dir='ltr'><em>χρυσοτρικλίνου</em></span> <span class='ocrx_word' id='word_1_113' title='bbox 1413 1226 1487 1269; x_wconf 80' lang='grc' dir='ltr'><strong><em>καί</em></strong></span> <span class='ocrx_word' id='word_1_114' title='bbox 1524 1228 1600 1269; x_wconf 80' lang='grc' dir='ltr'><em>τοῦ</em></span> <span class='ocrx_word' id='word_1_115' title='bbox 1622 1228 1768 1283; x_wconf 66' lang='lat' dir='ltr'><strong>roo-15</strong></span> 
     </span>
     <span class='ocr_line' id='line_1_17' title="bbox 270 1292 1714 1352; baseline -0.003 -13"><span class='ocrx_word' id='word_1_116' title='bbox 270 1299 453 1346; x_wconf 88' lang='grc' dir='ltr'><em>πέτωνος</em></span> <span class='ocrx_word' id='word_1_117' title='bbox 507 1296 579 1337; x_wconf 83' lang='grc' dir='ltr'>καί</span> <span class='ocrx_word' id='word_1_118' title='bbox 615 1296 782 1337; x_wconf 84' lang='grc' dir='ltr'><em>ἵσταται</em></span> <span class='ocrx_word' id='word_1_119' title='bbox 820 1294 866 1336; x_wconf 79' lang='grc' dir='ltr'><em>ἐν</em></span> <span class='ocrx_word' id='word_1_120' title='bbox 901 1295 952 1350; x_wconf 83' lang='grc' dir='ltr'><em>τῇ</em></span> <span class='ocrx_word' id='word_1_121' title='bbox 980 1293 1184 1352; x_wconf 76' lang='grc' dir='ltr'><em>ἐξαγούσῃ</em></span> <span class='ocrx_word' id='word_1_122' title='bbox 1222 1292 1334 1352; x_wconf 83' lang='grc' dir='ltr'><em>πύλῃ</em></span> <span class='ocrx_word' id='word_1_123' title='bbox 1358 1295 1435 1336; x_wconf 82' lang='grc' dir='ltr'><em>τοῦ</em></span> <span class='ocrx_word' id='word_1_124' title='bbox 1461 1295 1714 1350; x_wconf 84' lang='grc' dir='ltr'><em>τριπέτωνος</em></span> 
     </span>
     <span class='ocr_line' id='line_1_18' title="bbox 265 1358 1715 1419; baseline -0.002 -14"><span class='ocrx_word' id='word_1_125' title='bbox 265 1359 370 1417; x_wconf 84' lang='grc' dir='ltr'><em>πρὸς</em></span> <span class='ocrx_word' id='word_1_126' title='bbox 396 1360 470 1403; x_wconf 86' lang='grc' dir='ltr'><em>τὸν</em></span> <span class='ocrx_word' id='word_1_127' title='bbox 498 1358 750 1413; x_wconf 85' lang='grc' dir='ltr'><em>λαυσιακὸν,</em></span> <span class='ocrx_word' id='word_1_128' title='bbox 790 1359 829 1401; x_wconf 82' lang='grc' dir='ltr'><em>οἱ</em></span> <span class='ocrx_word' id='word_1_129' title='bbox 857 1360 904 1402; x_wconf 83' lang='grc' dir='ltr'><em>δὲ</em></span> <span class='ocrx_word' id='word_1_130' title='bbox 932 1358 1141 1415; x_wconf 87' lang='grc' dir='ltr'><em>πατρίκιοι</em></span> <span class='ocrx_word' id='word_1_131' title='bbox 1168 1359 1242 1402; x_wconf 81' lang='grc' dir='ltr'><em>καὶ</em></span> <span class='ocrx_word' id='word_1_132' title='bbox 1267 1358 1494 1416; x_wconf 77' lang='grc' dir='ltr'><em>στρατηγοὶ</em></span> <span class='ocrx_word' id='word_1_133' title='bbox 1525 1360 1715 1419; x_wconf 77' lang='grc' dir='ltr'><em>ἵστανται</em></span> 
     </span>
     <span class='ocr_line' id='line_1_19' title="bbox 266 1423 1715 1482; baseline -0.002 -13"><span class='ocrx_word' id='word_1_134' title='bbox 266 1428 325 1476; x_wconf 86' lang='grc' dir='ltr'><em>εἰς</em></span> <span class='ocrx_word' id='word_1_135' title='bbox 352 1426 426 1482; x_wconf 77' lang='grc' dir='ltr'><em>τὴν</em></span> <span class='ocrx_word' id='word_1_136' title='bbox 454 1424 585 1481; x_wconf 79' lang='grc' dir='ltr'><em>αὐτὴν</em></span> <span class='ocrx_word' id='word_1_137' title='bbox 607 1426 741 1481; x_wconf 80' lang='grc' dir='ltr'><em>πύλην</em></span> <span class='ocrx_word' id='word_1_138' title='bbox 757 1426 886 1481; x_wconf 86' lang='grc' dir='ltr'><em>μέχρι</em></span> <span class='ocrx_word' id='word_1_139' title='bbox 907 1427 982 1480; x_wconf 78' lang='grc' dir='ltr'><em>τῆς</em></span> <span class='ocrx_word' id='word_1_140' title='bbox 1006 1425 1233 1480; x_wconf 78' lang='grc' dir='ltr'><em>ἐξαγούσης</em></span> <span class='ocrx_word' id='word_1_141' title='bbox 1258 1425 1392 1481; x_wconf 81' lang='grc' dir='ltr'><em>πύλης</em></span> <span class='ocrx_word' id='word_1_142' title='bbox 1415 1426 1474 1476; x_wconf 82' lang='grc' dir='ltr'><em>εἷς</em></span> <span class='ocrx_word' id='word_1_143' title='bbox 1495 1423 1569 1468; x_wconf 84' lang='grc' dir='ltr'><em>τὸν</em></span> <span class='ocrx_word' id='word_1_144' title='bbox 1604 1424 1715 1469; x_wconf 82' lang='lat' dir='ltr'><strong>&#39;Iov-</strong></span> 
     </span>
    </p>

    <p class='ocr_par' dir='ltr' id='par_1_6' title="bbox 81 1488 1769 1815">
     <span class='ocr_line' id='line_1_20' title="bbox 81 1488 1763 1548; baseline -0.003 -12"><span class='ocrx_word' id='word_1_145' title='bbox 81 1489 477 1540; x_wconf 74' lang='lat' dir='ltr'><strong>Ms.51.bouvtav‹3v</strong></span> <span class='ocrx_word' id='word_1_146' title='bbox 506 1489 625 1532; x_wconf 76' lang='grc' dir='ltr'><em>ἔνθεν</em></span> <span class='ocrx_word' id='word_1_147' title='bbox 652 1491 828 1533; x_wconf 75' lang='grc' dir='ltr'><em>κάκεῖσε.</em></span> <span class='ocrx_word' id='word_1_148' title='bbox 878 1488 1255 1547; x_wconf 78' lang='grc' dir='ltr'><em>προσκυνησάντων</em></span> <span class='ocrx_word' id='word_1_149' title='bbox 1284 1493 1331 1533; x_wconf 76' lang='grc' dir='ltr'><em>δὲ</em></span> <span class='ocrx_word' id='word_1_150' title='bbox 1359 1492 1524 1534; x_wconf 83' lang='grc' dir='ltr'><em>πάντων</em></span> <span class='ocrx_word' id='word_1_151' title='bbox 1550 1491 1610 1548; x_wconf 74' lang='grc' dir='ltr'><em>τῷ</em></span> <span class='ocrx_word' id='word_1_152' title='bbox 1635 1493 1716 1544; x_wconf 84' lang='grc' dir='ltr'><em>βα-</em></span> <span class='ocrx_word' id='word_1_153' title='bbox 1758 1499 1763 1504; x_wconf 88' lang='grc'><em>“</em></span> 
     </span>
     <span class='ocr_line' id='line_1_21' title="bbox 264 1554 1769 1615; baseline -0.001 -15"><span class='ocrx_word' id='word_1_154' title='bbox 264 1562 395 1611; x_wconf 83' lang='grc' dir='ltr'><em>σιλεῖ,</em></span> <span class='ocrx_word' id='word_1_155' title='bbox 444 1558 557 1599; x_wconf 89' lang='grc' dir='ltr'><em>νεύει</em></span> <span class='ocrx_word' id='word_1_156' title='bbox 586 1554 608 1599; x_wconf 80' lang='grc' dir='ltr'><strong><em>ὅ</em></strong></span> <span class='ocrx_word' id='word_1_157' title='bbox 638 1556 912 1615; x_wconf 88' lang='grc' dir='ltr'><em>πραιπόσιτος</em></span> <span class='ocrx_word' id='word_1_158' title='bbox 952 1554 1032 1598; x_wconf 79' lang='grc' dir='ltr'><em>ἀπὸ</em></span> <span class='ocrx_word' id='word_1_159' title='bbox 1063 1554 1290 1606; x_wconf 86' lang='grc' dir='ltr'><em>κελεύσεως</em></span> <span class='ocrx_word' id='word_1_160' title='bbox 1318 1559 1376 1615; x_wconf 75' lang='grc' dir='ltr'><em>τῷ</em></span> <span class='ocrx_word' id='word_1_161' title='bbox 1403 1559 1477 1613; x_wconf 83' lang='grc' dir='ltr'><em>τῆς</em></span> <span class='ocrx_word' id='word_1_162' title='bbox 1504 1555 1769 1599; x_wconf 62' lang='lat' dir='ltr'><strong>nazanci-20</strong></span> 
     </span>
     <span class='ocr_line' id='line_1_22' title="bbox 263 1620 1716 1680; baseline -0.002 -14"><span class='ocrx_word' id='word_1_163' title='bbox 263 1640 369 1674; x_wconf 88' lang='grc' dir='ltr'><em>σεως</em></span> <span class='ocrx_word' id='word_1_164' title='bbox 409 1625 483 1665; x_wconf 82' lang='grc' dir='ltr'><em>καί</em></span> <span class='ocrx_word' id='word_1_165' title='bbox 515 1625 640 1678; x_wconf 83' lang='grc' dir='ltr'><em>λέγει·</em></span> <span class='ocrx_word' id='word_1_166' title='bbox 704 1623 993 1678; x_wconf 80' lang='grc' dir='ltr'><em>,,κελεύσατε·”</em></span> <span class='ocrx_word' id='word_1_167' title='bbox 1071 1620 1199 1666; x_wconf 82' lang='grc' dir='ltr'><em>αύτοί</em></span> <span class='ocrx_word' id='word_1_168' title='bbox 1236 1625 1282 1666; x_wconf 81' lang='grc' dir='ltr'><em>δὲ</em></span> <span class='ocrx_word' id='word_1_169' title='bbox 1317 1623 1622 1680; x_wconf 78' lang='grc' dir='ltr'><em>ὖπερεύχονται</em></span> <span class='ocrx_word' id='word_1_170' title='bbox 1658 1625 1716 1680; x_wconf 76' lang='grc' dir='ltr'><em>τῷ</em></span> 
     </span>
     <span class='ocr_line' id='line_1_23' title="bbox 263 1686 1716 1746; baseline -0.001 -15"><span class='ocrx_word' id='word_1_171' title='bbox 263 1693 434 1744; x_wconf 82' lang='grc' dir='ltr'><em>βασιλεῖ’</em></span> <span class='ocrx_word' id='word_1_172' title='bbox 467 1689 556 1742; x_wconf 84' lang='grc' dir='ltr'><em>,,εἰς</em></span> <span class='ocrx_word' id='word_1_173' title='bbox 582 1689 760 1739; x_wconf 84' lang='grc' dir='ltr'><em>πολλοὺς</em></span> <span class='ocrx_word' id='word_1_174' title='bbox 785 1689 859 1732; x_wconf 76' lang='grc' dir='ltr'><em>καί</em></span> <span class='ocrx_word' id='word_1_175' title='bbox 893 1686 1088 1745; x_wconf 69' lang='grc' dir='ltr'><em>ἀγαθοὺς</em></span> <span class='ocrx_word' id='word_1_176' title='bbox 1126 1688 1346 1746; x_wconf 84' lang='grc' dir='ltr'><em>χρόνους.”</em></span> <span class='ocrx_word' id='word_1_177' title='bbox 1399 1691 1472 1732; x_wconf 84' lang='grc' dir='ltr'><em>καί</em></span> <span class='ocrx_word' id='word_1_178' title='bbox 1498 1686 1716 1745; x_wconf 79' lang='grc' dir='ltr'><em>ὃηριγευό-</em></span> 
     </span>
     <span class='ocr_line' id='line_1_24' title="bbox 263 1753 1716 1815; baseline -0.001 -17"><span class='ocrx_word' id='word_1_179' title='bbox 263 1771 387 1810; x_wconf 88' lang='grc' dir='ltr'><em>μενος</em></span> <span class='ocrx_word' id='word_1_180' title='bbox 419 1753 499 1797; x_wconf 80' lang='grc' dir='ltr'><em>ὗπὸ</em></span> <span class='ocrx_word' id='word_1_181' title='bbox 527 1755 696 1799; x_wconf 67' lang='grc' dir='ltr'><em>πάντων</em></span> <span class='ocrx_word' id='word_1_182' title='bbox 733 1756 873 1799; x_wconf 74' lang='grc' dir='ltr'><em>αὐτῶν</em></span> <span class='ocrx_word' id='word_1_183' title='bbox 891 1792 904 1812; x_wconf 89' lang='grc'><em>,</em></span> <span class='ocrx_word' id='word_1_184' title='bbox 952 1758 1164 1814; x_wconf 79' lang='grc' dir='ltr'><em>ἐξέρχεται</em></span> <span class='ocrx_word' id='word_1_185' title='bbox 1197 1758 1253 1815; x_wconf 75' lang='grc' dir='ltr'><em>τῷ</em></span> <span class='ocrx_word' id='word_1_186' title='bbox 1281 1757 1473 1815; x_wconf 74' lang='grc' dir='ltr'><em>τρικλίνῳ</em></span> <span class='ocrx_word' id='word_1_187' title='bbox 1500 1755 1580 1798; x_wconf 79' lang='grc' dir='ltr'><em>τοῦ</em></span> <span class='ocrx_word' id='word_1_188' title='bbox 1610 1754 1716 1798; x_wconf 86' lang='lat' dir='ltr'><strong>’Iov-</strong></span> 
     </span>
    </p>
   </div>
   <div class='ocr_carea' id='block_1_5' title="bbox 358 1845 1624 1895">
    <p class='ocr_par' dir='ltr' id='par_1_7' title="bbox 358 1845 1624 1895">
     <span class='ocr_line' id='line_1_25' title="bbox 358 1845 1624 1895; baseline 0.002 -17"><span class='ocrx_word' id='word_1_189' title='bbox 358 1847 390 1891; x_wconf 81' lang='grc'><em>4.</em></span> <span class='ocrx_word' id='word_1_190' title='bbox 416 1846 579 1892; x_wconf 82' lang='grc' dir='ltr'><em>κολωβίῳ</em></span> <span class='ocrx_word' id='word_1_191' title='bbox 604 1847 654 1892; x_wconf 80' lang='grc' dir='ltr'><em>τῷ</em></span> <span class='ocrx_word' id='word_1_192' title='bbox 680 1847 872 1894; x_wconf 79' lang='grc' dir='ltr'><em>λεγομένῳ</em></span> <span class='ocrx_word' id='word_1_193' title='bbox 895 1847 1027 1895; x_wconf 85' lang='grc' dir='ltr'><em>βότρυς</em></span> <span class='ocrx_word' id='word_1_194' title='bbox 1052 1847 1107 1882; x_wconf 88' lang='lat' dir='ltr'><em>ed.</em></span> <span class='ocrx_word' id='word_1_195' title='bbox 1202 1849 1257 1883; x_wconf 79' lang='lat'><em>23.</em></span> <span class='ocrx_word' id='word_1_196' title='bbox 1283 1846 1325 1883; x_wconf 76' lang='grc' dir='ltr'><em>ἐν</em></span> <span class='ocrx_word' id='word_1_197' title='bbox 1348 1847 1400 1895; x_wconf 66' lang='grc' dir='ltr'><em>τῷ</em></span> <span class='ocrx_word' id='word_1_198' title='bbox 1424 1846 1540 1894; x_wconf 61' lang='lat' dir='ltr'><strong>rema.</strong></span> <span class='ocrx_word' id='word_1_199' title='bbox 1568 1845 1624 1881; x_wconf 84' lang='lat' dir='ltr'><em>ed.</em></span> 
     </span>
    </p>
   </div>
   <div class='ocr_carea' id='block_1_6' title="bbox 264 1936 1714 2159">
    <p class='ocr_par' dir='ltr' id='par_1_8' title="bbox 264 1936 1714 2159">
     <span class='ocr_line' id='line_1_26' title="bbox 266 1936 1714 1983; baseline 0 -13"><span class='ocrx_word' id='word_1_200' title='bbox 266 1936 462 1970; x_wconf 80' lang='lat' dir='ltr'><strong>Sciendum</strong></span> <span class='ocrx_word' id='word_1_201' title='bbox 487 1943 563 1978; x_wconf 86' lang='lat' dir='ltr'><strong>cst,</strong></span> <span class='ocrx_word' id='word_1_202' title='bbox 600 1937 666 1971; x_wconf 91' lang='lat' dir='ltr'><strong>sub</strong></span> <span class='ocrx_word' id='word_1_203' title='bbox 692 1937 813 1972; x_wconf 89' lang='lat' dir='ltr'>Leone</span> <span class='ocrx_word' id='word_1_204' title='bbox 840 1938 1012 1983; x_wconf 78' lang='lat' dir='ltr'>gloriosae</span> <span class='ocrx_word' id='word_1_205' title='bbox 1034 1940 1228 1973; x_wconf 84' lang='lat' dir='ltr'><strong>memoriae</strong></span> <span class='ocrx_word' id='word_1_206' title='bbox 1252 1938 1349 1971; x_wconf 89' lang='lat' dir='ltr'><strong>hunc</strong></span> <span class='ocrx_word' id='word_1_207' title='bbox 1373 1937 1537 1972; x_wconf 82' lang='lat' dir='ltr'><strong>ordinem</strong></span> <span class='ocrx_word' id='word_1_208' title='bbox 1562 1937 1714 1971; x_wconf 78' lang='lat' dir='ltr'><strong>institu-</strong></span> 
     </span>
     <span class='ocr_line' id='line_1_27' title="bbox 264 1983 1713 2030; baseline 0.001 -14"><span class='ocrx_word' id='word_1_209' title='bbox 264 1989 341 2016; x_wconf 79' lang='lat' dir='ltr'><em>tum</em></span> <span class='ocrx_word' id='word_1_210' title='bbox 367 1995 458 2019; x_wconf 86' lang='lat' dir='ltr'><strong>esse.</strong></span> <span class='ocrx_word' id='word_1_211' title='bbox 506 1985 705 2028; x_wconf 79' lang='lat' dir='ltr'><strong>Imperator</strong></span> <span class='ocrx_word' id='word_1_212' title='bbox 729 1997 809 2019; x_wconf 90' lang='lat' dir='ltr'><em>cum</em></span> <span class='ocrx_word' id='word_1_213' title='bbox 830 1986 1074 2028; x_wconf 80' lang='lat' dir='ltr'><strong>scaramangio</strong></span> <span class='ocrx_word' id='word_1_214' title='bbox 1100 1997 1186 2019; x_wconf 85' lang='lat' dir='ltr'><strong>auro</strong></span> <span class='ocrx_word' id='word_1_215' title='bbox 1212 1986 1353 2018; x_wconf 80' lang='lat' dir='ltr'><strong>intexto</strong></span> <span class='ocrx_word' id='word_1_216' title='bbox 1379 1996 1472 2030; x_wconf 86' lang='lat' dir='ltr'><strong>equo</strong></span> <span class='ocrx_word' id='word_1_217' title='bbox 1498 1983 1544 2018; x_wconf 81' lang='lat' dir='ltr'><em>ad</em></span> <span class='ocrx_word' id='word_1_218' title='bbox 1570 1990 1713 2018; x_wconf 73' lang='lat' dir='ltr'><strong>sanctos</strong></span> 
     </span>
     <span class='ocr_line' id='line_1_28' title="bbox 265 2029 1714 2078; baseline 0.001 -16"><span class='ocrx_word' id='word_1_219' title='bbox 265 2030 448 2074; x_wconf 81' lang='lat' dir='ltr'><strong>apostolos</strong></span> <span class='ocrx_word' id='word_1_220' title='bbox 471 2029 636 2071; x_wconf 83' lang='lat' dir='ltr'><strong>vehitur,</strong></span> <span class='ocrx_word' id='word_1_221' title='bbox 661 2037 698 2064; x_wconf 85' lang='lat' dir='ltr'><strong>et</strong></span> <span class='ocrx_word' id='word_1_222' title='bbox 720 2037 923 2073; x_wconf 84' lang='lat' dir='ltr'><strong>revertens,</strong></span> <span class='ocrx_word' id='word_1_223' title='bbox 948 2032 1111 2074; x_wconf 84' lang='lat' dir='ltr'><strong>colobio,</strong></span> <span class='ocrx_word' id='word_1_224' title='bbox 1137 2031 1236 2078; x_wconf 89' lang='lat' dir='ltr'><strong>quod</strong></span> <span class='ocrx_word' id='word_1_225' title='bbox 1261 2031 1386 2076; x_wconf 82' lang='lat' dir='ltr'><strong>botrys</strong></span> <span class='ocrx_word' id='word_1_226' title='bbox 1411 2031 1563 2072; x_wconf 88' lang='lat' dir='ltr'><strong>dicitur,</strong></span> <span class='ocrx_word' id='word_1_227' title='bbox 1587 2030 1714 2065; x_wconf 87' lang='lat' dir='ltr'><strong>indui-</strong></span> 
     </span>
     <span class='ocr_line' id='line_1_29' title="bbox 264 2077 1713 2125; baseline 0.001 -14"><span class='ocrx_word' id='word_1_228' title='bbox 264 2081 326 2111; x_wconf 80' lang='lat' dir='ltr'><em>tur</em></span> <span class='ocrx_word' id='word_1_229' title='bbox 340 2101 350 2116; x_wconf 91' lang='lat'>‚</span> <span class='ocrx_word' id='word_1_230' title='bbox 375 2077 487 2120; x_wconf 87' lang='lat' dir='ltr'><strong>capiti</strong></span> <span class='ocrx_word' id='word_1_231' title='bbox 513 2077 595 2110; x_wconf 83' lang='lat' dir='ltr'><strong>alba</strong></span> <span class='ocrx_word' id='word_1_232' title='bbox 619 2088 750 2112; x_wconf 86' lang='lat' dir='ltr'><strong>corona</strong></span> <span class='ocrx_word' id='word_1_233' title='bbox 773 2079 962 2124; x_wconf 83' lang='lat' dir='ltr'><strong>imposita,</strong></span> <span class='ocrx_word' id='word_1_234' title='bbox 989 2079 1097 2113; x_wconf 82' lang='lat' dir='ltr'><strong>etita</strong></span> <span class='ocrx_word' id='word_1_235' title='bbox 1121 2078 1335 2120; x_wconf 81' lang='lat' dir='ltr'><strong>revertitur,</strong></span> <span class='ocrx_word' id='word_1_236' title='bbox 1361 2077 1402 2111; x_wconf 87' lang='lat' dir='ltr'><strong>id</strong></span> <span class='ocrx_word' id='word_1_237' title='bbox 1425 2077 1525 2125; x_wconf 84' lang='lat' dir='ltr'><strong>quod</strong></span> <span class='ocrx_word' id='word_1_238' title='bbox 1545 2077 1592 2112; x_wconf 85' lang='lat' dir='ltr'><em>ad</em></span> <span class='ocrx_word' id='word_1_239' title='bbox 1613 2077 1713 2113; x_wconf 77' lang='lat' dir='ltr'><strong>hunc</strong></span> 
     </span>
     <span class='ocr_line' id='line_1_30' title="bbox 266 2121 698 2159; baseline 0.005 -2"><span class='ocrx_word' id='word_1_240' title='bbox 266 2121 364 2157; x_wconf 82' lang='lat' dir='ltr'><strong>diem</strong></span> <span class='ocrx_word' id='word_1_241' title='bbox 388 2122 572 2157; x_wconf 83' lang='lat' dir='ltr'><strong>observari</strong></span> <span class='ocrx_word' id='word_1_242' title='bbox 595 2124 698 2159; x_wconf 84' lang='lat' dir='ltr'><strong>solet.</strong></span> 
     </span>
    </p>
   </div>
   <div class='ocr_carea' id='block_1_7' title="bbox 889 2191 1065 2228">
    <p class='ocr_par' dir='ltr' id='par_1_9' title="bbox 889 2191 1065 2228">
     <span class='ocr_line' id='line_1_31' title="bbox 889 2191 1065 2228; baseline -0.011 -1"><span class='ocrx_word' id='word_1_243' title='bbox 889 2191 984 2227; x_wconf 84' lang='lat' dir='ltr'>CAP.</span> <span class='ocrx_word' id='word_1_244' title='bbox 1014 2203 1065 2228; x_wconf 83' lang='grc' dir='ltr'><em>ιι.</em></span> 
     </span>
    </p>
   </div>
   <div class='ocr_carea' id='block_1_8' title="bbox 315 2269 1662 2320">
    <p class='ocr_par' dir='ltr' id='par_1_10' title="bbox 315 2269 1662 2320">
     <span class='ocr_line' id='line_1_32' title="bbox 315 2269 1662 2320; baseline -0.001 -13"><span class='ocrx_word' id='word_1_245' title='bbox 315 2269 558 2307; x_wconf 76' lang='lat' dir='ltr'><em>observanda</em></span> <span class='ocrx_word' id='word_1_246' title='bbox 581 2270 643 2308; x_wconf 75' lang='lat' dir='ltr'><em>dle</em></span> <span class='ocrx_word' id='word_1_247' title='bbox 668 2274 780 2308; x_wconf 82' lang='lat' dir='ltr'><strong>tertio</strong></span> <span class='ocrx_word' id='word_1_248' title='bbox 803 2274 1028 2320; x_wconf 82' lang='lat' dir='ltr'><strong><em>septimanae</em></strong></span> <span class='ocrx_word' id='word_1_249' title='bbox 1055 2272 1313 2308; x_wconf 76' lang='lat' dir='ltr'><strong><em>renovationis</em></strong></span> <span class='ocrx_word' id='word_1_250' title='bbox 1333 2273 1376 2308; x_wconf 84' lang='lat' dir='ltr'><strong>in</strong></span> <span class='ocrx_word' id='word_1_251' title='bbox 1399 2271 1662 2318; x_wconf 70' lang='lat' dir='ltr'><strong>sancttSergii.</strong></span> 
     </span>
    </p>
   </div>
   <div class='ocr_carea' id='block_1_9' title="bbox 265 2361 1710 2785">
    <p class='ocr_par' dir='ltr' id='par_1_11' title="bbox 265 2361 1710 2785">
     <span class='ocr_line' id='line_1_33' title="bbox 359 2361 1710 2408; baseline -0.001 -12"><span class='ocrx_word' id='word_1_252' title='bbox 359 2362 526 2396; x_wconf 73' lang='lat' dir='ltr'><strong>proceres</strong></span> <span class='ocrx_word' id='word_1_253' title='bbox 551 2372 673 2396; x_wconf 84' lang='lat' dir='ltr'><strong>omnes</strong></span> <span class='ocrx_word' id='word_1_254' title='bbox 696 2363 830 2396; x_wconf 88' lang='lat' dir='ltr'><strong>tunicis</strong></span> <span class='ocrx_word' id='word_1_255' title='bbox 853 2362 1035 2404; x_wconf 79' lang='lat' dir='ltr'><strong>candidis,</strong></span> <span class='ocrx_word' id='word_1_256' title='bbox 1070 2362 1319 2408; x_wconf 87' lang='lat' dir='ltr'><strong>unusquisque</strong></span> <span class='ocrx_word' id='word_1_257' title='bbox 1344 2374 1408 2397; x_wconf 88' lang='lat' dir='ltr'><em>suo</em></span> <span class='ocrx_word' id='word_1_258' title='bbox 1434 2361 1563 2397; x_wconf 84' lang='lat' dir='ltr'><strong><em>ordine</em></strong></span> <span class='ocrx_word' id='word_1_259' title='bbox 1587 2366 1710 2396; x_wconf 76' lang='lat' dir='ltr'><strong>veste·</strong></span> 
     </span>
     <span class='ocr_line' id='line_1_34' title="bbox 266 2407 1708 2455; baseline 0.001 -14"><span class='ocrx_word' id='word_1_260' title='bbox 266 2418 359 2454; x_wconf 87' lang='lat' dir='ltr'><strong>que,</strong></span> <span class='ocrx_word' id='word_1_261' title='bbox 381 2408 600 2453; x_wconf 82' lang='lat' dir='ltr'><strong>procedunt,</strong></span> <span class='ocrx_word' id='word_1_262' title='bbox 624 2415 661 2443; x_wconf 83' lang='lat' dir='ltr'><strong>et</strong></span> <span class='ocrx_word' id='word_1_263' title='bbox 684 2409 795 2443; x_wconf 85' lang='lat' dir='ltr'><strong>intrat</strong></span> <span class='ocrx_word' id='word_1_264' title='bbox 817 2421 948 2455; x_wconf 90' lang='lat' dir='ltr'><strong>pompa</strong></span> <span class='ocrx_word' id='word_1_265' title='bbox 972 2410 1166 2443; x_wconf 80' lang='lat' dir='ltr'><strong>Iustiniani</strong></span> <span class='ocrx_word' id='word_1_266' title='bbox 1195 2410 1406 2443; x_wconf 88' lang='lat' dir='ltr'><strong>triclinium.</strong></span> <span class='ocrx_word' id='word_1_267' title='bbox 1456 2409 1560 2443; x_wconf 83' lang='lat' dir='ltr'><strong>Circa</strong></span> <span class='ocrx_word' id='word_1_268' title='bbox 1580 2407 1708 2443; x_wconf 80' lang='lat' dir='ltr'><strong>horam</strong></span> 
     </span>
     <span class='ocr_line' id='line_1_35' title="bbox 266 2455 1708 2510; baseline -0.001 -21"><span class='ocrx_word' id='word_1_269' title='bbox 266 2456 413 2489; x_wconf 82' lang='lat' dir='ltr'><em>tertiam</em></span> <span class='ocrx_word' id='word_1_270' title='bbox 439 2455 719 2510; x_wconf 61' lang='lat' dir='ltr'><strong>metastasimum</strong></span> <span class='ocrx_word' id='word_1_271' title='bbox 743 2467 805 2489; x_wconf 91' lang='lat' dir='ltr'><strong>seu</strong></span> <span class='ocrx_word' id='word_1_272' title='bbox 830 2458 1009 2501; x_wconf 82' lang='lat' dir='ltr'><strong>processio</strong></span> <span class='ocrx_word' id='word_1_273' title='bbox 1037 2457 1262 2497; x_wconf 80' lang='lat' dir='ltr'><strong>instituitur,</strong></span> <span class='ocrx_word' id='word_1_274' title='bbox 1286 2457 1351 2489; x_wconf 92' lang='lat' dir='ltr'><em>ubi</em></span> <span class='ocrx_word' id='word_1_275' title='bbox 1371 2458 1573 2502; x_wconf 82' lang='lat' dir='ltr'><strong>Imperator</strong></span> <span class='ocrx_word' id='word_1_276' title='bbox 1598 2455 1708 2489; x_wconf 85' lang='lat' dir='ltr'><strong>dibe-</strong></span> 
     </span>
     <span class='ocr_line' id='line_1_36' title="bbox 265 2501 1710 2548; baseline 0.001 -14"><span class='ocrx_word' id='word_1_277' title='bbox 265 2503 358 2535; x_wconf 88' lang='lat' dir='ltr'><strong>tesio</strong></span> <span class='ocrx_word' id='word_1_278' title='bbox 390 2502 472 2535; x_wconf 82' lang='lat' dir='ltr'><strong>albo</strong></span> <span class='ocrx_word' id='word_1_279' title='bbox 500 2507 537 2535; x_wconf 83' lang='lat' dir='ltr'><strong>et</strong></span> <span class='ocrx_word' id='word_1_280' title='bbox 553 2502 714 2536; x_wconf 84' lang='lat' dir='ltr'><strong>tzitzacio</strong></span> <span class='ocrx_word' id='word_1_281' title='bbox 739 2503 906 2544; x_wconf 81' lang='lat' dir='ltr'><strong>indutus,</strong></span> <span class='ocrx_word' id='word_1_282' title='bbox 935 2504 1125 2548; x_wconf 87' lang='lat' dir='ltr'><strong>praefectis</strong></span> <span class='ocrx_word' id='word_1_283' title='bbox 1151 2503 1311 2536; x_wconf 89' lang='lat' dir='ltr'><strong>cubiculi</strong></span> <span class='ocrx_word' id='word_1_284' title='bbox 1332 2515 1415 2537; x_wconf 87' lang='lat' dir='ltr'><em>eum</em></span> <span class='ocrx_word' id='word_1_285' title='bbox 1438 2501 1710 2542; x_wconf 74' lang='lat' dir='ltr'><strong>comitantibus,</strong></span> 
     </span>
     <span class='ocr_line' id='line_1_37' title="bbox 265 2547 1708 2626; baseline 0.001 -45"><span class='ocrx_word' id='word_1_286' title='bbox 265 2559 331 2626; x_wconf 64' lang='lat' dir='ltr'><em>fer</em></span> <span class='ocrx_word' id='word_1_287' title='bbox 371 2561 519 2582; x_wconf 87' lang='lat' dir='ltr'><strong>aureum</strong></span> <span class='ocrx_word' id='word_1_288' title='bbox 553 2550 752 2583; x_wconf 85' lang='lat' dir='ltr'><strong>triclinium</strong></span> <span class='ocrx_word' id='word_1_289' title='bbox 787 2562 827 2583; x_wconf 89' lang='lat' dir='ltr'><em>ac</em></span> <span class='ocrx_word' id='word_1_290' title='bbox 860 2553 1080 2596; x_wconf 83' lang='lat' dir='ltr'><strong>tripetonem</strong></span> <span class='ocrx_word' id='word_1_291' title='bbox 1108 2552 1236 2584; x_wconf 86' lang='lat' dir='ltr'><strong>transit</strong></span> <span class='ocrx_word' id='word_1_292' title='bbox 1267 2551 1379 2596; x_wconf 87' lang='lat' dir='ltr'><strong>inque</strong></span> <span class='ocrx_word' id='word_1_293' title='bbox 1417 2554 1521 2595; x_wconf 85' lang='lat' dir='ltr'><strong>porta</strong></span> <span class='ocrx_word' id='word_1_294' title='bbox 1556 2549 1635 2582; x_wconf 84' lang='lat' dir='ltr'><strong>eius</strong></span> <span class='ocrx_word' id='word_1_295' title='bbox 1659 2547 1708 2582; x_wconf 77' lang='lat' dir='ltr'><em>ad</em></span> 
     </span>
     <span class='ocr_line' id='line_1_38' title="bbox 282 2594 1708 2642; baseline 0.001 -15"><span class='ocrx_word' id='word_1_296' title='bbox 282 2595 463 2629; x_wconf 63' lang='lat' dir='ltr'><strong>:nusiacum</strong></span> <span class='ocrx_word' id='word_1_297' title='bbox 484 2596 638 2630; x_wconf 84' lang='lat' dir='ltr'><em>ducente</em></span> <span class='ocrx_word' id='word_1_298' title='bbox 657 2597 834 2638; x_wconf 80' lang='lat' dir='ltr'><strong>subsistit,</strong></span> <span class='ocrx_word' id='word_1_299' title='bbox 856 2598 999 2642; x_wconf 87' lang='lat' dir='ltr'><strong>patricii</strong></span> <span class='ocrx_word' id='word_1_300' title='bbox 1021 2608 1104 2631; x_wconf 87' lang='lat' dir='ltr'><strong>vero</strong></span> <span class='ocrx_word' id='word_1_301' title='bbox 1123 2602 1160 2630; x_wconf 83' lang='lat' dir='ltr'><strong>et</strong></span> <span class='ocrx_word' id='word_1_302' title='bbox 1178 2599 1324 2642; x_wconf 79' lang='lat' dir='ltr'><strong>strategi</strong></span> <span class='ocrx_word' id='word_1_303' title='bbox 1346 2596 1390 2631; x_wconf 85' lang='lat' dir='ltr'><em>ab</em></span> <span class='ocrx_word' id='word_1_304' title='bbox 1414 2602 1569 2642; x_wconf 84' lang='lat' dir='ltr'><strong>utroque</strong></span> <span class='ocrx_word' id='word_1_305' title='bbox 1593 2594 1708 2630; x_wconf 78' lang='lat' dir='ltr'><strong>latere</strong></span> 
     </span>
     <span class='ocr_line' id='line_1_39' title="bbox 266 2641 1709 2689; baseline 0.002 -16"><span class='ocrx_word' id='word_1_306' title='bbox 266 2644 391 2685; x_wconf 82' lang='lat' dir='ltr'><strong>portae</strong></span> <span class='ocrx_word' id='word_1_307' title='bbox 420 2643 465 2676; x_wconf 88' lang='lat' dir='ltr'><em>ad</em></span> <span class='ocrx_word' id='word_1_308' title='bbox 493 2654 571 2676; x_wconf 83' lang='lat' dir='ltr'><strong>eam</strong></span> <span class='ocrx_word' id='word_1_309' title='bbox 598 2655 733 2689; x_wconf 82' lang='lat' dir='ltr'><strong>usque,</strong></span> <span class='ocrx_word' id='word_1_310' title='bbox 764 2655 855 2689; x_wconf 86' lang='lat' dir='ltr'><strong>quae</strong></span> <span class='ocrx_word' id='word_1_311' title='bbox 891 2644 937 2677; x_wconf 89' lang='lat' dir='ltr'><em>ad</em></span> <span class='ocrx_word' id='word_1_312' title='bbox 961 2644 1150 2678; x_wconf 86' lang='lat' dir='ltr'><strong>Iustiniani</strong></span> <span class='ocrx_word' id='word_1_313' title='bbox 1190 2644 1391 2677; x_wconf 87' lang='lat' dir='ltr'><strong>triclinium</strong></span> <span class='ocrx_word' id='word_1_314' title='bbox 1419 2642 1539 2683; x_wconf 79' lang='lat' dir='ltr'><strong>ducit,</strong></span> <span class='ocrx_word' id='word_1_315' title='bbox 1563 2641 1709 2676; x_wconf 80' lang='lat' dir='ltr'><strong>adsunt.</strong></span> 
     </span>
     <span class='ocr_line' id='line_1_40' title="bbox 267 2686 1707 2737; baseline 0.001 -16"><span class='ocrx_word' id='word_1_316' title='bbox 267 2686 343 2731; x_wconf 85' lang='lat' dir='ltr'><em>Qui</em></span> <span class='ocrx_word' id='word_1_317' title='bbox 379 2695 570 2734; x_wconf 85' lang='lat' dir='ltr'><strong>postquam</strong></span> <span class='ocrx_word' id='word_1_318' title='bbox 601 2702 723 2724; x_wconf 89' lang='lat' dir='ltr'><strong>omnes</strong></span> <span class='ocrx_word' id='word_1_319' title='bbox 754 2691 1008 2737; x_wconf 79' lang='lat' dir='ltr'><em>Imperatorem</em></span> <span class='ocrx_word' id='word_1_320' title='bbox 1041 2691 1259 2732; x_wconf 82' lang='lat' dir='ltr'><strong>adorarunt,</strong></span> <span class='ocrx_word' id='word_1_321' title='bbox 1294 2690 1521 2737; x_wconf 82' lang='lat' dir='ltr'><strong>praepositus</strong></span> <span class='ocrx_word' id='word_1_322' title='bbox 1550 2700 1571 2720; x_wconf 87' lang='lat' dir='ltr'><strong>a</strong></span> <span class='ocrx_word' id='word_1_323' title='bbox 1603 2699 1707 2722; x_wconf 80' lang='lat' dir='ltr'><strong>mau-</strong></span> 
     </span>
     <span class='ocr_line' id='line_1_41' title="bbox 266 2733 1708 2785; baseline 0.001 -17"><span class='ocrx_word' id='word_1_324' title='bbox 266 2733 350 2768; x_wconf 72' lang='lat' dir='ltr'><strong>dato</strong></span> <span class='ocrx_word' id='word_1_325' title='bbox 378 2735 625 2773; x_wconf 59' lang='lat' dir='ltr'><strong>cerimonia-io</strong></span> <span class='ocrx_word' id='word_1_326' title='bbox 659 2739 799 2785; x_wconf 79' lang='lat' dir='ltr'><strong>signum</strong></span> <span class='ocrx_word' id='word_1_327' title='bbox 823 2738 886 2775; x_wconf 83' lang='lat' dir='ltr'><strong>dat</strong></span> <span class='ocrx_word' id='word_1_328' title='bbox 911 2743 951 2773; x_wconf 86' lang='lat' dir='ltr'><strong>et</strong></span> <span class='ocrx_word' id='word_1_329' title='bbox 974 2737 1084 2774; x_wconf 82' lang='lat' dir='ltr'><strong>dicit:</strong></span> <span class='ocrx_word' id='word_1_330' title='bbox 1107 2738 1257 2775; x_wconf 75' lang='lat' dir='ltr'><strong>[ubete.-</strong></span> <span class='ocrx_word' id='word_1_331' title='bbox 1291 2743 1330 2772; x_wconf 84' lang='lat' dir='ltr'><strong>at</strong></span> <span class='ocrx_word' id='word_1_332' title='bbox 1353 2737 1430 2772; x_wconf 82' lang='lat' dir='ltr'><strong>ini:</strong></span> <span class='ocrx_word' id='word_1_333' title='bbox 1454 2735 1507 2771; x_wconf 80' lang='lat' dir='ltr'><em>In</em></span> <span class='ocrx_word' id='word_1_334' title='bbox 1528 2736 1644 2783; x_wconf 73' lang='lat' dir='ltr'><strong>longa</strong></span> <span class='ocrx_word' id='word_1_335' title='bbox 1670 2741 1708 2770; x_wconf 70' lang='lat' dir='ltr'><em>ee</em></span> 
     </span>
    </p>
   </div>
  </div>
 </body>
</html>
