1878 3112
95 249 200 285 ml„
215 252 283 295 372

251 866 278 898 B

245 1399 272 1431 C

292 127 406 194 644
563 144 921 187 CONSTANTlNl
977 142 1460 185 PORPHYROGENm

629 245 776 292 Ἶ-Ιρῷον
797 246 866 279 τοῦ
889 243 1063 291 μεγάλου
1096 243 1381 285 Ἰουστινιανοῦ.

401 334 523 392 Πρὸς
551 333 683 390 αὐτὴν
711 333 788 390 τήν
814 332 968 390 κόγχην
993 331 1099 375 κατά
1142 334 1344 384 α’νατολάς
1371 335 1534 391 πρῶτος
1559 332 1732 390 λάρναξ,

291 406 335 447 ἒν
363 397 396 460 ᾧ
424 399 641 443 ἀπόκειται
667 399 712 443 τὸ
743 402 866 454 σῶμα
893 402 968 441 τοῦ
991 397 1293 442 Ἰουστινιανοῦ
1306 434 1318 453 ,
1348 399 1430 442 duc>
1462 402 1585 442 λίθου
1613 403 1733 452 ξένου

290 468 364 511 καί
400 466 624 509 α’λλοκὸτου
667 468 798 522 μέσην
839 465 993 522 χροιάν
1035 464 1200 520 ἔχοντος
1234 468 1310 508 τοῦ
1347 482 1393 508 τε
1431 468 1623 508 Βιθυνοῦ
1661 470 1735 509 καί

291 531 630 588 Χαλκηδωνίτου,
655 532 955 587 παραπλησίως
981 532 1085 589 λίθῳ
1106 531 1304 589 Ὀστρίτῃ.
1331 534 1473 587 ἕτερος
1494 529 1651 587 λάρναξ
1679 532 1758 577 (πῖ-5

289 597 344 640 πὸ
373 591 493 640 λίθου
518 596 822 654 Ἱεραπολίτου,
865 598 910 639 ἐν
937 591 971 655 ᾧ
1000 597 1216 639 α’πόκειται
1247 599 1448 654 Θεοδῶρα
1472 597 1499 653 ἦ
1526 597 1628 652 γυνὴ
1658 599 1733 640 τοῦ

290 661 474 719 μεγάλου
499 665 818 706 Ἰουστινιανοῦ.
875 665 1010 718 ἕτερος
1039 660 1193 718 λάρναξ
1220 666 1405 716 κειζαενος
1431 661 1536 720 πρὸς
1565 661 1732 717 δυσμάς

287 729 394 787 πρὸς
419 728 464 772 τὸ
491 730 619 785 μέρος
644 727 689 772 τὸ
720 728 867 782 δεξιὸν,
894 727 971 784 τὴν
996 727 1149 784 χροιάν
1180 729 1466 784 ῥοδοηοίκιλον
1481 727 1727 782 Δοκιμινὸν,

287 798 332 838 ἐν
361 790 395 855 ᾧ
436 792 653 838 ἀπόκειται
681 795 865 837 Εὕὸοκία
907 794 932 849 ἦ
962 793 1063 850 γυνὴ
1101 795 1407 838 Ἰουστινιανοῦ
1433 797 1507 837 τοῦ
1532 791 1730 848 μεγάλου.

289 863 427 917 ἕτερος
457 859 611 918 λάρναξ
638 859 779 910 λευκὸς
807 860 1128 916 Προικονήσιος,
1162 862 1207 901 ἐν
1235 855 1267 918 ᾧ
1298 857 1514 902 ἀπόκειται
1546 856 1785 904 ’lovon-10

285 926 427 976 νιανὸς
456 925 477 968 ὅ
505 926 663 983 μικρός.
721 928 865 981 ἕτερος
884 925 1040 986 λάρναξ
1069 925 1149 967 άπὸ
1181 925 1303 968 λίθου
1332 928 1655 982 Προικονησίας,
1684 928 1731 968 ἐν

286 988 319 1053 ᾧ
347 991 566 1036 ἀπόκειται
596 994 734 1048 Σοφία
762 992 786 1046 ἢ
815 989 917 1046 γυνὴ
957 988 1215 1034 Ἰουστίνου.
1272 992 1411 1048 ἕτερος
1450 989 1607 1048 λάρναξ
1645 989 1728 1034 dud

284 1062 408 1102 λίθου
439 1060 591 1100 λευκοῦ
620 1058 850 1107 Δοκιμινοῦ
877 1056 1085 1110 ὄνυχίτου,
1114 1058 1159 1099 ἐν
1186 1051 1221 1116 ᾧ
1245 1055 1466 1099 ἀπόκειται
1485 1055 1731 1114 ζἩράκλειος

287 1123 311 1167 ὅ
338 1127 481 1179 μέγας.
539 1123 679 1179 ἕτερος
707 1121 864 1178 λάρναξ
892 1121 1091 1179 πράσινος
1123 1121 1350 1177 Θεσσαλὸς,
1379 1124 1423 1166 ἐν
1451 1117 1484 1182 ᾧ
1514 1119 1731 1166 ἀπόκειται

287 1191 434 1244 Φαβία
470 1187 497 1244 ἦ
533 1187 639 1244 γυνὴ
679 1188 961 1244 “Ηρακλειόυ.
1030 1190 1172 1244 ἕτερος
1222 1187 1379 1244 λάρναξ
1422 1186 1782 1245 Προικονὴσιοςιό

285 1257 602 1298 Κωνσταντίνου
629 1253 925 1308 Πωγωνάτου.
963 1255 1103 1309 ἕτερος
1130 1251 1285 1308 λάρναξ
1313 1252 1395 1295 α’πὸ
1424 1255 1548 1296 λίθου
1576 1255 1730 1310 πρασί-

285 1337 359 1363 νου
393 1322 681 1374 Θεσσαλικοῦ»,
725 1321 768 1362 ἑν
797 1314 828 1377 ᾧ
857 1316 1073 1361 ἀπόκειται
1105 1321 1282 1361 Φαῦστα
1309 1319 1335 1374 ἦ
1373 1317 1476 1374 γυνὴ
1502 1322 1730 1362 Κωνσταν-

283 1389 395 1429 τίνου
423 1385 708 1440 Πωγωνάτου.
762 1386 896 1441 ἕτερος
922 1384 1078 1442 λάρναξ
1103 1383 1347 1440 Σαγαρινὸς,
1376 1387 1420 1428 ἐν
1447 1380 1482 1443 ᾧ
1509 1384 1729 1428 ἀπόκειται

283 1456 603 1502 Κωνσταντΐνος
623 1484 634 1505 ‚
681 1450 810 1506 ἕγγων
844 1449 1100 1508 εΗρακλείου
1116 1484 1129 1504 ,
1174 1449 1268 1500 υἱὸς
1297 1442 1619 1493 Κωνσταντίνου
1647 1451 1727 1493 τοῦ

283 1517 577 1572 Πωγωνάτου.
631 1518 766 1573 ἕτερος
793 1514 952 1573 λάρναξ
980 1514 1060 1559 άπὸ
1091 1519 1214 1559 λίθου
1244 1518 1480 1573 Σαγαρινοῦ
1507 1512 1780 1560 {narona-20

282 1587 423 1636 λιθος,
453 1586 498 1625 ἐν
527 1577 558 1640 ᾧ
588 1580 805 1625 ἆπόκειται
836 1581 1114 1632 Ἀναστάσιος
1142 1582 1165 1624 ὅ
1192 1585 1266 1624 καί
1290 1583 1516 1638 Ἀρτέμιος.
1583 1584 1723 1639 ἔτερος

283 1648 440 1706 λάρναξ
469 1646 551 1691 άπὸ
583 1650 704 1690 λίθου
729 1649 1036 1706 Ἶεραπολίτου,
1065 1652 1109 1693 ἐν
1133 1642 1167 1708 ᾧ
1190 1647 1402 1692 α’πόκειται
1423 1647 1449 1704 ἢ
1472 1647 1574 1706 γυνὴ
1595 1645 1732 1692 Ἀνα-’

371 1745 412 1780 ⁴9.
438 1714 512 1767 ‘2013'
533 1732 687 1779 μικροῦ·
706 1734 798 1767 coni.
827 1735 869 1771 R,

733 1832 768 1853 lu
794 1831 907 1854 mmoo
945 1830 1054 1854 MAGNI
1081 1831 1285 1855 msrmum.

377 1887 517 1922 Primus
544 1887 641 1932 apud
666 1887 837 1920 concham
862 1898 982 1920 versus
1009 1888 1184 1922 orientem
1209 1893 1264 1921 est
1288 1887 1523 1933 sarcophagus
1538 1913 1548 1929 ,
1585 1887 1625 1921 in
1650 1893 1729 1933 quo'

285 1934 380 1966 iacet
404 1945 532 1979 corpus
558 1934 771 1975 Iustiniani,
796 1945 971 1968 marmore
1007 1936 1196 1980 peregrino
1234 1936 1305 1968 rari
1329 1940 1366 1967 et
1381 1935 1463 1969 miri
1483 1934 1634 1975 coloris,
1659 1934 1724 1979 qui

285 1980 426 2013 medius
453 1981 528 2013 fere
554 1982 601 2014 sit
625 1981 721 2013 inter
746 1982 902 2014 colorem
927 1981 1072 2024 Bithyni
1099 1987 1136 2014 et
1157 1981 1413 2014 Chalcedonici
1438 1981 1646 2020 marmoris,
1670 1981 1724 2014 si-

286 2027 383 2058 milis
411 2028 577 2060 marmori
605 2028 772 2060 Ostritae.
822 2027 922 2061 Alius
959 2039 1135 2061 marmore
1160 2028 1462 2072 Hierapolitano‚
1498 2028 1537 2060 in
1571 2037 1643 2072 quo
1667 2027 1724 2060 ia-

288 2078 345 2105 cet
370 2074 583 2114 Theodora,
616 2074 737 2119 Magni
771 2075 965 2107 Iustiniani
1002 2086 1101 2107 uxor.
1161 2075 1262 2107 Alius
1295 2085 1416 2107 versus
1452 2073 1675 2106 occidentem
1701 2084 1722 2106 a

289 2117 434 2157 (lextra,
476 2132 495 2153 e
528 2131 703 2153 marmore
737 2121 866 2154 coloris
901 2121 996 2152 rosei
1029 2120 1178 2153 maculis
1207 2120 1388 2159 distincti,
1432 2120 1644 2159 Docimino,
1680 2119 1722 2154 in

287 2176 359 2210 quo
405 2165 499 2198 iacet
531 2165 717 2206 Eudocia,
761 2177 851 2198 uxor
890 2167 1084 2199 Iustiniani
1120 2167 1271 2199 Minoris
1313 2166 1422 2213 [alias
1458 2165 1722 2211 Rhinotmeti}

285 2211 387 2245 Alius
414 2222 432 2244 e
458 2212 611 2246 candido
641 2223 816 2245 marmore
841 2213 1098 2253 proconnesio,
1126 2214 1164 2245 in
1189 2223 1262 2258 quo
1287 2213 1381 2245 iacet
1404 2213 1625 2245 Iustinianus
1649 2213 1724 2245 Mi-

285 2269 362 2291 nor.
411 2258 532 2297 Alius,
570 2260 828 2292 Proconnesius
861 2259 969 2299 item,
1010 2260 1048 2291 iu
1075 2269 1146 2303 quo
1173 2258 1267 2292 iacet
1287 2258 1442 2303 Sophia,
1473 2271 1564 2292 uxor
1590 2259 1722 2294 lustini

290 2304 484 2358 [Minox-is}
510 2305 610 2338 Alius
637 2316 656 2337 e
683 2305 835 2338 candido
862 2317 1034 2337 marmore
1054 2306 1258 2346 Docimino‚
1286 2306 1404 2339 colore
1431 2305 1635 2350 Onychiten
1660 2317 1720 2338 re-

287 2355 449 2392 terente,
489 2352 526 2383 in
558 2362 630 2396 quo
665 2353 759 2385 iacet
790 2352 974 2385 Heraclius
1004 2353 1164 2396 Magnus.
1221 2352 1321 2386 Alius
1354 2352 1502 2393 viridis,
1542 2363 1719 2387 marmore

287 2397 483 2439 Thessalo,
515 2398 554 2430 in
583 2409 655 2444 quo
681 2399 774 2430 iacet
785 2398 896 2430 Fabia
912 2425 921 2438 ,
945 2411 1032 2432 uxor
1058 2399 1224 2431 Heraclii.
1273 2398 1373 2432 Alius
1400 2411 1418 2432 e
1443 2409 1619 2432 marmore
1630 2400 1720 2433 Pro-

287 2445 476 2486 connesio,
501 2445 733 2477 Constantini
759 2445 941 2488 pogonati.
990 2445 1090 2478 Alius
1118 2456 1136 2477 e
1162 2456 1337 2477 marmore
1361 2446 1469 2479 viridi
1489 2445 1719 2487 Thessalico,

286 2492 325 2523 in
360 2502 432 2536 qno
466 2491 533 2528 sita
567 2496 620 2523 est
642 2492 792 2532 Fausta,
830 2503 918 2525 uxor
945 2491 1172 2525 Constantini
1199 2492 1380 2537 pogonati.
1437 2493 1538 2526 Alius
1571 2503 1590 2525 e
1620 2503 1719 2526 mar-

285 2549 384 2571 more
416 2538 617 2582 Sagarino,
671 2537 709 2570 in
747 2549 818 2582 quo
858 2539 947 2571 situs
984 2543 1038 2571 est
1069 2538 1345 2579 Constantinus,
1386 2550 1498 2583 nepos
1537 2539 1716 2580 Heraclii,

285 2590 388 2628 pater
419 2584 648 2618 Constantini
681 2584 865 2628 pogonati.
922 2585 1022 2618 Alius
1059 2595 1078 2616 e
1114 2595 1290 2618 marmore
1327 2586 1499 2630 Sagarino
1543 2584 1718 2620 hecaton-

283 2631 416 2664 talitho
450 2643 511 2664 sen
546 2631 794 2672 mufficolore,
829 2631 867 2663 in
903 2643 975 2676 quo
1009 2632 1099 2664 situs
1137 2636 1192 2664 est
1225 2631 1453 2672 Anastasius,
1489 2631 1578 2665 alias
1613 2633 1718 2666 Arte-

283 2679 378 2710 mius
407 2677 534 2710 dictus.
582 2677 682 2711 Alius
708 2689 727 2711 e
752 2689 924 2711 marmore
950 2678 1247 2722 Hierapolitan0‚
1280 2679 1317 2710 in
1349 2690 1425 2724 quo
1447 2679 1515 2711 sita
1540 2683 1594 2712 est
1618 2679 1718 2712 eius-

284 2723 367 2756 dem
391 2724 571 2759 Anastasii
595 2724 746 2758 Artemii
772 2735 872 2763 uxor,
918 2725 1020 2759 Alius
1046 2735 1065 2758 e
1090 2735 1265 2759 marmore
1290 2726 1549 2766 proconnesio,
1579 2726 1618 2759 in
1642 2736 1715 2771 quo
