1878 3112
344 73 381 138 4
393 92 410 125 ι
424 71 457 127 8
612 88 965 131 CONSTANTINI
1005 88 1484 130 PoRPHYRoGENm

346 192 452 231 mot
475 191 549 231 καί
575 187 596 230 ὅ
626 191 844 236 ἐπίσκοπος
871 187 915 229 ἐν
943 189 1000 245 τῷ
1044 185 1223 244 πορτίκῳ
1263 190 1320 246 τῷ
1361 186 1442 243 πρὸ
1483 190 1560 229 τοῦ
1595 189 1776 243 μεγάλου

347 257 574 310 τρικλίνου,
619 253 641 294 ὅ
671 255 716 294 δὲ
745 255 875 307 δῆμος
915 253 961 294 ἐν
987 255 1042 309 τῷ
1068 252 1222 309 ἱππικῷ
1264 255 1311 294 ἐν
1337 259 1421 302 τοῖς
1449 254 1570 303 ἰδίοις
1596 254 1779 309 μέρεσιν,

348 318 386 361 οἱ
425 320 471 360 δὲ
515 321 764 374 στρατιῶται
798 317 873 359 καί
907 318 1029 359 aziz-ol
1069 319 1113 359 ἐν
1149 318 1204 374 τῷ
1241 316 1394 375 ἱππικῷ
1421 318 1465 359 ἐν
1502 319 1561 375 τῷ
1588 318 1776 371 στάματι.

346 387 419 426 καί
444 382 595 432 πάντες
622 384 901 437 συναχθέντες
929 380 1132 436 ἐξεβόων,
1161 383 1240 423 τοῦ
1267 381 1467 436 λειψάνου
1495 381 1558 424 ἔτι
1584 381 1667 425 ἔσω
1694 400 1779 429 κει-

345 449 488 502 μένου.
543 450 729 490 συνεῖδον
758 443 832 489 οὖν
860 446 899 489 οἶ
926 442 1127 503 ἄρχοντες
1159 445 1383 503 Ἀριάδνην
1423 445 1499 502 την
1544 450 1617 503 τῆς
1658 449 1804 499 θείας5

346 511 495 569 λήξεως
524 509 758 567 αὔγούσταν
795 513 986 554 ἀνελθεῖν
1033 515 1094 563 εἷς
1120 510 1168 554 τὰ
1213 510 1381 555 ἱππικὸν
1427 512 1502 555 καί
1529 515 1780 569 προσφωνῆ-

347 595 419 620 σαι
446 580 502 634 τῷ
531 577 660 635 δήμῳ.
715 577 788 620 καί
813 577 864 633 δὴ
895 579 1073 632 ἀνῆλθεν
1100 577 1316 633 φορέσασα
1345 577 1421 633 τὴν
1446 577 1667 633 χλαμύδα,
1708 579 1783 621 καί

153 653 333 699 Ed.L.243
348 645 620 697 συνεισῆλθον
647 642 756 700 αὐτῇ
785 643 822 684 οἱ
851 641 925 685 δύο
953 640 1218 699 πραιπόσιτοι
1251 643 1324 683 καί
1356 642 1380 691 ἆ
1406 641 1630 699 μάγιστρος
1655 645 1729 687 καὶ
1755 640 1778 684 ὅ

345 708 594 764 καστρήσιος
622 708 695 749 καί
720 708 741 756 ὃ
770 711 976 764 κυαίστωρ
1006 709 1080 750 καί
1106 708 1142 749 οἱ
1164 703 1281 749 ἄλλοι
1307 707 1466 760 πάντες,
1493 705 1586 751 ὅσοι
1611 707 1709 758 ἔθος
1735 707 1779 750 ἔ-

341 789 493 828 χουσιν
521 776 775 829 συνθεωρεῖν
801 776 856 830 τῷ
885 778 1055 827 βασιλεῖ
1078 775 1122 816 ἐν
1149 779 1242 821 ταῖς
1270 772 1583 829 ἱπποδρομίαις.
1615 788 1833 816 συνεισ-ιο

346 842 476 893 ἦλθον
516 839 562 880 δὲ
601 840 644 879 ἐν
681 841 736 897 τῷ
763 838 915 896 ἱππικιιό
943 838 1016 879 καί
1041 837 1353 894 κουβουκλάριοι
1383 835 1511 892 ὀλίγοι
1536 840 1612 880 τοῦ
1625 840 1781 895 μέρους

348 900 500 958 αὐτῆς,
555 899 603 944 οὔ
634 902 719 958 μην
748 900 849 946 ἄλλα
888 903 960 945 καί
986 901 1006 945 ὁ
1035 900 1356 958 ἆρχιεπίσκοπος
1384 901 1782 946 Κωνσταντινουπό-

347 973 461 1020 λεως,
495 965 726 1024 Εὖφήμιος.
783 967 820 1010 οἱ
851 970 895 1010 δὲ
927 964 1043 1010 ἄλλοι
1075 964 1273 1024 ἄρχοντες
1299 966 1458 1023 ἐμπρός
1486 966 1684 1023 ἔστησαν,
1713 966 1782 1011 ἔν-

346 1037 405 1075 θα
435 1032 473 1075 οἱ
501 1032 738 1089 κούρσωρες
765 1035 811 1075 ἐν
837 1035 892 1091 τῷ
920 1036 1123 1092 καγκέλλῳ
1137 1067 1149 1086 ,
1193 1033 1267 1074 καί
1291 1035 1336 1075 ἐν
1363 1039 1448 1082 τοῖς
1473 1029 1652 1088 βάθροις
1678 1034 1779 1075 κατὰ

153 1096 474 1157 Μ,,,64,3τάξιν,
503 1096 543 1138 οῖ
568 1099 646 1150 μὲν
669 1100 997 1155 χαρτουλαρικοί
1021 1101 1066 1141 ἐκ
1094 1101 1178 1140 τῶν
1211 1100 1366 1150 δεξιῶν,
1396 1096 1434 1139 οἱ
1463 1099 1509 1139 δὲ
1536 1105 1832 1153 στρατιωτι-ιό

348 1162 415 1204 κοί
439 1165 484 1206 ἐκ
513 1165 596 1204 τῶν
624 1159 864 1218 ἀριστερῶν.
919 1166 994 1204 καί
1018 1163 1075 1212 ὥς
1116 1162 1213 1218 ἔστη
1242 1163 1269 1217 ἦ
1308 1160 1515 1217 αὖγούστα
1553 1161 1626 1204 καὶ
1649 1161 1780 1218 ἐφάνη

350 1230 410 1284 τῷ
438 1229 567 1286 δήμῳ,
596 1226 743 1276 πάντες
769 1227 969 1283 ἔκραξαν·
1024 1225 1248 1283 ,,Ἀριάδνη
1278 1227 1514 1281 αὕγούστα,
1560 1226 1614 1269 σύ
1644 1229 1782 1284 νικᾷς·

312 1293 507 1347 Βεῦσεβῆ
533 1290 689 1349 Κύριε,
720 1292 827 1348 ζωην
854 1294 958 1349 αὐτῇ
970 1295 1004 1321 ·”
1060 1295 1131 1334 καί
1156 1291 1351 1341 πολλάκις
1378 1290 1423 1333 τὸ
1450 1290 1639 1347 ,,Κύριε,
1667 1295 1783 1348 ἐλέη-

350 1359 444 1400 σον”
473 1353 610 1411 εἶπον,
653 1357 811 1410 „noim
839 1357 890 1400 τὰ
929 1357 1001 1413 ἔτη
1039 1360 1111 1413 τῆς
1151 1357 1403 1412 αὖγούστης·
1459 1355 1679 1413 ὄρθόδοξον
1703 1361 1784 1411 βα·-

351 1423 468 1464 σιλέα
494 1423 546 1479 τῇ
574 1424 839 1480 οἰκουμένῃ.”
892 1423 919 1477 ἦ
961 1424 1008 1465 δὲ
1044 1420 1255 1477 αὔγούστα
1292 1421 1614 1479 προσεφώνησεν
1642 1423 1839 1472 αὕτοῖςαο

354 1485 424 1529 διὰ
453 1486 722 1544 λιβελλησίων
759 1488 804 1539 ἐξ
841 1489 976 1530 αὐτῶν
1009 1490 1092 1530 τῶν
1129 1485 1312 1543 βάθρων.
1370 1487 1392 1529 ὃ
1419 1486 1496 1544 γὰρ
1525 1485 1784 1542 λιβελλήσιος

354 1553 399 1594 ἐν
430 1548 571 1601 αὐτοῖς
598 1558 684 1609 τοῖς
705 1554 882 1609 βάθροις
905 1551 1120 1607 ἱστάμενος
1150 1554 1195 1595 ἐν
1215 1555 1271 1610 τῷ
1299 1554 1503 1611 καγκέλλῳ
1531 1551 1690 1609 ἐμπρός
1710 1555 1784 1608 τῆς

356 1720 482 1754 magno
516 1709 676 1742 triclinio
700 1714 890 1754 praetensa
924 1715 987 1743 est.
1024 1709 1178 1754 Populus
1202 1714 1322 1742 autem
1356 1707 1541 1753 [proximo
1576 1717 1680 1740 mane
1742 1708 1783 1740 iu

354 1754 540 1799 hippicum
563 1755 816 1797 conveniebat,
842 1766 1013 1802 suamque
1038 1758 1192 1801 quisque
1214 1756 1403 1789 stationem
1428 1753 1634 1797 occupabat.
1721 1753 1784 1786 ili-

356 1806 411 1833 tes
445 1803 580 1844 pariter
610 1802 648 1834 in
672 1801 819 1847 hippico
856 1803 896 1835 in
930 1807 1077 1836 stamate
1115 1802 1318 1837 adstabant.
1366 1802 1412 1834 Hi
1436 1800 1636 1844 congregati
1657 1810 1785 1843 magna

356 1857 438 1881 cum
449 1848 704 1880 vociferatione
729 1854 766 1881 et
786 1849 941 1882 tumultu
970 1860 1102 1882 novum
1125 1850 1376 1893 Imperatorem
1396 1846 1626 1892 flagitabant,
1650 1845 1784 1878 mortui

358 1891 530 1936 supremis
552 1893 711 1927 nondum
735 1894 901 1928 humatis.
948 1896 1115 1928 Unanimi
1139 1906 1314 1928 consensu
1340 1893 1450 1938 igitur
1472 1891 1674 1926 suadebant
1697 1902 1784 1935 pro-

357 1950 454 1972 ceres
479 1939 675 1980 Ariadnae,
701 1940 844 1974 divinae
869 1943 973 1974 sortis
998 1941 1196 1986 Augustae,
1221 1946 1262 1973 ut
1286 1940 1495 1973 ascenderet
1515 1939 1555 1970 in
1578 1937 1783 1982 hippicum,

357 1985 484 2030 ibique
528 1987 701 2032 populum
737 1988 990 2032 alloqueretur.
1053 1987 1277 2020 Ascendebat
1308 1998 1389 2030 ergo
1427 1985 1510 2025 iila,
1551 1983 1783 2028 imperatoria

358 2030 546 2074 chlamyde
572 2033 721 2073 induta,
752 2034 791 2066 in
813 2034 984 2066 comitatu
1009 2033 1194 2066 amborum
1227 2033 1512 2078 praepositorum
1542 2035 1578 2062 et
1599 2030 1782 2072 magistri,

358 2077 444 2109 item
470 2080 656 2111 castrensis
681 2084 718 2111 et
744 2079 940 2124 quaestoris
971 2079 1201 2124 omniumque
1228 2079 1469 2123 reliquorum,
1494 2086 1583 2121 quos
1607 2086 1679 2108 una
1701 2086 1783 2108 cum

357 2124 575 2167 Imperatore
598 2130 756 2168 spectare
780 2126 971 2158 certamina
998 2127 1179 2170 equestria
1203 2135 1277 2156 mos
1306 2129 1370 2158 est.
1418 2122 1691 2168 Comitabantur
1717 2133 1782 2155 eo-

358 2168 439 2201 dem
469 2181 613 2214 quoque
637 2172 744 2213 pauci
769 2171 914 2215 quidam
940 2170 1151 2204 cubicularii
1177 2169 1222 2202 de
1246 2175 1345 2214 parte
1371 2180 1433 2212 seu
1455 2169 1660 2201 comitativa
1685 2169 1782 2211 eius3

356 2215 442 2248 item
472 2215 789 2260 Archiepiscopus‚
824 2218 886 2262 qui
921 2222 995 2249 tum
1033 2222 1128 2256 erat,
1166 2214 1526 2259 Constantinopoleos
1550 2213 1782 2259 Euphemius.

358 2261 478 2293 Ceteri
513 2268 630 2294 autem
662 2273 825 2306 proceres
859 2274 978 2295 coram
1002 2265 1040 2296 in
1078 2267 1271 2306 conspectu
1295 2262 1471 2294 Dominae
1494 2259 1683 2294 adstabant
1707 2260 1782 2301 ibi,

358 2307 421 2339 ubi
461 2318 618 2340 cursores
649 2313 741 2341 stare
778 2309 913 2348 solent,
948 2308 992 2341 ad
1027 2309 1200 2341 cancellos
1235 2309 1331 2340 etin
1369 2306 1537 2351 gradibus
1586 2306 1783 2340 secundum

359 2352 568 2396 dignitatum
594 2353 755 2397 ordines3
780 2354 1007 2388 chartularici
1033 2355 1177 2400 quidem
1201 2353 1276 2398 [seu
1303 2353 1481 2386 scriniarii
1503 2353 1563 2386 vel
1587 2353 1712 2399 togati]
1737 2351 1784 2385 ad

360 2399 531 2440 dextram,
552 2400 726 2433 militares
756 2405 875 2440 autem
894 2399 939 2433 ad
961 2401 1153 2439 sinistram.
1180 2401 1226 2433 Ut
1255 2400 1378 2445 itaque
1399 2405 1493 2432 stans
1524 2400 1682 2443 Augusta
1705 2408 1783 2431 sese

357 2446 490 2490 populo
504 2446 734 2486 monstrabat,
756 2446 1001 2479 exclamabant
1023 2446 1167 2479 omnes:
1187 2444 1350 2481 Ariadne
1377 2447 1561 2490 Augusta,
1581 2454 1622 2478 tu
1641 2445 1785 2481 vincas.

357 2492 421 2524 Pie
431 2493 597 2532 Domine,
623 2493 738 2526 vitam
764 2493 835 2538 ipsi
854 2493 1001 2538 longam
1022 2492 1182 2536 indulge.
1208 2492 1356 2534 Saepius
1369 2492 1491 2527 etiam:
1513 2492 1630 2534 Kyrt'e
1640 2491 1784 2525 eleekon

357 2536 548 2579 iterabant,
564 2544 621 2571 et:
646 2538 782 2575 Multos
800 2551 918 2572 annos
937 2543 1118 2584 Augustae
1127 2540 1142 2572 .’
1177 2537 1421 2573 Orthodoxum
1435 2539 1690 2583 Imperatorem
1702 2535 1784 2569 orbi

358 2591 537 2626 terrarum
559 2583 813 2630 [flagz'tamus].
840 2586 941 2618 Tunc
954 2587 1108 2630 Augusta
1125 2596 1238 2629 poros
1250 2585 1452 2618 libellensis
1464 2584 1503 2616 in
1515 2584 1602 2628 ipsis
1616 2581 1782 2628 gradibus

357 2630 452 2662 intra
482 2631 678 2666 cancellum
719 2641 835 2664 coram
868 2633 955 2665 sella
976 2633 1033 2666 vel
1057 2631 1187 2665 throno
1220 2631 1418 2676 imperiali,
1454 2629 1508 2662 ibi
1531 2629 1595 2663 ubi
1623 2637 1781 2663 cursores
