1878 3112
322 91 437 157 466
605 108 867 149 APPEme
906 106 981 147 An
1019 107 1225 148 Limum
1262 108 1476 149 PmMUM

323 209 466 258 σιλεὺς
495 210 567 252 ἐπὶ
592 207 764 263 Συρίαν,
789 206 842 251 τιὶ
870 209 1054 262 σκαμνιά
1082 207 1156 250 καί
1179 206 1228 251 τὰ
1257 209 1463 264 τραπέζια
1491 207 1566 251 καὶ
1589 208 1667 259 τὰς
1692 225 1767 251 πε·-

323 274 461 330 ριττάς
487 279 629 322 τὲντας
658 276 730 315 καί
755 272 830 329 τὴν
856 276 960 327 μίαν
987 273 1131 330 κόρτην
1165 271 1485 329 παραλαμβάνει
1513 274 1536 315 ὅ
1565 273 1668 317 κατὰ
1694 274 1769 318 τὸν

323 338 450 382 τόπον
478 337 826 395 πρωτονοτάριος,
867 339 941 381 καί
967 335 1072 381 ὅπου
1101 338 1320 396 προστάξει
1348 339 1370 382 ὃ
1395 339 1619 393 βασιλεὺς,
1663 341 1769 382 ἄπο-

325 408 490 459 τίθησιν
516 402 624 446 αὕτα
644 435 655 445 .
710 403 883 461 λουτρὸν
918 404 1161 462 Τούρκικον,
1206 400 1335 460 ἤγουν
1363 404 1571 448 Σκυθικὸν
1599 405 1766 462 τζεργά,

292 470 433 524 Βμετὰ
471 472 705 527 κινστέρνης
745 470 990 527 δερματινης
1026 470 1105 513 ἀπὸ
1145 471 1351 526 ἇὸημίου·
1406 469 1638 525 κουκοῦμια
1676 478 1793 527 τρι-5

322 541 501 592 μετραῖα
530 533 606 590 ιβ’·
663 535 914 592 πυρομάχια
941 534 1047 594 λόγῳ
1075 538 1151 578 τοῦ
1183 539 1363 592 λουτροῦ
1390 534 1445 590 ιβ’
1458 554 1469 564 ·
1522 537 1678 591 βίσαλα
1707 539 1767 587 εἰς

323 600 370 642 τὸ
400 604 611 655 καμίνιον,
648 601 881 658 κραββάτια
909 599 1114 645 συστελτὰ
1131 619 1143 629 ·
1201 603 1418 657 ἐκκλησίαν
1444 602 1667 658 βασιλικήν
1691 620 1768 656 με·-

321 666 374 709 τὰ
402 666 546 724 ἱερῶν.
602 667 737 710 ἰστέον
764 670 833 723 δὲ,
873 663 938 711 ὅτι
976 666 1026 710 τὰ
1053 666 1149 724 ἱεροὶ
1180 668 1341 724 ὀφείλει
1367 666 1591 723 βαστάζειν
1617 669 1639 711 ὃ
1670 685 1767 726 πρι-

322 733 516 790 μικήριος
543 737 618 776 τοῦ
650 735 907 792 βεστιαρίου.

413 849 484 892 Διὰ
519 858 589 891 τοῦ
617 857 813 892 οῖκειακοῦ
836 857 1043 903 βασιλικοῦ
1069 859 1285 906 βεστιαρίου
1311 859 1376 892 καὶ
1403 858 1479 894 τῶν
1501 855 1579 893 ἀπὸ
1605 859 1674 892 τοῦ
1772 870 1821 898 10

465 927 647 964 κοιτῶνος
665 926 877 974 διδομένων
894 928 948 965 εἰς
971 926 1169 974 φόρτωσιν
1191 928 1259 962 τοῦ
1284 925 1402 962 αὐτοῦ
1420 928 1619 973 βασιλικοῦ

289 1004 318 1038 c
799 998 1018 1041 βεστιαρίου
1045 993 1244 1042 σαγμιῖρια
1268 994 1310 1029 λ’.

429 1070 489 1113 Ἡ
522 1071 719 1127 βασιλική
763 1075 877 1114 πᾶσα
919 1073 1130 1129 οἷμφιάσις
1172 1074 1247 1115 καί
1275 1072 1302 1128 ἧ
1334 1071 1456 1128 λοιπὴ
1486 1069 1697 1124 ἔξόπλισις
1723 1073 1768 1114 ἕν

324 1138 561 1192 σκευαρίοις
588 1139 876 1190 ἐνδεδυμένοις
905 1139 960 1179 δι’
992 1135 1202 1192 ἀληθινῶν
1239 1139 1450 1194 τομαρι’ων
1484 1140 1559 1180 καί
1582 1136 1768 1192 σιδήρων

322 1205 517 1256 γανωτῶν
543 1202 649 1255 μετὰ
675 1205 748 1244 καί
769 1205 1072 1258 χαρταλαμίων
1115 1204 1267 1256 ὁμοίως
1307 1205 1503 1258 γανωτῶν
1533 1202 1604 1245 διὰ
1631 1202 1676 1245 τὸ
1705 1205 1820 1252 εἶςι5

175 1280 276 1315 Ms.8.
294 1267 378 1310 ατὰ
405 1265 622 1323 σαγμοὶρια
650 1266 944 1322 βαστάζεσθαι.
998 1266 1291 1325 ψυχριστάρια
1320 1269 1484 1324 ἀργυρᾶ
1509 1267 1617 1322 μετὰ
1646 1270 1769 1311 ἐνδυ-

324 1332 464 1388 μάτων
493 1336 553 1383 εἷς
581 1333 778 1389 οἰνάνθην
806 1333 878 1375 καί
903 1335 962 1384 εἰς
991 1333 1260 1390 ῥοὸόσταγμα
1287 1334 1360 1376 καὶ
1386 1336 1446 1383 εἰς
1473 1333 1596 1390 νερὸν
1621 1333 1682 1388 η’·
1723 1335 1768 1385 ἐξ

325 1396 467 1441 αὐτῶν
495 1400 554 1448 εἰς
583 1397 777 1454 οἰνάνθην
805 1395 965 1454 ἆσπρον
991 1399 1145 1456 μικρὸν
1173 1399 1224 1452 α’,
1253 1402 1312 1449 εἰς
1342 1399 1610 1456 ῥοδόσταγμα
1637 1399 1768 1454 μεγά-

324 1467 380 1505 λα
410 1463 511 1518 δύο,
555 1465 616 1513 εἰς
657 1463 777 1519 νερὸν
803 1462 963 1517 μεγάλα
991 1466 1041 1506 δ’.
1096 1463 1295 1520 βεὸούρια
1342 1463 1508 1521 ἀργυρᾶ·
1550 1465 1610 1514 εἷς
1648 1463 1768 1521 νερὸν

328 1634 400 1666 lius
424 1632 495 1666 loci
511 1657 521 1673 ‚
545 1642 565 1665 e
591 1643 662 1677 quo
689 1630 892 1666 identidem
924 1632 1134 1666 immediate
1169 1634 1208 1666 in
1244 1632 1422 1666 hosticum
1449 1630 1610 1673 excedit3
1636 1635 1674 1665 et
1697 1631 1765 1665 iste

328 1679 599 1724 protonotarius
635 1689 676 1711 ea
721 1679 874 1723 deponit
914 1679 967 1712 ibi
1002 1680 1183 1720 locorum,
1215 1680 1279 1712 ubi
1313 1680 1429 1712 iussus
1465 1679 1510 1712 ab
1545 1679 1764 1722 Imperatore

329 1726 442 1759 fuerit
465 1725 655 1769 deponere.
706 1725 826 1758 Debet
860 1737 968 1770 porro
1001 1732 1228 1759 mensuratur
1251 1737 1397 1771 quoque
1423 1736 1543 1758 secum
1568 1726 1661 1758 serre
1685 1724 1766 1757 bal-

329 1783 438 1805 neum
465 1772 656 1805 Turcicum
680 1778 743 1804 aut
767 1771 971 1815 Scythicum
1009 1778 1127 1818 tzerga
1163 1784 1242 1805 cum
1282 1773 1435 1806 cisterna
1461 1777 1597 1805 scortea
1616 1782 1660 1804 ex
1677 1770 1766 1804 ade-

330 1820 404 1852 mio
434 1818 522 1866 [seu
549 1819 645 1851 corio
683 1817 848 1863 parthico
873 1820 932 1852 vel
956 1819 1137 1853 corduano
1162 1819 1312 1866 rubro];
1347 1829 1513 1852 cucumas
1539 1829 1602 1851 seu
1626 1817 1766 1851 lebetes

330 1876 461 1898 aeneos
495 1865 707 1906 duodecim,
744 1865 902 1909 singulos
942 1871 1061 1899 ternas
1094 1877 1277 1899 mensuras
1303 1866 1509 1910 capientes,
1533 1863 1767 1909 pyromachia

330 1909 441 1990 ilforoe
467 1911 613 1944 batillos
638 1912 824 1957 gestatiles
861 1917 1003 1945 ansatos
1046 1924 1111 1957 pro
1134 1914 1259 1957 prunis
1295 1911 1505 1945 ardentibus
1541 1906 1762 1955 condendis}

358 1958 521 1990 uodecim
549 1958 587 1990 in
611 1970 715 1991 usum
740 1957 884 2000 balnei;
915 1959 1046 1992 lateres
1070 1970 1135 2003 pro
1162 1960 1320 1999 camin03
1354 1957 1541 2003 grabbatia
1569 1957 1766 2001 complica·-

329 2005 430 2043 tilia,
457 2004 644 2037 ecclesiam
679 2005 903 2049 imperialem
938 2016 1001 2038 seu
1027 2007 1222 2038 oratorium
1246 2005 1417 2049 portatile
1442 2014 1522 2038 cum
1545 2001 1764 2047 imaginibus

331 2055 522 2094 ceteroque
556 2062 655 2084 sacro
693 2052 770 2084 eius
802 2056 986 2096 apparatu.
1035 2051 1142 2085 Sacra
1159 2053 1270 2084 istaec
1285 2062 1405 2084 secum
1433 2050 1527 2083 ferre
1551 2049 1662 2087 dehet
1685 2048 1764 2093 pri·

330 2097 497 2129 micerius
521 2097 693 2130 vestiarii.

378 2207 442 2228 mio
467 2206 612 2228 muvxro
639 2207 740 2229 nscio
768 2207 968 2237 VESTlAmo‚
1003 2207 1190 2236 nni-risque
1223 2208 1242 2228 z
1269 2207 1422 2230 corrone
1451 2205 1495 2230 An
1521 2207 1628 2229 mum
1660 2206 1718 2229 nr-

425 2263 634 2286 srnuznnuu
669 2264 837 2287 oneramus
870 2264 1103 2295 nununms,
1154 2263 1345 2287 nus-niun
1383 2264 1473 2287 sun-r
1507 2261 1674 2287 uentu

965 2322 1141 2349 nimivm.

423 2389 532 2434 Regia
556 2390 672 2423 omnis
695 2390 863 2424 vestiaria
890 2391 1053 2435 supellex
1088 2397 1124 2425 et
1147 2390 1310 2435 reliquus
1337 2401 1379 2423 eo
1404 2390 1590 2435 pertinens
1613 2399 1767 2435 appara-—

331 2439 389 2469 tus
413 2441 575 2480 portatur
602 2437 641 2468 in
665 2438 780 2477 vasis,
815 2448 908 2482 quae
942 2437 1070 2471 induta
1095 2443 1181 2471 sunt
1204 2438 1309 2470 coriis
1338 2438 1509 2481 purpurei
1535 2436 1664 2470 coloris
1690 2436 1765 2470 fer·

333 2482 538 2527 mentisque
587 2483 711 2528 politis
760 2489 797 2516 et
832 2483 1071 2517 chartalamiis
1106 2482 1188 2529 [seu
1217 2484 1415 2517 manubriis
1449 2494 1468 2516 e
1493 2482 1614 2516 charta
1637 2493 1768 2527 perga-

332 2529 450 2575 mena}
475 2529 608 2573 pariter
631 2530 776 2574 politis,
803 2541 874 2574 quo
902 2532 1045 2575 possint
1066 2531 1106 2563 in
1130 2531 1298 2574 sagmaria
1321 2531 1482 2563 iumenta
1507 2527 1635 2562 attoni.
1675 2529 1765 2563 Per-

332 2575 453 2608 tinent
477 2575 602 2608 eodem
625 2575 878 2620 psychristaria
903 2578 962 2610 vel
984 2577 1134 2611 cellulae
1170 2577 1378 2621 frigidariae
1403 2581 1592 2621 argenteae
1618 2579 1699 2608 octo
1722 2575 1764 2608 in

335 2622 504 2655 coriaceis
530 2622 602 2655 suis
627 2623 841 2661 involucris,
878 2623 1010 2668 quibus
1053 2621 1233 2656 oenanthe
1283 2625 1411 2668 [genus
1437 2621 1587 2666 aliquod
1611 2621 1768 2654 odoratu·

334 2668 450 2701 suavis
473 2674 510 2702 et
534 2669 636 2702 sortis
660 2670 867 2716 unguentiJ,
890 2681 957 2703 nec
982 2681 1056 2704 non
1082 2668 1332 2714 rhodostagma
1377 2668 1453 2714 [seu
1485 2679 1577 2714 aqua
1603 2676 1762 2701 rosarum
