1878 3112
887 0 921 34 Ο

275 62 386 130 454
547 83 808 123 APPENDIX
847 82 921 121 AD
961 83 1162 122 LlBRUM
1199 85 1411 125 PmMUM

285 200 365 225 στα
395 182 599 225 ἐσκόπουν
625 181 722 231 τοὺς
759 184 984 234 μέλλοντας
1011 182 1286 239 προσφεύγειν
1325 187 1385 234 εἷς
1410 184 1505 234 τούς
1532 185 1724 241 ἐχθρούς.

276 248 548 303 περιεπάτουν
595 249 642 288 δὲ
686 245 832 296 πάντες
870 249 1085 289 τοσοῦτον.
1116 248 1342 303 ιῖπέχοντες
1377 252 1452 292 τοῦ
1488 249 1721 306 φοσσάτου,

236 308 384 356 Εῶστε
424 312 482 367 μὴ
523 310 862 367 ἀποκρύπτεσθαι
905 313 950 362 ἐξ
992 309 1133 356 αὗτῶν
1173 313 1244 356 διὰ
1271 316 1346 364 τὰς
1384 312 1607 368 ἐπιβουλὰς
1643 317 1726 357 τῶν

276 379 462 432 ἐχθρῶν,
504 376 576 418 καί
603 373 700 418 ὅσον
728 375 902 419 δυνατόν
930 379 1020 419 ἐστι
1057 382 1462 435 προευτρεπισθῆναι
1487 378 1534 422 τὸ
1564 377 1724 436 ‹poemi-

274 459 346 484 τον
374 445 435 491 εἰς
472 440 702 497 ἀπάντησιν
739 445 820 485 τῶν
847 445 1016 499 ἐχθρῶν
1051 442 1134 485 ὖπὸ
1161 443 1318 488 τούτων
1357 447 1630 500 μήνυθέντας.
1685 443 1749 490 οἱ5

278 511 325 552 δὲ
352 511 428 550 τοῦ
454 510 660 564 βασιλέως
688 509 935 564 προέχοντες
962 510 1118 552 ἐκείνου
1147 513 1308 563 μᾶλλον
1337 509 1523 567 ὑπῆρχον
1547 513 1622 554 τοῦ
1647 512 1724 553 θέ-

273 592 428 629 ματος,
471 575 514 616 οἳ
539 574 787 630 ἐπλησίαζον
824 577 873 631 τῇ
899 577 984 618 τῶν
1021 577 1191 631 ἐχθρῶν
1217 579 1270 634 γῇ
1307 576 1378 619 διὰ
1405 576 1451 620 τὸ
1478 577 1552 620 καί
1577 583 1724 634 πεῖραν

275 640 386 694 ἔχειν
426 640 583 689 αὐτοὺς
623 643 704 683 τῶν
746 657 790 682 τε
829 640 938 683 ὁδῶν
980 642 1157 684 καὶτῶν
1193 644 1348 685 λοιπῶν
1383 643 1521 685 τόπων
1554 643 1636 685 τῶν
1681 645 1725 685 ἐ-

274 707 435 762 χθρῶν,
480 705 552 748 καί
577 705 641 748 ἔτι
666 705 740 762 τὴν
769 712 916 763 πεῖραν
943 709 1025 749 τῶν
1052 708 1359 764 ἐνεδρευμάτων
1398 701 1576 750 καῖ’τῶν
1602 709 1724 750 πολέ-

273 788 367 824 μων
402 773 558 814 αὕτῶν.
615 771 764 822 αὐτοὺς
793 775 839 815 δὲ
868 775 941 815 καί
965 773 1063 822 τούς
1103 773 1449 829 ὀπισθοφύλακας
1476 771 1776 829 ἐνήλλαττονιῡ

237 835 356 878 Daui
397 836 470 879 τὸν
510 841 700 879 πλεῖστον
726 837 862 881 κόπον.
918 839 968 879 οὖ
1006 836 1087 895 γὰρ
1131 839 1205 893 τὴν
1239 835 1411 880 εὗθείαν
1451 838 1724 895 περιεπάτουν

274 901 414 956 αὐτοὶ,
457 900 560 945 ἄλλα
588 903 663 959 τὴν
697 906 960 961 τραχυτέραν
988 906 1062 946 καί
1089 904 1388 959 δυσεπιβατον·
1446 901 1554 946 οὕτω
1584 906 1631 946 δὲ
1658 920 1723 945 κι-

273 966 482 1022 νούμενοι,
507 967 584 1018 τὰς
613 971 764 1017 νύκτας
791 972 1205 1026 περιχαρακωθέντες
1224 970 1299 1012 καί
1321 969 1396 1025 τὴν
1423 967 1552 1024 ἄλλην
1583 969 1724 1025 οἶσφά-

274 1037 390 1075 λειαν
417 1034 663 1088 ποιήσαντες
690 1033 761 1077 aaa·
789 1035 886 1084 τοὺς
913 1038 1265 1091 νυκτοπολέμους,
1294 1035 1560 1078 ἀνεπαύοντο.

274 1177 366 1211 bant
393 1189 413 1210 a
445 1179 595 1219 fossato,
638 1183 681 1211 ut
709 1189 896 1224 nunquam
932 1181 1005 1212 suis
1035 1184 1136 1214 extra
1166 1185 1396 1225 conspectum
1434 1185 1573 1222 essent3
1609 1180 1721 1225 idque

276 1224 414 1270 duplici
444 1226 606 1265 ratione,
639 1236 685 1258 ne
717 1225 856 1258 scilicet
881 1226 951 1270 ipsi
979 1227 1139 1258 hostium
1163 1232 1332 1270 paterent
1353 1226 1515 1267 insidiis,
1547 1227 1721 1260 fossatum

275 1281 359 1304 vero
373 1297 382 1311 ,
407 1271 452 1304 ab
472 1272 545 1304 illis
565 1271 609 1304 de
631 1270 736 1305 hoste
755 1271 970 1306 imminente
995 1273 1220 1306 admonitum
1235 1299 1245 1313 ‚
1269 1284 1344 1306 sese
1366 1277 1506 1306 mature
1532 1273 1647 1318 possit
1664 1273 1719 1305 illi

277 1318 492 1362 excipiendo
515 1327 732 1363 comparare.
781 1318 856 1363 Qui
887 1319 1032 1352 tandem
1058 1330 1177 1352 coram
1212 1321 1432 1364 Imperatore
1453 1320 1617 1364 proxime
1643 1330 1720 1351 am—

275 1363 467 1406 bularent,
490 1370 593 1398 erant
618 1376 662 1399 ex
683 1365 749 1397 illo
770 1364 999 1409 potissimum
1018 1365 1175 1399 themate
1194 1367 1252 1399 vel
1274 1365 1459 1406 districtu,
1495 1367 1560 1411 qui
1580 1365 1721 1400 hostico

274 1410 461 1454 proximus
484 1417 588 1445 esset.
636 1410 747 1444 Periti
775 1411 872 1444 enim
895 1417 998 1446 erant
1014 1417 1050 1445 et
1073 1413 1212 1445 viarum
1226 1438 1235 1453 ‚
1260 1424 1324 1458 per
1345 1423 1434 1458 quas
1455 1412 1576 1446 hostes
1601 1417 1638 1445 et
1661 1413 1721 1446 in-

275 1457 406 1490 vadere
427 1461 464 1490 et
488 1467 609 1490 rursus
631 1469 670 1490 se
691 1457 892 1491 subducere
911 1463 1081 1502 possent,
1111 1463 1148 1491 et
1173 1460 1356 1500 locorum,
1389 1459 1428 1492 in
1454 1458 1587 1503 quibus
1616 1469 1720 1505 agere

275 1508 463 1543 amarent,
496 1507 532 1535 et
552 1502 763 1542 modorum,
791 1501 926 1547 quibus
948 1509 1011 1536 aut
1034 1504 1204 1546 insidias,
1241 1510 1306 1537 aut
1333 1505 1426 1538 acies
1451 1504 1624 1549 bellaque
1660 1505 1721 1538 in-

277 1553 417 1583 struere
448 1548 618 1582 solerent.
666 1551 709 1583 Iu
737 1549 795 1582 his
831 1554 868 1582 et
902 1551 940 1583 iu
964 1551 1154 1595 postremis
1184 1551 1394 1585 custodibus
1420 1550 1720 1595 permutabantur

257 1586 314 1628 tet
330 1594 600 1629 renovabantur
627 1596 1138 1630 identidemsollicitudinum
1162 1598 1277 1641 vices;
1311 1597 1608 1643 quandoquidem
1632 1597 1723 1630 haec

276 1641 349 1675 duo
372 1652 503 1686 genera
523 1643 723 1688 plurimum
753 1642 916 1676 lahorem
939 1643 1147 1678 tolerarent.
1194 1644 1275 1679 Non
1291 1645 1388 1678 enim
1405 1648 1539 1677 rectam
1562 1648 1599 1677 et
1614 1654 1722 1688 expe-

276 1687 389 1721 ditam
417 1689 532 1729 viam,
564 1689 629 1723 sed
664 1690 884 1734 asperiorem
910 1695 946 1724 et
973 1690 1093 1723 minus
1124 1690 1347 1725 commodam
1386 1690 1500 1724 ibant.
1548 1691 1591 1724 In
1624 1689 1722 1723 hunc

275 1735 423 1768 modum
439 1741 690 1780 promoventes
716 1737 896 1777 interdiu,
937 1737 1085 1770 coibant
1110 1750 1174 1782 per
1198 1742 1341 1772 noctem
1366 1738 1461 1771 intra
1482 1737 1636 1777 vallum,
1662 1747 1721 1769 re-

275 1781 420 1860 {usque
438 1782 649 1817 necessariis
670 1788 794 1818 contra
815 1789 1012 1819 nocturnos
1036 1783 1197 1819 hostium
1218 1785 1378 1832 impetus
1393 1783 1578 1830 praevisis,
1600 1782 1721 1829 capic-

282 1863 285 1866 ⁴
304 1832 367 1862 ant
396 1829 567 1875 quietem.
