1832 3112
287 121 361 178 92
578 121 936 167 CONSTANT1N1
976 97 1460 171 PORPHYROGENl‘rl

288 224 488 280 μνάλιον,
516 224 590 268 καί
611 225 812 268 εἰσελθών
841 226 1066 277 καθέζεται
1091 229 1157 270 ἐπ’
1177 229 1320 270 αὐτοῦ.
1378 227 1404 270 ὅ
1438 230 1486 271 δὲ
1514 229 1736 286 πραιπόσι-

290 307 363 341 τος
383 289 582 334 εἰσελθών
607 292 731 347 δηλοῖ
752 291 808 348 τῶ
831 294 1019 346 βασιλει,
1048 291 1120 334 καί
1138 294 1300 345 ευθέως
1326 293 1348 337 ὅ
1370 294 1568 349 βασιλευς
1596 298 1738 353 φορῶν

291 355 341 400 τὸ
382 356 620 413 διβητήσιον
657 357 816 411 αὐτοῦ,
869 355 1160 414 περιβάλλεται
1194 358 1451 416 τζιτζάκιον,
1494 379 1563 404 και
1596 362 1738 417 λαβών

292 425 427 477 νεῦμα
450 420 471 464 ὃ
491 420 765 478 πραιπὸσιτος
789 421 904 479 παρὰ
925 425 1002 465 τοῦ
1021 427 1251 503 βασιλέως,
1281 427 1492 483 ἐξέρχεται
1513 444 1582 469 και
1607 443 1740 484 προσ-

294 493 480 532 καλεῖται
509 487 577 530 τὸν
594 487 892 569 πατριάρχην,
934 486 955 530 ὃ
985 491 1031 532 δὲ
1060 491 1331 569 πατριάρχης
1346 493 1664 548 έπακουμβίζων
1688 496 1765 552 τῇ5

294 556 371 598 τοῦ
394 555 673 610 πραιποσίτου
694 570 832 610 χειρι,
875 556 1110 611 εἰσέρχεται
1133 572 1177 598 εν
1201 559 1256 615 τῶ
1278 561 1629 617 χρυσοτρικλίνῳ,
1670 575 1742 614 και

297 621 468 674 δέχεται
495 617 622 662 αυτὸν
660 616 681 661 ὅ
706 618 907 675 βασιλευς
935 637 980 663 εν
1014 622 1071 678 τσῦ
1101 622 1216 679 μέσοι
1253 625 1331 664 τοῦ
1358 623 1490 665 αὐτοῦ
1520 623 1744 701 τρικλίνου,

263 688 377 734 Βκαι
416 685 777 743 προσκυνήσαντες
818 686 1054 744 ἀμφότεροι
1094 685 1299 743 ἀλλήλους
1338 706 1409 731 και
1442 688 1746 743 α’σπασάμενοι,

299 769 391 808 ο,τε
417 751 617 807 βασιλευς
658 754 729 794 καὶ
761 751 785 793 ὅ
814 753 1078 809 πατριάρχης
1101 754 1347 805 καθέζονται
1376 753 1482 809 ὁμοῦ
1515 757 1559 798 ἐν
1587 757 1645 814 τῶ
1667 755 1748 797 αὖ-

301 821 362 877 “a‘’
387 817 592 876 τρικλίνῳ.
647 817 962 874 καταλαβούσης
990 820 1036 860 δὲ
1066 821 1138 875 τῆς
1161 816 1276 875 ὧρας
1299 819 1401 877 πρὸς
1429 819 1474 863 τὰ
1505 822 1651 863 δοῦναι
1674 820 1803 877 τὴνιο

303 881 478 941 ἆγάπην,
508 886 770 939 εἰσέρχονται
797 883 835 925 οῖ
857 886 931 926 τοῦ
958 885 1251 938 κουβουκλείου
1281 885 1362 928 ἀπὸ
1387 887 1622 937 κελεύσεως.
1679 887 1754 930 καί

118 950 436 1006 Με.53.1ιοὶμὲν
462 947 662 1007 ἄρχοντες
689 951 765 992 τοῦ
795 951 1090 1004 κουβουκλειόυ
1118 953 1311 995 ἵστανται
1341 952 1465 996 ἔνθεν
1495 951 1659 996 κοῖκεῖσε
1681 955 1752 1010 τῆς

299 1019 462 1075 χρυσῆς
481 1016 689 1073 τραπέζης
724 1017 899 1072 πλησίον
922 1019 1006 1058 τῶν
1040 1020 1213 1073 χρυσαῖν
1243 1021 1419 1073 σκευῶν,
1449 1018 1488 1062 οἱ
1510 1021 1556 1061 δὲ
1584 1023 1753 1063 ona-9⁶2-

304 1081 693 1141 ροκουβικουλάριοι
732 1082 805 1124 καί
843 1082 1182 1140 κουβικουλάριοι
1220 1086 1413 1127 ἵστανται
1454 1079 1630 1129 ὄπισθεν
1669 1087 1753 1128 τῶν

302 1148 490 1194 ἑστώτων
519 1151 563 1192 έν
589 1151 646 1208 τῷ
672 1149 1000 1208 χρυσοτρικλίνῳ
1028 1153 1186 1193 σκευῶν
1218 1149 1338 1194 ἐνθεν
1372 1152 1564 1206 κάκεῖσε,
1605 1150 1676 1195 διά
1701 1150 1806 1196 τὸιό

301 1218 556 1273 χωρηθῆναι
588 1214 686 1266 τους
716 1217 940 1269 μέλλοντας
971 1217 1147 1263 εἰσιέναι
1174 1217 1219 1260 ἐν
1250 1219 1301 1275 τῇ
1327 1215 1465 1275 οἷγάπῃ
1491 1218 1629 1275 ἱερεῖς.
1682 1219 1757 1261 καί

307 1280 330 1324 ὃ
357 1284 436 1335 μὲν
477 1280 677 1336 βασιλευς
725 1283 948 1334 καθέζεται
989 1281 1062 1324 ἐπὶ
1108 1281 1272 1324 σελλίου
1314 1286 1480 1340 χρυσοῦ
1515 1283 1754 1340 ἔμπροσθεν

306 1350 388 1390 τοῦ
408 1348 741 1402 πενταπυργίου,
785 1347 808 1389 ὅ
837 1349 884 1389 δὲ
903 1345 1164 1404 πατριάρχης
1190 1347 1346 1402 ὁμοίως
1375 1351 1449 1393 καί
1475 1348 1601 1400 αὐτὸς
1628 1351 1757 1393 καθέ-

280 1415 437 1466 Οζεται
465 1413 538 1456 ἐπὶ
556 1414 721 1456 σελλιὀυ
753 1415 798 1465 ἐξ
823 1413 1048 1470 ἀριστερᾶς
1075 1416 1150 1456 τοῦ
1172 1417 1403 1468 βασιλέως,
1431 1411 1480 1458 οὗ
1503 1418 1644 1470 μέντοι
1664 1416 1758 1458 ἐπι(-

312 1496 400 1535 σης·
430 1477 468 1521 οἱ
493 1481 539 1521 δὲ
568 1480 763 1533 εὖνοῦχοι
790 1478 1165 1536 πρωτοσπαθάριοι
1187 1481 1375 1523 ἵστανται
1391 1476 1566 1524 ὄπισθεν
1589 1482 1663 1524 τοῦ
1679 1485 1812 1535 [Sa-20

311 1545 461 1595 σιλέως
483 1543 589 1587 κατὰ
607 1544 685 1601 τὴν
705 1545 823 1596 τάξιν
849 1545 997 1588 αὐτῶν.
1044 1543 1186 1600 λαβών
1215 1548 1261 1589 δὲ
1285 1549 1419 1601 νεῦμα
1440 1546 1462 1590 ὅ
1482 1548 1758 1605 πραιπόσιτος

314 1609 433 1666 παρὰ
468 1613 543 1654 τοῦ
574 1613 802 1665 βασιλέως,
841 1612 952 1655 νεύει
985 1614 1043 1671 τῷ
1073 1612 1295 1671 ὄστιαρίῳ,
1323 1610 1506 1664 κᾶκεΐνος
1546 1614 1762 1670 ἐξέρχεται

313 1682 503 1735 κατέχων
536 1681 581 1722 ἐν
617 1679 668 1736 τῇ
699 1677 818 1735 χειρὶ
847 1679 981 1720 αὑτοῦ
1011 1680 1176 1735 βεργίον
1208 1680 1396 1734 χρυσοῦν
1427 1679 1644 1733 διάλιθον,
1687 1678 1763 1722 καὶ

310 1744 548 1801 ἑτοιμάσας
558 1746 688 1801 βῆλον
718 1744 765 1799 ά,
792 1745 1123 1802 μητροπολιῑτας,
1159 1745 1391 1802 εἰσέρχεται
1417 1744 1490 1787 καί
1521 1746 1687 1788 ἵσταται
1714 1745 1762 1788 ἐν

411 1859 464 1885 12.
490 1845 693 1881 κοῗκεῖσεΒ.
719 1859 763 1882 ex
787 1848 908 1895 script.
927 1847 1005 1882 cod.
1027 1852 1221 1890 κακεῖσαι,
1247 1845 1426 1884 κάκεῖθεν
1446 1846 1502 1883 ed.
1549 1859 1607 1886 20.
1629 1845 1754 1882 ἄσπα-

405 1894 544 1942 θάριοι
572 1895 651 1929 cod.
679 1900 716 1929 et
740 1894 795 1929 ed.

318 1996 423 2031 quam
449 1986 628 2031 ingressus
652 1990 729 2027 est,
759 1984 906 2021 insidet.
960 1986 1190 2031 praepositus
1215 1995 1298 2021 vero
1336 1985 1438 2019 venit
1470 1989 1508 2019 et
1542 1985 1762 2030 Imperatori

319 2031 513 2067 adventum
539 2032 763 2076 patriarchae
789 2032 954 2073 nuntiat,
983 2033 1046 2079 qui
1071 2034 1194 2065 statim
1226 2037 1342 2065 sumto
1372 2031 1551 2065 ‹libetesio
1578 2043 1666 2072 suo,
1691 2033 1762 2066 tzi-
1799 2033 1804 2036 ”

319 2079 473 2111 tzacium
493 2079 636 2113 induit:
663 2080 750 2120 ille,
785 2084 930 2123 accepto
952 2079 996 2111 ab
1023 2080 1247 2134 Imperatore
1271 2080 1397 2123 signo,
1425 2078 1606 2123 egreditur
1631 2084 1668 2112 et
1691 2090 1760 2124 pa-

323 2124 517 2158 triarcham
550 2130 675 2167 vocat,
711 2127 774 2172 qui
801 2125 924 2159 manui
948 2126 1146 2170 praepositi
1172 2126 1339 2166 innixus,
1381 2137 1529 2158 aureum
1560 2125 1760 2159 triclinium

326 2171 460 2212 intrat,
487 2173 526 2204 in
553 2174 653 2206 cuius
673 2172 794 2206 medio
817 2174 1013 2217 Imperator
1037 2183 1118 2205 eum
1146 2172 1299 2217 excipit,
1325 2176 1362 2205 et
1386 2177 1577 2217 postquam
1599 2183 1638 2206 se
1662 2171 1760 2205 invi-

327 2229 405 2252 cem
433 2217 628 2253 adorarunt
658 2231 699 2252 ac
734 2219 955 2258 salutarunt,
993 2219 1102 2252 simul
1134 2219 1172 2252 in
1206 2218 1332 2252 eodem
1366 2219 1525 2252 triclinio
1563 2218 1763 2255 consident

327 2265 424 2299 Hora
448 2270 585 2307 autem,
622 2277 692 2312 qua
713 2277 824 2311 agape
847 2265 1097 2306 distribuitur,
1122 2264 1358 2307 adveniente,
1383 2265 1598 2298 cubicularii
1619 2277 1639 2298 a
1659 2276 1765 2305 man-

328 2311 413 2345 dato
433 2312 592 2353 intrant,
629 2319 666 2346 et
694 2313 861 2346 cubiculo
886 2311 1033 2358 quidem
1057 2312 1228 2356 praefecti
1261 2312 1306 2344 ab
1331 2317 1484 2358 utroque
1508 2322 1637 2345 aureae
1657 2323 1764 2345 men-

328 2369 388 2393 sae
411 2358 524 2392 latere
551 2370 662 2404 propo
686 2371 792 2393 aurea
815 2370 924 2400 vasa,
953 2358 1335 2404 spatharocubicularii
1367 2364 1404 2393 et
1437 2358 1650 2392 cubicularii
1683 2363 1768 2403 post

326 2406 488 2450 reposita
511 2406 550 2438 in
582 2418 690 2441 aureo
723 2407 883 2440 triclinio
909 2417 991 2439 vasa
1013 2406 1072 2440 hic
1103 2406 1181 2440 illic
1209 2405 1362 2447 adstant,
1401 2410 1442 2438 ut
1470 2405 1695 2451 ingressuris-
1718 2404 1766 2438 ad

329 2463 467 2497 agapen
499 2453 744 2487 sacerdotibus
764 2454 823 2486 via
846 2458 980 2497 pateat,
1039 2454 1239 2498 Imperator
1266 2453 1303 2485 in
1319 2453 1407 2485 sella
1430 2463 1536 2486 aurea
1561 2457 1645 2485 ante
1670 2463 1764 2496 pen-

327 2499 551 2552 tapyrgium,
575 2500 710 2544 pariter
736 2506 774 2534 et
796 2502 872 2545 ipse
899 2499 1101 2544 patriarcha
1121 2501 1160 2534 in
1187 2499 1275 2532 sella
1295 2499 1340 2532 ad
1364 2500 1546 2535 sinistram
1568 2499 1766 2543 Imperato-

329 2546 402 2584 ris,
435 2557 508 2578 non
531 2546 694 2580 eiusdem
722 2552 841 2581 tamen
866 2546 1094 2587 altitudinis,
1121 2545 1279 2580 adsidet:
1318 2545 1475 2579 eunuchi
1496 2550 1614 2578 autem
1640 2550 1766 2589 proto-
1804 2582 1808 2586 .

328 2591 506 2637 spatharii
529 2604 625 2638 pone
652 2595 908 2639 Imperatorem
930 2593 1126 2627 secundum
1149 2592 1312 2626 ordinem
1339 2604 1443 2626 suum
1467 2591 1623 2627 adstant.
1655 2590 1764 2625 Edita

333 2638 379 2672 ab
404 2637 473 2672 hoc
496 2640 618 2684 signo,
648 2641 872 2686 praepositus
900 2641 1049 2674 ostiario
1075 2642 1217 2684 signum
1246 2638 1329 2680 dat,
1368 2640 1431 2685 qui
1461 2639 1596 2683 virgam
1623 2648 1767 2671 auream

334 2686 554 2730 gemmisque
589 2694 751 2724 ornatam
777 2699 881 2720 manu
907 2693 1034 2721 tenens
1058 2686 1136 2721 abit
1165 2686 1354 2731 velumque
1379 2686 1551 2730 primum,
1583 2690 1768 2728 metropo-

333 2731 415 2768 litas
433 2757 441 2772 ‚
475 2732 642 2778 ordinat3
685 2733 816 2770 deinde
849 2744 1030 2776 reversus,
1075 2735 1115 2771 in
1147 2733 1272 2771 limine
1306 2737 1556 2779 argentearum
1581 2735 1767 2778 portarum
