<?xml version="1.0" encoding="UTF-8"?>
<!DOCTYPE html PUBLIC "-//W3C//DTD XHTML 1.0 Transitional//EN"
    "http://www.w3.org/TR/xhtml1/DTD/xhtml1-transitional.dtd">
<html xmlns="http://www.w3.org/1999/xhtml" xml:lang="en" lang="en">
 <head>
  <title>
</title>
<meta http-equiv="Content-Type" content="text/html;charset=utf-8" />
  <meta name='ocr-system' content='tesseract 3.04.00' />
  <meta name='ocr-capabilities' content='ocr_page ocr_carea ocr_par ocr_line ocrx_word'/>
</head>
<body>
  <div class='ocr_page' id='page_1' title='image "./corpusscriptorum07niebuoft_0401.png"; bbox 0 0 1878 3112; ppageno 0'>
   <div class='ocr_carea' id='block_1_1' title="bbox 373 122 1620 191">
    <p class='ocr_par' dir='ltr' id='par_1_1' title="bbox 373 122 1620 191">
     <span class='ocr_line' id='line_1_1' title="bbox 373 122 1620 191; baseline -0.005 -6"><span class='ocrx_word' id='word_1_1' title='bbox 373 144 447 185; x_wconf 81' lang='lat' dir='ltr'><strong>DE</strong></span> <span class='ocrx_word' id='word_1_2' title='bbox 484 140 743 186; x_wconf 71' lang='lat' dir='ltr'><strong>cenmon.</strong></span> <span class='ocrx_word' id='word_1_3' title='bbox 787 139 970 183; x_wconf 62' lang='lat' dir='ltr'><strong>Arimi</strong></span> <span class='ocrx_word' id='word_1_4' title='bbox 1007 139 1233 184; x_wconf 71' lang='lat' dir='ltr'><strong>nvzmr.</strong></span> <span class='ocrx_word' id='word_1_5' title='bbox 1266 143 1301 184; x_wconf 90' lang='lat'><strong>1.</strong></span> <span class='ocrx_word' id='word_1_6' title='bbox 1327 141 1398 191; x_wconf 85' lang='lat'><strong>69.</strong></span> <span class='ocrx_word' id='word_1_7' title='bbox 1506 122 1620 180; x_wconf 84' lang='lat'><strong>335</strong></span> 
     </span>
    </p>
   </div>
   <div class='ocr_carea' id='block_1_2' title="bbox 95 239 1820 1751">
    <p class='ocr_par' dir='ltr' id='par_1_2' title="bbox 95 239 1820 1751">
     <span class='ocr_line' id='line_1_2' title="bbox 168 239 1619 301; baseline 0.001 -15"><span class='ocrx_word' id='word_1_8' title='bbox 168 243 195 292; x_wconf 77' lang='grc' dir='ltr'>ὅ</span> <span class='ocrx_word' id='word_1_9' title='bbox 221 245 491 301; x_wconf 71' lang='grc' dir='ltr'><em>τοποτηρῶν,</em></span> <span class='ocrx_word' id='word_1_10' title='bbox 519 244 726 299; x_wconf 76' lang='grc' dir='ltr'><em>λαμβάνει</em></span> <span class='ocrx_word' id='word_1_11' title='bbox 751 245 848 301; x_wconf 87' lang='grc' dir='ltr'><strong>τριά</strong></span> <span class='ocrx_word' id='word_1_12' title='bbox 876 244 935 285; x_wconf 71' lang='grc' dir='ltr'><strong>δι’</strong></span> <span class='ocrx_word' id='word_1_13' title='bbox 962 239 1061 299; x_wconf 76' lang='grc' dir='ltr'><em>ὅλης</em></span> <span class='ocrx_word' id='word_1_14' title='bbox 1087 244 1162 298; x_wconf 77' lang='grc' dir='ltr'><strong>τῆς</strong></span> <span class='ocrx_word' id='word_1_15' title='bbox 1186 241 1360 300; x_wconf 76' lang='grc' dir='ltr'><em>ἡμέρας.</em></span> <span class='ocrx_word' id='word_1_16' title='bbox 1402 243 1445 286; x_wconf 76' lang='grc' dir='ltr'><strong>εἴ</strong></span> <span class='ocrx_word' id='word_1_17' title='bbox 1470 244 1532 298; x_wconf 81' lang='grc' dir='ltr'><strong>δὲ,</strong></span> <span class='ocrx_word' id='word_1_18' title='bbox 1560 243 1619 294; x_wconf 79' lang='grc' dir='ltr'><strong>ὦς</strong></span> 
     </span>
     <span class='ocr_line' id='line_1_3' title="bbox 165 305 1622 367; baseline 0 -15"><span class='ocrx_word' id='word_1_19' title='bbox 165 312 429 366; x_wconf 77' lang='grc' dir='ltr'><em>προείρηται,</em></span> <span class='ocrx_word' id='word_1_20' title='bbox 459 305 595 352; x_wconf 73' lang='grc' dir='ltr'><em>ἆθλον</em></span> <span class='ocrx_word' id='word_1_21' title='bbox 620 308 763 367; x_wconf 67' lang='grc' dir='ltr'><em>δείξῃ,</em></span> <span class='ocrx_word' id='word_1_22' title='bbox 805 308 851 352; x_wconf 85' lang='grc' dir='ltr'><strong>τὸ</strong></span> <span class='ocrx_word' id='word_1_23' title='bbox 878 306 1183 365; x_wconf 77' lang='grc' dir='ltr'><em>κατερχόμενον</em></span> <span class='ocrx_word' id='word_1_24' title='bbox 1209 307 1407 365; x_wconf 80' lang='grc' dir='ltr'><em>περισσὸν</em></span> <span class='ocrx_word' id='word_1_25' title='bbox 1433 308 1622 352; x_wconf 76' lang='grc' dir='ltr'><em>ἔπαθλον</em></span> 
     </span>
     <span class='ocr_line' id='line_1_4' title="bbox 166 373 1820 435; baseline 0.002 -18"><span class='ocrx_word' id='word_1_26' title='bbox 166 375 244 417; x_wconf 81' lang='grc' dir='ltr'><em>τοῦ</em></span> <span class='ocrx_word' id='word_1_27' title='bbox 277 377 604 432; x_wconf 82' lang='grc' dir='ltr'><em>τοποτηροῦντος</em></span> <span class='ocrx_word' id='word_1_28' title='bbox 631 373 845 430; x_wconf 79' lang='grc' dir='ltr'><em>τυγχάνει.</em></span> <span class='ocrx_word' id='word_1_29' title='bbox 921 377 1034 432; x_wconf 87' lang='grc' dir='ltr'><em>(Β.)</em></span> <span class='ocrx_word' id='word_1_30' title='bbox 1075 373 1171 416; x_wconf 71' lang='grc' dir='ltr'><strong>Καὶ</strong></span> <span class='ocrx_word' id='word_1_31' title='bbox 1205 374 1278 418; x_wconf 74' lang='grc' dir='ltr'><em>ἐπὶ</em></span> <span class='ocrx_word' id='word_1_32' title='bbox 1305 374 1493 432; x_wconf 64' lang='grc' dir='ltr'><em>ιχρόνον,</em></span> <span class='ocrx_word' id='word_1_33' title='bbox 1537 375 1692 422; x_wconf 70' lang='grc' dir='ltr'><em>ἐάνΜε.</em></span> <span class='ocrx_word' id='word_1_34' title='bbox 1712 390 1820 435; x_wconf 79' lang='lat' dir='ltr'><strong>137.a</strong></span> 
     </span>
     <span class='ocr_line' id='line_1_5' title="bbox 165 439 1615 499; baseline 0.001 -15"><span class='ocrx_word' id='word_1_35' title='bbox 165 443 311 498; x_wconf 83' lang='grc' dir='ltr'>συμβῇ</span> <span class='ocrx_word' id='word_1_36' title='bbox 337 445 663 497; x_wconf 75' lang='grc' dir='ltr'><em>τοποτηρεῖσθαι</em></span> <span class='ocrx_word' id='word_1_37' title='bbox 692 440 715 483; x_wconf 82' lang='grc' dir='ltr'>ὅ</span> <span class='ocrx_word' id='word_1_38' title='bbox 739 439 849 496; x_wconf 80' lang='grc' dir='ltr'><em>ἔχων</em></span> <span class='ocrx_word' id='word_1_39' title='bbox 875 440 951 497; x_wconf 68' lang='grc' dir='ltr'><strong>τήν</strong></span> <span class='ocrx_word' id='word_1_40' title='bbox 977 440 1163 495; x_wconf 82' lang='grc' dir='ltr'><em>βούλλαν</em></span> <span class='ocrx_word' id='word_1_41' title='bbox 1190 441 1382 497; x_wconf 76' lang='grc' dir='ltr'><em>ἡνίοχος,</em></span> <span class='ocrx_word' id='word_1_42' title='bbox 1422 440 1559 494; x_wconf 70' lang='grc' dir='ltr'><em>οὕτως</em></span> <span class='ocrx_word' id='word_1_43' title='bbox 1586 443 1615 499; x_wconf 83' lang='grc' dir='ltr'><em>ἤ</em></span> 
     </span>
     <span class='ocr_line' id='line_1_6' title="bbox 135 505 1618 567; baseline 0.003 -19"><span class='ocrx_word' id='word_1_44' title='bbox 135 507 370 562; x_wconf 60' lang='grc' dir='ltr'><em>5συνήθεια</em></span> <span class='ocrx_word' id='word_1_45' title='bbox 396 512 560 562; x_wconf 84' lang='grc' dir='ltr'><em>κρατεῖ,</em></span> <span class='ocrx_word' id='word_1_46' title='bbox 605 506 679 549; x_wconf 80' lang='grc' dir='ltr'><em>καί</em></span> <span class='ocrx_word' id='word_1_47' title='bbox 714 506 766 549; x_wconf 73' lang='grc' dir='ltr'><strong>τά</strong></span> <span class='ocrx_word' id='word_1_48' title='bbox 797 506 962 549; x_wconf 78' lang='grc' dir='ltr'><em>ἔπαθλα</em></span> <span class='ocrx_word' id='word_1_49' title='bbox 988 507 1062 549; x_wconf 80' lang='grc' dir='ltr'>καί</span> <span class='ocrx_word' id='word_1_50' title='bbox 1086 505 1139 549; x_wconf 72' lang='grc' dir='ltr'><strong>τά</strong></span> <span class='ocrx_word' id='word_1_51' title='bbox 1169 509 1335 550; x_wconf 81' lang='grc' dir='ltr'><em>παῦστα</em></span> <span class='ocrx_word' id='word_1_52' title='bbox 1361 510 1419 567; x_wconf 75' lang='grc' dir='ltr'><strong>τῷ</strong></span> <span class='ocrx_word' id='word_1_53' title='bbox 1445 524 1618 566; x_wconf 84' lang='grc' dir='ltr'><em>τοποτη-</em></span> 
     </span>
     <span class='ocr_line' id='line_1_7' title="bbox 164 572 1619 632; baseline 0.003 -19"><span class='ocrx_word' id='word_1_54' title='bbox 164 572 354 632; x_wconf 71' lang='grc' dir='ltr'><em>ρουμένῳ</em></span> <span class='ocrx_word' id='word_1_55' title='bbox 399 573 682 629; x_wconf 76' lang='grc' dir='ltr'><em>ἅρμόζουσιν.</em></span> <span class='ocrx_word' id='word_1_56' title='bbox 737 574 778 615; x_wconf 84' lang='grc' dir='ltr'><strong>εἰ</strong></span> <span class='ocrx_word' id='word_1_57' title='bbox 804 574 851 615; x_wconf 77' lang='grc' dir='ltr'><strong>δὲ</strong></span> <span class='ocrx_word' id='word_1_58' title='bbox 878 572 985 616; x_wconf 75' lang='grc' dir='ltr'><em>ἴδιον</em></span> <span class='ocrx_word' id='word_1_59' title='bbox 1028 575 1176 623; x_wconf 75' lang='grc' dir='ltr'><em>σκεῦος</em></span> <span class='ocrx_word' id='word_1_60' title='bbox 1213 573 1302 629; x_wconf 82' lang='grc' dir='ltr'><em>ἔχει</em></span> <span class='ocrx_word' id='word_1_61' title='bbox 1332 574 1354 616; x_wconf 80' lang='grc' dir='ltr'>ὅ</span> <span class='ocrx_word' id='word_1_62' title='bbox 1382 578 1619 632; x_wconf 82' lang='grc' dir='ltr'><em>τοποτηρῶν</em></span> 
     </span>
     <span class='ocr_line' id='line_1_8' title="bbox 162 637 1619 698; baseline 0.003 -18"><span class='ocrx_word' id='word_1_63' title='bbox 162 639 237 680; x_wconf 80' lang='grc' dir='ltr'><em>καί</em></span> <span class='ocrx_word' id='word_1_64' title='bbox 273 637 324 680; x_wconf 78' lang='grc' dir='ltr'><em>οὖ</em></span> <span class='ocrx_word' id='word_1_65' title='bbox 361 644 487 680; x_wconf 82' lang='grc' dir='ltr'><em>πατεῖ</em></span> <span class='ocrx_word' id='word_1_66' title='bbox 513 637 558 681; x_wconf 84' lang='grc' dir='ltr'>τὸ</span> <span class='ocrx_word' id='word_1_67' title='bbox 603 641 677 680; x_wconf 83' lang='grc' dir='ltr'><em>τοῦ</em></span> <span class='ocrx_word' id='word_1_68' title='bbox 714 640 1099 696; x_wconf 80' lang='grc' dir='ltr'><em>τοποτηρουμένου,</em></span> <span class='ocrx_word' id='word_1_69' title='bbox 1151 639 1366 694; x_wconf 80' lang='grc' dir='ltr'><em>κομίζεται</em></span> <span class='ocrx_word' id='word_1_70' title='bbox 1403 640 1511 698; x_wconf 78' lang='grc' dir='ltr'><em>ὖπὲρ</em></span> <span class='ocrx_word' id='word_1_71' title='bbox 1541 643 1619 684; x_wconf 78' lang='grc' dir='ltr'><em>τοῦ</em></span> 
     </span>
     <span class='ocr_line' id='line_1_9' title="bbox 159 701 1657 762; baseline 0.003 -16"><span class='ocrx_word' id='word_1_72' title='bbox 159 705 336 754; x_wconf 78' lang='grc' dir='ltr'><strong><em>σκεύους</em></strong></span> <span class='ocrx_word' id='word_1_73' title='bbox 380 701 512 747; x_wconf 70' lang='grc' dir='ltr'><em>αὐτοῦ</em></span> <span class='ocrx_word' id='word_1_74' title='bbox 559 706 616 747; x_wconf 80' lang='grc' dir='ltr'><strong>δι’</strong></span> <span class='ocrx_word' id='word_1_75' title='bbox 643 701 740 761; x_wconf 80' lang='grc' dir='ltr'><em>ὅλης</em></span> <span class='ocrx_word' id='word_1_76' title='bbox 775 707 850 761; x_wconf 79' lang='grc' dir='ltr'><strong>τῆς</strong></span> <span class='ocrx_word' id='word_1_77' title='bbox 887 705 1045 762; x_wconf 77' lang='grc' dir='ltr'><em>ἡμέρας</em></span> <span class='ocrx_word' id='word_1_78' title='bbox 1083 708 1320 760; x_wconf 74' lang='grc' dir='ltr'><em>νομίσματα</em></span> <span class='ocrx_word' id='word_1_79' title='bbox 1359 705 1408 756; x_wconf 84' lang='grc' dir='ltr'><strong>ις’</strong></span> <span class='ocrx_word' id='word_1_80' title='bbox 1450 709 1496 748; x_wconf 73' lang='grc' dir='ltr'><strong>ἐκ</strong></span> <span class='ocrx_word' id='word_1_81' title='bbox 1533 711 1657 751; x_wconf 71' lang='grc' dir='ltr'><em>τῶνα</em></span> 
     </span>
     <span class='ocr_line' id='line_1_10' title="bbox 163 766 1615 829; baseline 0.003 -18"><span class='ocrx_word' id='word_1_82' title='bbox 163 766 388 823; x_wconf 61' lang='grc' dir='ltr'><em>παύσετον,</em></span> <span class='ocrx_word' id='word_1_83' title='bbox 426 771 501 812; x_wconf 83' lang='grc' dir='ltr'>καί</span> <span class='ocrx_word' id='word_1_84' title='bbox 534 768 584 813; x_wconf 73' lang='grc' dir='ltr'><strong>τὰ</strong></span> <span class='ocrx_word' id='word_1_85' title='bbox 621 772 929 826; x_wconf 79' lang='grc' dir='ltr'><em>κατατρέχοντα</em></span> <span class='ocrx_word' id='word_1_86' title='bbox 968 771 1084 829; x_wconf 72' lang='grc' dir='ltr'><em>αὐτῷ</em></span> <span class='ocrx_word' id='word_1_87' title='bbox 1111 773 1158 814; x_wconf 80' lang='grc' dir='ltr'><strong>ἐκ</strong></span> <span class='ocrx_word' id='word_1_88' title='bbox 1195 773 1277 814; x_wconf 80' lang='grc' dir='ltr'><strong>τῶν</strong></span> <span class='ocrx_word' id='word_1_89' title='bbox 1314 774 1615 829; x_wconf 71' lang='grc' dir='ltr'><em>συμβηγαρώον</em></span> 
     </span>
     <span class='ocr_line' id='line_1_11' title="bbox 114 831 1616 893; baseline 0.001 -14"><span class='ocrx_word' id='word_1_90' title='bbox 114 831 302 879; x_wconf 59' lang='lat' dir='ltr'><strong>madro&amp;</strong></span> <span class='ocrx_word' id='word_1_91' title='bbox 329 834 435 891; x_wconf 84' lang='grc' dir='ltr'><em>πρὸς</em></span> <span class='ocrx_word' id='word_1_92' title='bbox 462 835 713 891; x_wconf 79' lang='grc' dir='ltr'><em>συνήθειαν,</em></span> <span class='ocrx_word' id='word_1_93' title='bbox 762 837 807 887; x_wconf 81' lang='grc' dir='ltr'><strong>ἔξ</strong></span> <span class='ocrx_word' id='word_1_94' title='bbox 834 838 924 878; x_wconf 80' lang='grc' dir='ltr'><em>οἵου</em></span> <span class='ocrx_word' id='word_1_95' title='bbox 951 838 1107 893; x_wconf 77' lang='grc' dir='ltr'><em>μέρους</em></span> <span class='ocrx_word' id='word_1_96' title='bbox 1133 838 1253 880; x_wconf 80' lang='grc' dir='ltr'><em>ἐστι’.</em></span> <span class='ocrx_word' id='word_1_97' title='bbox 1307 841 1384 880; x_wconf 78' lang='grc' dir='ltr'><em>τοῦ</em></span> <span class='ocrx_word' id='word_1_98' title='bbox 1423 840 1469 881; x_wconf 80' lang='grc' dir='ltr'><strong>δὲ</strong></span> <span class='ocrx_word' id='word_1_99' title='bbox 1501 839 1616 882; x_wconf 79' lang='grc' dir='ltr'><em>Θεοῦ</em></span> 
     </span>
     <span class='ocr_line' id='line_1_12' title="bbox 159 898 1624 958; baseline 0.003 -16"><span class='ocrx_word' id='word_1_100' title='bbox 159 902 419 956; x_wconf 75' lang='grc' dir='ltr'><em>παρέχοντος</em></span> <span class='ocrx_word' id='word_1_101' title='bbox 445 899 522 957; x_wconf 75' lang='grc' dir='ltr'><strong>τήν</strong></span> <span class='ocrx_word' id='word_1_102' title='bbox 549 903 688 957; x_wconf 77' lang='grc' dir='ltr'><em>νίκην,</em></span> <span class='ocrx_word' id='word_1_103' title='bbox 732 898 755 942; x_wconf 81' lang='grc' dir='ltr'>ὅ</span> <span class='ocrx_word' id='word_1_104' title='bbox 782 904 1019 958; x_wconf 77' lang='grc' dir='ltr'><em>τοποτηρῶν</em></span> <span class='ocrx_word' id='word_1_105' title='bbox 1056 903 1117 953; x_wconf 82' lang='grc' dir='ltr'><strong>εἷς</strong></span> <span class='ocrx_word' id='word_1_106' title='bbox 1143 902 1190 945; x_wconf 80' lang='grc' dir='ltr'><strong>τὸ</strong></span> <span class='ocrx_word' id='word_1_107' title='bbox 1233 906 1380 954; x_wconf 80' lang='grc' dir='ltr'><em>σκεῦος</em></span> <span class='ocrx_word' id='word_1_108' title='bbox 1409 904 1487 946; x_wconf 70' lang='grc' dir='ltr'><em>οὐκ</em></span> <span class='ocrx_word' id='word_1_109' title='bbox 1510 905 1624 946; x_wconf 72' lang='grc' dir='ltr'><em>(ἶνα--</em></span> 
     </span>
     <span class='ocr_line' id='line_1_13' title="bbox 159 965 1616 1027; baseline 0.004 -21"><span class='ocrx_word' id='word_1_110' title='bbox 159 965 299 1020; x_wconf 73' lang='grc' dir='ltr'><em>βαίνει</em></span> <span class='ocrx_word' id='word_1_111' title='bbox 320 967 536 1022; x_wconf 78' lang='grc' dir='ltr'><em>χορεῦσαι,</em></span> <span class='ocrx_word' id='word_1_112' title='bbox 565 967 606 1009; x_wconf 82' lang='grc' dir='ltr'><strong>εἰ</strong></span> <span class='ocrx_word' id='word_1_113' title='bbox 624 965 685 1022; x_wconf 78' lang='grc' dir='ltr'><strong>μὴ</strong></span> <span class='ocrx_word' id='word_1_114' title='bbox 715 965 739 1009; x_wconf 81' lang='grc' dir='ltr'>ὅ</span> <span class='ocrx_word' id='word_1_115' title='bbox 767 965 876 1022; x_wconf 80' lang='grc' dir='ltr'><em>ἔχων</em></span> <span class='ocrx_word' id='word_1_116' title='bbox 903 966 979 1024; x_wconf 68' lang='grc' dir='ltr'><strong>τὴν</strong></span> <span class='ocrx_word' id='word_1_117' title='bbox 1003 969 1189 1023; x_wconf 73' lang='grc' dir='ltr'><em>βοῦλλαν</em></span> <span class='ocrx_word' id='word_1_118' title='bbox 1215 968 1290 1011; x_wconf 82' lang='grc' dir='ltr'><em>καί</em></span> <span class='ocrx_word' id='word_1_119' title='bbox 1315 969 1616 1027; x_wconf 79' lang='grc' dir='ltr'><em>φακτιονάριός</em></span> 
     </span>
     <span class='ocr_line' id='line_1_14' title="bbox 157 1029 1615 1092; baseline 0.004 -19"><span class='ocrx_word' id='word_1_120' title='bbox 157 1030 251 1073; x_wconf 78' lang='grc' dir='ltr'><em>ἔστι</em></span> <span class='ocrx_word' id='word_1_121' title='bbox 276 1029 352 1072; x_wconf 78' lang='grc' dir='ltr'><strong><em>καί</em></strong></span> <span class='ocrx_word' id='word_1_122' title='bbox 376 1034 700 1088; x_wconf 83' lang='grc' dir='ltr'><em>μικροπανίτης·</em></span> <span class='ocrx_word' id='word_1_123' title='bbox 756 1035 829 1075; x_wconf 76' lang='grc' dir='ltr'><strong>καί</strong></span> <span class='ocrx_word' id='word_1_124' title='bbox 853 1031 929 1076; x_wconf 77' lang='grc' dir='ltr'><strong>ἐὰν</strong></span> <span class='ocrx_word' id='word_1_125' title='bbox 955 1036 1162 1092; x_wconf 84' lang='grc' dir='ltr'><em>τοποτηρῇ</em></span> <span class='ocrx_word' id='word_1_126' title='bbox 1190 1037 1509 1092; x_wconf 81' lang='grc' dir='ltr'><em>φακτιονάριον,</em></span> <span class='ocrx_word' id='word_1_127' title='bbox 1553 1037 1615 1087; x_wconf 79' lang='grc' dir='ltr'><strong>εἷς</strong></span> 
     </span>
     <span class='ocr_line' id='line_1_15' title="bbox 156 1094 1613 1157; baseline 0.005 -21"><span class='ocrx_word' id='word_1_128' title='bbox 156 1094 286 1138; x_wconf 85' lang='grc' dir='ltr'><em>τόπον</em></span> <span class='ocrx_word' id='word_1_129' title='bbox 311 1096 446 1138; x_wconf 58' lang='lat' dir='ltr'><strong>adro&amp;</strong></span> <span class='ocrx_word' id='word_1_130' title='bbox 471 1102 697 1152; x_wconf 79' lang='grc' dir='ltr'><em>περιπατεῖ</em></span> <span class='ocrx_word' id='word_1_131' title='bbox 719 1099 767 1140; x_wconf 79' lang='grc' dir='ltr'><strong>ἐκ</strong></span> <span class='ocrx_word' id='word_1_132' title='bbox 796 1099 940 1149; x_wconf 77' lang='grc' dir='ltr'><em>δεξιῶν</em></span> <span class='ocrx_word' id='word_1_133' title='bbox 975 1103 1051 1142; x_wconf 85' lang='grc' dir='ltr'><em>τοῦ</em></span> <span class='ocrx_word' id='word_1_134' title='bbox 1087 1101 1417 1157; x_wconf 72' lang='grc' dir='ltr'><em>μικροπανίτου,</em></span> <span class='ocrx_word' id='word_1_135' title='bbox 1457 1101 1613 1155; x_wconf 65' lang='grc' dir='ltr'><em>ὁμοίως</em></span> 
     </span>
     <span class='ocr_line' id='line_1_16' title="bbox 108 1158 1613 1225; baseline 0.005 -23"><span class='ocrx_word' id='word_1_136' title='bbox 108 1182 126 1211; x_wconf 81' lang='lat'>1</span> <span class='ocrx_word' id='word_1_137' title='bbox 134 1159 236 1213; x_wconf 66' lang='lat'><strong>5121*</strong></span> <span class='ocrx_word' id='word_1_138' title='bbox 269 1158 345 1204; x_wconf 76' lang='grc' dir='ltr'><em>ε’ἂν</em></span> <span class='ocrx_word' id='word_1_139' title='bbox 371 1163 576 1220; x_wconf 79' lang='grc' dir='ltr'><em>τοποτηρῇ</em></span> <span class='ocrx_word' id='word_1_140' title='bbox 603 1161 672 1205; x_wconf 80' lang='grc' dir='ltr'><strong>τὸν</strong></span> <span class='ocrx_word' id='word_1_141' title='bbox 698 1163 1013 1221; x_wconf 71' lang='grc' dir='ltr'><em>μικροπανίτην,</em></span> <span class='ocrx_word' id='word_1_142' title='bbox 1042 1166 1103 1216; x_wconf 82' lang='grc' dir='ltr'><strong>εἷς</strong></span> <span class='ocrx_word' id='word_1_143' title='bbox 1124 1165 1177 1208; x_wconf 82' lang='grc' dir='ltr'><strong>τὰ</strong></span> <span class='ocrx_word' id='word_1_144' title='bbox 1199 1162 1398 1223; x_wconf 78' lang='grc' dir='ltr'><em>ἆριστερά</em></span> <span class='ocrx_word' id='word_1_145' title='bbox 1424 1169 1500 1210; x_wconf 81' lang='grc' dir='ltr'><em>τοῦ</em></span> <span class='ocrx_word' id='word_1_146' title='bbox 1526 1185 1613 1225; x_wconf 80' lang='grc' dir='ltr'><strong>φα-</strong></span> 
     </span>
     <span class='ocr_line' id='line_1_17' title="bbox 160 1226 1610 1289; baseline 0.005 -21"><span class='ocrx_word' id='word_1_147' title='bbox 160 1227 423 1284; x_wconf 74' lang='grc' dir='ltr'><em>κτιοναρίου.</em></span> <span class='ocrx_word' id='word_1_148' title='bbox 479 1228 521 1270; x_wconf 81' lang='grc' dir='ltr'><strong>εἰ</strong></span> <span class='ocrx_word' id='word_1_149' title='bbox 559 1229 606 1271; x_wconf 79' lang='grc' dir='ltr'><strong>δὲ</strong></span> <span class='ocrx_word' id='word_1_150' title='bbox 647 1232 791 1288; x_wconf 83' lang='grc' dir='ltr'><em>συμβῇ</em></span> <span class='ocrx_word' id='word_1_151' title='bbox 832 1226 1068 1286; x_wconf 70' lang='grc' dir='ltr'><em>ἀστοχῆσαι</em></span> <span class='ocrx_word' id='word_1_152' title='bbox 1106 1233 1153 1274; x_wconf 77' lang='grc' dir='ltr'><strong>ἐκ</strong></span> <span class='ocrx_word' id='word_1_153' title='bbox 1190 1235 1275 1274; x_wconf 82' lang='grc' dir='ltr'><strong>τῶν</strong></span> <span class='ocrx_word' id='word_1_154' title='bbox 1317 1230 1503 1287; x_wconf 80' lang='grc' dir='ltr'><em>ἑχόντων</em></span> <span class='ocrx_word' id='word_1_155' title='bbox 1531 1233 1610 1289; x_wconf 73' lang='grc' dir='ltr'><strong>τήν</strong></span> 
     </span>
     <span class='ocr_line' id='line_1_18' title="bbox 156 1290 1607 1355; baseline 0.005 -21"><span class='ocrx_word' id='word_1_156' title='bbox 156 1290 342 1346; x_wconf 69' lang='grc' dir='ltr'><em>βοόλλαν</em></span> <span class='ocrx_word' id='word_1_157' title='bbox 369 1293 566 1349; x_wconf 71' lang='grc' dir='ltr'><em>ἡνιόχων,</em></span> <span class='ocrx_word' id='word_1_158' title='bbox 595 1291 623 1350; x_wconf 78' lang='grc' dir='ltr'><em>ἢ</em></span> <span class='ocrx_word' id='word_1_159' title='bbox 652 1295 872 1350; x_wconf 74' lang='grc' dir='ltr'><em>ἀπολείψει</em></span> <span class='ocrx_word' id='word_1_160' title='bbox 895 1300 1109 1347; x_wconf 75' lang='grc' dir='ltr'><em>παντελῶς</em></span> <span class='ocrx_word' id='word_1_161' title='bbox 1128 1297 1198 1341; x_wconf 78' lang='grc' dir='ltr'><strong>διὰ</strong></span> <span class='ocrx_word' id='word_1_162' title='bbox 1232 1298 1484 1354; x_wconf 71' lang='grc' dir='ltr'><em>οἱασὸήποτε</em></span> <span class='ocrx_word' id='word_1_163' title='bbox 1503 1316 1607 1355; x_wconf 89' lang='grc' dir='ltr'><em>προ-</em></span> 
     </span>
     <span class='ocr_line' id='line_1_19' title="bbox 154 1356 1611 1421; baseline 0.005 -21"><span class='ocrx_word' id='word_1_164' title='bbox 154 1356 355 1415; x_wconf 74' lang='grc' dir='ltr'><em>φάσεως,</em></span> <span class='ocrx_word' id='word_1_165' title='bbox 402 1361 621 1416; x_wconf 67' lang='grc' dir='ltr'><em>ἐπαίρεται</em></span> <span class='ocrx_word' id='word_1_166' title='bbox 648 1361 670 1403; x_wconf 80' lang='grc' dir='ltr'>ὅ</span> <span class='ocrx_word' id='word_1_167' title='bbox 700 1365 888 1416; x_wconf 82' lang='grc' dir='ltr'><em>πέμπτος</em></span> <span class='ocrx_word' id='word_1_168' title='bbox 915 1360 1082 1419; x_wconf 71' lang='grc' dir='ltr'><em>ἡνίοχος</em></span> <span class='ocrx_word' id='word_1_169' title='bbox 1120 1362 1148 1421; x_wconf 81' lang='grc' dir='ltr'><em>ἢ</em></span> <span class='ocrx_word' id='word_1_170' title='bbox 1175 1367 1251 1408; x_wconf 82' lang='grc' dir='ltr'><em>καί</em></span> <span class='ocrx_word' id='word_1_171' title='bbox 1274 1368 1322 1408; x_wconf 78' lang='grc' dir='ltr'><strong>ἐκ</strong></span> <span class='ocrx_word' id='word_1_172' title='bbox 1346 1368 1428 1408; x_wconf 80' lang='grc' dir='ltr'><strong>τῶν</strong></span> <span class='ocrx_word' id='word_1_173' title='bbox 1455 1369 1611 1408; x_wconf 77' lang='grc' dir='ltr'><em>λοιπῶν</em></span> 
     </span>
     <span class='ocr_line' id='line_1_20' title="bbox 153 1422 1605 1488; baseline 0.006 -21"><span class='ocrx_word' id='word_1_174' title='bbox 153 1426 366 1482; x_wconf 77' lang='grc' dir='ltr'><em>βηγαρίων</em></span> <span class='ocrx_word' id='word_1_175' title='bbox 404 1422 491 1476; x_wconf 85' lang='grc' dir='ltr'><em>οἶος</em></span> <span class='ocrx_word' id='word_1_176' title='bbox 523 1427 846 1485; x_wconf 80' lang='grc' dir='ltr'><em>χρησιμώτερός</em></span> <span class='ocrx_word' id='word_1_177' title='bbox 886 1431 1022 1473; x_wconf 80' lang='grc' dir='ltr'><em>ἐστιν·</em></span> <span class='ocrx_word' id='word_1_178' title='bbox 1075 1430 1152 1474; x_wconf 80' lang='grc' dir='ltr'><strong>ἐὰν</strong></span> <span class='ocrx_word' id='word_1_179' title='bbox 1190 1434 1236 1475; x_wconf 79' lang='grc' dir='ltr'><strong>δὲ</strong></span> <span class='ocrx_word' id='word_1_180' title='bbox 1273 1435 1346 1475; x_wconf 82' lang='grc' dir='ltr'>καί</span> <span class='ocrx_word' id='word_1_181' title='bbox 1385 1435 1430 1484; x_wconf 79' lang='grc' dir='ltr'><strong>ἐξ</strong></span> <span class='ocrx_word' id='word_1_182' title='bbox 1457 1431 1605 1488; x_wconf 75' lang='grc' dir='ltr'><em>ἑτέρου</em></span> 
     </span>
     <span class='ocr_line' id='line_1_21' title="bbox 95 1490 1654 1551; baseline 0.008 -20"><span class='ocrx_word' id='word_1_183' title='bbox 95 1490 306 1546; x_wconf 78' lang='grc' dir='ltr'><em>2ομέρους</em></span> <span class='ocrx_word' id='word_1_184' title='bbox 332 1490 443 1534; x_wconf 71' lang='grc' dir='ltr'><em>ἐστὶν</em></span> <span class='ocrx_word' id='word_1_185' title='bbox 471 1490 494 1534; x_wconf 80' lang='grc' dir='ltr'><strong><em>ὅ</em></strong></span> <span class='ocrx_word' id='word_1_186' title='bbox 522 1493 758 1548; x_wconf 80' lang='grc' dir='ltr'><em>ἐπιλεχθείς</em></span> <span class='ocrx_word' id='word_1_187' title='bbox 784 1493 1008 1551; x_wconf 76' lang='grc' dir='ltr'><em>βηγάριος,</em></span> <span class='ocrx_word' id='word_1_188' title='bbox 1050 1499 1124 1538; x_wconf 80' lang='grc' dir='ltr'><em>καί</em></span> <span class='ocrx_word' id='word_1_189' title='bbox 1165 1497 1364 1540; x_wconf 78' lang='grc' dir='ltr'><em>θέλουσιν</em></span> <span class='ocrx_word' id='word_1_190' title='bbox 1406 1497 1537 1541; x_wconf 73' lang='grc' dir='ltr'><em>αὐτὸν</em></span> <span class='ocrx_word' id='word_1_191' title='bbox 1566 1499 1601 1540; x_wconf 84' lang='grc' dir='ltr'><em>οὶ</em></span> <span class='ocrx_word' id='word_1_192' title='bbox 1620 1510 1654 1543; x_wconf 92' lang='lat' dir='ltr'>D</span> 
     </span>
     <span class='ocr_line' id='line_1_22' title="bbox 155 1553 1601 1617; baseline 0.008 -21"><span class='ocrx_word' id='word_1_193' title='bbox 155 1554 256 1597; x_wconf 75' lang='grc' dir='ltr'><em>ἴδιοι</em></span> <span class='ocrx_word' id='word_1_194' title='bbox 282 1553 418 1599; x_wconf 82' lang='grc' dir='ltr'><strong>αὗτοῦ</strong></span> <span class='ocrx_word' id='word_1_195' title='bbox 444 1561 647 1614; x_wconf 76' lang='grc' dir='ltr'><em>κρατῆσαι</em></span> <span class='ocrx_word' id='word_1_196' title='bbox 685 1561 745 1609; x_wconf 81' lang='grc' dir='ltr'><strong>εἰς</strong></span> <span class='ocrx_word' id='word_1_197' title='bbox 778 1560 825 1602; x_wconf 83' lang='grc' dir='ltr'><strong>τὸ</strong></span> <span class='ocrx_word' id='word_1_198' title='bbox 853 1564 981 1617; x_wconf 82' lang='grc' dir='ltr'><em>μέρος</em></span> <span class='ocrx_word' id='word_1_199' title='bbox 1010 1559 1171 1616; x_wconf 80' lang='grc' dir='ltr'><em>αὗτῶν,</em></span> <span class='ocrx_word' id='word_1_200' title='bbox 1218 1563 1487 1606; x_wconf 74' lang='grc' dir='ltr'><em>ἀποδώσουσι</em></span> <span class='ocrx_word' id='word_1_201' title='bbox 1525 1563 1601 1607; x_wconf 80' lang='grc' dir='ltr'><strong>τὸν</strong></span> 
     </span>
     <span class='ocr_line' id='line_1_23' title="bbox 154 1623 1604 1684; baseline 0.008 -22"><span class='ocrx_word' id='word_1_202' title='bbox 154 1623 479 1678; x_wconf 79' lang='grc' dir='ltr'><em>μικροπανίτην,</em></span> <span class='ocrx_word' id='word_1_203' title='bbox 522 1625 596 1666; x_wconf 80' lang='grc' dir='ltr'>καί</span> <span class='ocrx_word' id='word_1_204' title='bbox 620 1627 925 1682; x_wconf 80' lang='grc' dir='ltr'><em>προβιβάζουσι</em></span> <span class='ocrx_word' id='word_1_205' title='bbox 960 1626 1032 1670; x_wconf 86' lang='grc' dir='ltr'><strong>τὸν</strong></span> <span class='ocrx_word' id='word_1_206' title='bbox 1058 1627 1259 1684; x_wconf 70' lang='grc' dir='ltr'><em>βηγάριον</em></span> <span class='ocrx_word' id='word_1_207' title='bbox 1287 1631 1346 1680; x_wconf 85' lang='grc' dir='ltr'><strong>εἰς</strong></span> <span class='ocrx_word' id='word_1_208' title='bbox 1374 1630 1447 1671; x_wconf 86' lang='grc' dir='ltr'><strong>τὸν</strong></span> <span class='ocrx_word' id='word_1_209' title='bbox 1475 1628 1604 1673; x_wconf 83' lang='grc' dir='ltr'><em>τόπον</em></span> 
     </span>
     <span class='ocr_line' id='line_1_24' title="bbox 152 1687 1607 1751; baseline 0.008 -24"><span class='ocrx_word' id='word_1_210' title='bbox 152 1687 231 1728; x_wconf 71' lang='grc' dir='ltr'><em>’τοῦ</em></span> <span class='ocrx_word' id='word_1_211' title='bbox 256 1687 604 1745; x_wconf 74' lang='grc' dir='ltr'><em>ἀναχωροῦντος.</em></span> <span class='ocrx_word' id='word_1_212' title='bbox 659 1690 682 1732; x_wconf 80' lang='grc' dir='ltr'>ὅ</span> <span class='ocrx_word' id='word_1_213' title='bbox 713 1693 760 1734; x_wconf 78' lang='grc' dir='ltr'><strong>δὲ</strong></span> <span class='ocrx_word' id='word_1_214' title='bbox 787 1696 1024 1751; x_wconf 81' lang='grc' dir='ltr'><em>τοποτηρῶν</em></span> <span class='ocrx_word' id='word_1_215' title='bbox 1058 1694 1140 1738; x_wconf 80' lang='grc' dir='ltr'><em>ε’άν</em></span> <span class='ocrx_word' id='word_1_216' title='bbox 1169 1696 1284 1738; x_wconf 78' lang='grc' dir='ltr'><em>ἐστιν</em></span> <span class='ocrx_word' id='word_1_217' title='bbox 1311 1697 1358 1737; x_wconf 81' lang='grc' dir='ltr'><strong>ἐκ</strong></span> <span class='ocrx_word' id='word_1_218' title='bbox 1383 1698 1459 1738; x_wconf 82' lang='grc' dir='ltr'><em>τοῦ</em></span> <span class='ocrx_word' id='word_1_219' title='bbox 1486 1697 1607 1739; x_wconf 82' lang='grc' dir='ltr'><em>ἐναν-</em></span> 
     </span>
    </p>
   </div>
   <div class='ocr_carea' id='block_1_3' title="bbox 246 1787 1048 1837">
    <p class='ocr_par' dir='ltr' id='par_1_3' title="bbox 246 1787 1048 1837">
     <span class='ocr_line' id='line_1_25' title="bbox 246 1787 1048 1837; baseline 0.006 -15"><span class='ocrx_word' id='word_1_220' title='bbox 246 1798 299 1822; x_wconf 78' lang='lat'><strong>12.</strong></span> <span class='ocrx_word' id='word_1_221' title='bbox 325 1787 392 1821; x_wconf 85' lang='lat' dir='ltr'><strong>Pro</strong></span> <span class='ocrx_word' id='word_1_222' title='bbox 419 1789 486 1823; x_wconf 74' lang='grc' dir='ltr'><strong>καὶ</strong></span> <span class='ocrx_word' id='word_1_223' title='bbox 512 1789 589 1826; x_wconf 87' lang='lat' dir='ltr'><strong>cod.</strong></span> <span class='ocrx_word' id='word_1_224' title='bbox 615 1792 747 1837; x_wconf 77' lang='grc' dir='ltr'><em>νικᾷν,</em></span> <span class='ocrx_word' id='word_1_225' title='bbox 776 1794 814 1827; x_wconf 85' lang='grc' dir='ltr'><strong>Β.</strong></span> <span class='ocrx_word' id='word_1_226' title='bbox 840 1793 935 1828; x_wconf 89' lang='lat' dir='ltr'><strong>coni.</strong></span> <span class='ocrx_word' id='word_1_227' title='bbox 965 1791 1048 1830; x_wconf 57' lang='lat' dir='ltr'><strong>fich.</strong></span> 
     </span>
    </p>
   </div>
   <div class='ocr_carea' id='block_1_4' title="bbox 141 1877 1604 2731">
    <p class='ocr_par' dir='ltr' id='par_1_4' title="bbox 141 1877 1604 2731">
     <span class='ocr_line' id='line_1_26' title="bbox 149 1877 1604 1930; baseline 0.01 -21"><span class='ocrx_word' id='word_1_228' title='bbox 149 1877 313 1922; x_wconf 85' lang='lat' dir='ltr'><strong>peratori</strong></span> <span class='ocrx_word' id='word_1_229' title='bbox 331 1877 530 1924; x_wconf 87' lang='lat' dir='ltr'><strong>placuerit,</strong></span> <span class='ocrx_word' id='word_1_230' title='bbox 554 1891 638 1915; x_wconf 87' lang='lat' dir='ltr'><strong>eum</strong></span> <span class='ocrx_word' id='word_1_231' title='bbox 654 1882 802 1916; x_wconf 89' lang='lat' dir='ltr'><strong>fortuna</strong></span> <span class='ocrx_word' id='word_1_232' title='bbox 826 1885 953 1919; x_wconf 77' lang='lat' dir='ltr'><strong>vicarii</strong></span> <span class='ocrx_word' id='word_1_233' title='bbox 977 1884 1179 1927; x_wconf 87' lang='lat' dir='ltr'><strong>honorare,</strong></span> <span class='ocrx_word' id='word_1_234' title='bbox 1204 1887 1254 1930; x_wconf 83' lang='lat' dir='ltr'><strong>is,</strong></span> <span class='ocrx_word' id='word_1_235' title='bbox 1280 1889 1383 1922; x_wconf 90' lang='lat' dir='ltr'><strong>cuius</strong></span> <span class='ocrx_word' id='word_1_236' title='bbox 1403 1889 1524 1923; x_wconf 88' lang='lat' dir='ltr'><strong>locum</strong></span> <span class='ocrx_word' id='word_1_237' title='bbox 1546 1895 1604 1924; x_wconf 68' lang='lat' dir='ltr'><strong>te-</strong></span> 
     </span>
     <span class='ocr_line' id='line_1_27' title="bbox 149 1925 1604 1983; baseline 0.011 -28"><span class='ocrx_word' id='word_1_238' title='bbox 149 1928 225 1966; x_wconf 86' lang='lat' dir='ltr'><strong>net,</strong></span> <span class='ocrx_word' id='word_1_239' title='bbox 246 1925 387 1958; x_wconf 82' lang='lat' dir='ltr'><strong>nullam</strong></span> <span class='ocrx_word' id='word_1_240' title='bbox 404 1926 614 1961; x_wconf 84' lang='lat' dir='ltr'><strong>libertatem</strong></span> <span class='ocrx_word' id='word_1_241' title='bbox 637 1930 780 1976; x_wconf 90' lang='lat' dir='ltr'><strong>aliquid</strong></span> <span class='ocrx_word' id='word_1_242' title='bbox 793 1931 959 1965; x_wconf 87' lang='lat' dir='ltr'><strong>sumendi</strong></span> <span class='ocrx_word' id='word_1_243' title='bbox 981 1932 1102 1966; x_wconf 82' lang='lat' dir='ltr'><strong>habet.</strong></span> <span class='ocrx_word' id='word_1_244' title='bbox 1128 1934 1253 1967; x_wconf 89' lang='lat' dir='ltr'><strong>Finito</strong></span> <span class='ocrx_word' id='word_1_245' title='bbox 1274 1937 1470 1972; x_wconf 82' lang='lat' dir='ltr'><strong>certamine</strong></span> <span class='ocrx_word' id='word_1_246' title='bbox 1490 1948 1604 1983; x_wconf 87' lang='lat' dir='ltr'><strong>eque-</strong></span> 
     </span>
     <span class='ocr_line' id='line_1_28' title="bbox 147 1971 1602 2025; baseline 0.009 -21"><span class='ocrx_word' id='word_1_247' title='bbox 147 1971 236 2013; x_wconf 78' lang='lat' dir='ltr'><strong>stri,</strong></span> <span class='ocrx_word' id='word_1_248' title='bbox 269 1972 309 2004; x_wconf 86' lang='lat' dir='ltr'><strong>in</strong></span> <span class='ocrx_word' id='word_1_249' title='bbox 329 1983 401 2018; x_wconf 88' lang='lat' dir='ltr'><strong>quo</strong></span> <span class='ocrx_word' id='word_1_250' title='bbox 424 1974 544 2008; x_wconf 89' lang='lat' dir='ltr'><strong>locum</strong></span> <span class='ocrx_word' id='word_1_251' title='bbox 573 1976 723 2010; x_wconf 86' lang='lat' dir='ltr'><strong>alterius</strong></span> <span class='ocrx_word' id='word_1_252' title='bbox 747 1980 877 2023; x_wconf 83' lang='lat' dir='ltr'><strong>gessit,</strong></span> <span class='ocrx_word' id='word_1_253' title='bbox 915 1979 1000 2012; x_wconf 91' lang='lat' dir='ltr'><strong>dum</strong></span> <span class='ocrx_word' id='word_1_254' title='bbox 1021 1982 1181 2025; x_wconf 88' lang='lat' dir='ltr'><strong>praemia</strong></span> <span class='ocrx_word' id='word_1_255' title='bbox 1203 1983 1369 2016; x_wconf 81' lang='lat' dir='ltr'><strong>solennia</strong></span> <span class='ocrx_word' id='word_1_256' title='bbox 1393 1985 1602 2017; x_wconf 84' lang='lat' dir='ltr'><strong>certaminis</strong></span> 
     </span>
     <span class='ocr_line' id='line_1_29' title="bbox 143 2017 1603 2076; baseline 0.01 -26"><span class='ocrx_word' id='word_1_257' title='bbox 143 2017 381 2062; x_wconf 83' lang='lat' dir='ltr'><strong>proferuntur</strong></span> <span class='ocrx_word' id='word_1_258' title='bbox 400 2025 438 2054; x_wconf 87' lang='lat' dir='ltr'><strong>et</strong></span> <span class='ocrx_word' id='word_1_259' title='bbox 454 2023 608 2057; x_wconf 81' lang='lat' dir='ltr'><strong>vicarius</strong></span> <span class='ocrx_word' id='word_1_260' title='bbox 627 2024 750 2066; x_wconf 86' lang='lat' dir='ltr'><strong>adest,</strong></span> <span class='ocrx_word' id='word_1_261' title='bbox 774 2037 840 2070; x_wconf 89' lang='lat' dir='ltr'><strong>per</strong></span> <span class='ocrx_word' id='word_1_262' title='bbox 850 2031 967 2060; x_wconf 90' lang='lat' dir='ltr'><strong>totum</strong></span> <span class='ocrx_word' id='word_1_263' title='bbox 986 2027 1081 2060; x_wconf 84' lang='lat' dir='ltr'><strong>diem</strong></span> <span class='ocrx_word' id='word_1_264' title='bbox 1095 2033 1167 2061; x_wconf 85' lang='lat' dir='ltr'><strong>tres</strong></span> <span class='ocrx_word' id='word_1_265' title='bbox 1190 2041 1356 2065; x_wconf 87' lang='lat' dir='ltr'><strong>nummos</strong></span> <span class='ocrx_word' id='word_1_266' title='bbox 1371 2033 1513 2076; x_wconf 85' lang='lat' dir='ltr'><strong>accipit.</strong></span> <span class='ocrx_word' id='word_1_267' title='bbox 1563 2031 1603 2065; x_wconf 89' lang='lat' dir='ltr'><strong>Si</strong></span> 
     </span>
     <span class='ocr_line' id='line_1_30' title="bbox 144 2066 1603 2124; baseline 0.01 -27"><span class='ocrx_word' id='word_1_268' title='bbox 144 2074 231 2098; x_wconf 84' lang='lat' dir='ltr'><strong>vero</strong></span> <span class='ocrx_word' id='word_1_269' title='bbox 251 2066 462 2109; x_wconf 78' lang='lat' dir='ltr'><strong>victoriam,</strong></span> <span class='ocrx_word' id='word_1_270' title='bbox 487 2075 529 2102; x_wconf 88' lang='lat' dir='ltr'><strong>ut</strong></span> <span class='ocrx_word' id='word_1_271' title='bbox 552 2070 731 2112; x_wconf 74' lang='lat' dir='ltr'><strong>diximus,</strong></span> <span class='ocrx_word' id='word_1_272' title='bbox 758 2075 979 2118; x_wconf 71' lang='lat' dir='ltr'><strong>reportavit,</strong></span> <span class='ocrx_word' id='word_1_273' title='bbox 1005 2075 1106 2120; x_wconf 88' lang='lat' dir='ltr'><strong>quod</strong></span> <span class='ocrx_word' id='word_1_274' title='bbox 1127 2083 1313 2121; x_wconf 86' lang='lat' dir='ltr'><strong>superest,</strong></span> <span class='ocrx_word' id='word_1_275' title='bbox 1344 2079 1471 2113; x_wconf 81' lang='lat' dir='ltr'><strong>vicarii</strong></span> <span class='ocrx_word' id='word_1_276' title='bbox 1494 2090 1603 2124; x_wconf 89' lang='lat' dir='ltr'><strong>prae-</strong></span> 
     </span>
     <span class='ocr_line' id='line_1_31' title="bbox 144 2111 1599 2166; baseline 0.01 -23"><span class='ocrx_word' id='word_1_277' title='bbox 144 2111 260 2145; x_wconf 86' lang='lat' dir='ltr'><strong>mium</strong></span> <span class='ocrx_word' id='word_1_278' title='bbox 279 2113 350 2158; x_wconf 89' lang='lat' dir='ltr'><strong>ipsi</strong></span> <span class='ocrx_word' id='word_1_279' title='bbox 371 2114 487 2148; x_wconf 83' lang='lat' dir='ltr'><strong>datur.</strong></span> <span class='ocrx_word' id='word_1_280' title='bbox 537 2116 631 2164; x_wconf 82' lang='grc' dir='ltr'>(ΙΙ.)</span> <span class='ocrx_word' id='word_1_281' title='bbox 657 2119 694 2152; x_wconf 89' lang='lat' dir='ltr'><strong>Si</strong></span> <span class='ocrx_word' id='word_1_282' title='bbox 716 2130 782 2164; x_wconf 89' lang='lat' dir='ltr'><strong>per</strong></span> <span class='ocrx_word' id='word_1_283' title='bbox 805 2125 947 2166; x_wconf 85' lang='lat' dir='ltr'><strong>tempus</strong></span> <span class='ocrx_word' id='word_1_284' title='bbox 972 2123 1145 2156; x_wconf 88' lang='lat' dir='ltr'><strong>vicarium</strong></span> <span class='ocrx_word' id='word_1_285' title='bbox 1162 2135 1293 2157; x_wconf 85' lang='lat' dir='ltr'><strong>munus</strong></span> <span class='ocrx_word' id='word_1_286' title='bbox 1314 2136 1481 2159; x_wconf 81' lang='lat' dir='ltr'><strong>exercerc</strong></span> <span class='ocrx_word' id='word_1_287' title='bbox 1499 2127 1599 2158; x_wconf 88' lang='lat' dir='ltr'><strong>auri-</strong></span> 
     </span>
     <span class='ocr_line' id='line_1_32' title="bbox 144 2157 1599 2217; baseline 0.011 -28"><span class='ocrx_word' id='word_1_288' title='bbox 144 2167 210 2202; x_wconf 82' lang='lat' dir='ltr'><strong>gae</strong></span> <span class='ocrx_word' id='word_1_289' title='bbox 231 2157 371 2193; x_wconf 81' lang='lat' dir='ltr'><strong>bullam</strong></span> <span class='ocrx_word' id='word_1_290' title='bbox 391 2161 543 2196; x_wconf 88' lang='lat' dir='ltr'><strong>habenti</strong></span> <span class='ocrx_word' id='word_1_291' title='bbox 562 2166 758 2210; x_wconf 79' lang='lat' dir='ltr'><strong>contingit,</strong></span> <span class='ocrx_word' id='word_1_292' title='bbox 784 2169 1012 2202; x_wconf 87' lang='lat' dir='ltr'><strong>consuetudo</strong></span> <span class='ocrx_word' id='word_1_293' title='bbox 1035 2176 1107 2212; x_wconf 88' lang='lat' dir='ltr'><strong>est,</strong></span> <span class='ocrx_word' id='word_1_294' title='bbox 1132 2175 1174 2203; x_wconf 85' lang='lat' dir='ltr'><strong>ut</strong></span> <span class='ocrx_word' id='word_1_295' title='bbox 1192 2172 1247 2213; x_wconf 81' lang='lat' dir='ltr'><strong>ci,</strong></span> <span class='ocrx_word' id='word_1_296' title='bbox 1271 2173 1374 2206; x_wconf 87' lang='lat' dir='ltr'><strong>cuius</strong></span> <span class='ocrx_word' id='word_1_297' title='bbox 1394 2174 1490 2207; x_wconf 74' lang='lat' dir='ltr'><strong>vices</strong></span> <span class='ocrx_word' id='word_1_298' title='bbox 1518 2185 1599 2217; x_wconf 81' lang='lat' dir='ltr'><strong>ges-</strong></span> 
     </span>
     <span class='ocr_line' id='line_1_33' title="bbox 145 2204 1599 2263; baseline 0.011 -27"><span class='ocrx_word' id='word_1_299' title='bbox 145 2204 212 2245; x_wconf 75' lang='lat' dir='ltr'><strong>sit,</strong></span> <span class='ocrx_word' id='word_1_300' title='bbox 239 2209 400 2251; x_wconf 86' lang='lat' dir='ltr'><strong>praemia</strong></span> <span class='ocrx_word' id='word_1_301' title='bbox 425 2214 463 2242; x_wconf 87' lang='lat' dir='ltr'><strong>ct</strong></span> <span class='ocrx_word' id='word_1_302' title='bbox 482 2221 633 2244; x_wconf 86' lang='lat' dir='ltr'><strong>munera</strong></span> <span class='ocrx_word' id='word_1_303' title='bbox 653 2213 871 2260; x_wconf 60' lang='lat' dir='ltr'><strong>tradantur.&gt;</strong></span> <span class='ocrx_word' id='word_1_304' title='bbox 903 2216 940 2250; x_wconf 89' lang='lat' dir='ltr'><strong>Si</strong></span> <span class='ocrx_word' id='word_1_305' title='bbox 968 2218 1158 2263; x_wconf 87' lang='lat' dir='ltr'><strong>proprium</strong></span> <span class='ocrx_word' id='word_1_306' title='bbox 1188 2230 1332 2253; x_wconf 89' lang='lat' dir='ltr'><strong>currum</strong></span> <span class='ocrx_word' id='word_1_307' title='bbox 1351 2221 1510 2254; x_wconf 86' lang='lat' dir='ltr'><strong>vicarius</strong></span> <span class='ocrx_word' id='word_1_308' title='bbox 1531 2220 1599 2252; x_wconf 86' lang='lat' dir='ltr'><strong>ha-</strong></span> 
     </span>
     <span class='ocr_line' id='line_1_34' title="bbox 143 2249 1599 2312; baseline 0.012 -30"><span class='ocrx_word' id='word_1_309' title='bbox 143 2249 228 2292; x_wconf 81' lang='lat' dir='ltr'><strong>bet,</strong></span> <span class='ocrx_word' id='word_1_310' title='bbox 251 2263 318 2286; x_wconf 84' lang='lat' dir='ltr'><strong>nec</strong></span> <span class='ocrx_word' id='word_1_311' title='bbox 346 2255 495 2289; x_wconf 86' lang='lat' dir='ltr'><strong>alterius</strong></span> <span class='ocrx_word' id='word_1_312' title='bbox 529 2269 672 2292; x_wconf 87' lang='lat' dir='ltr'><strong>currum</strong></span> <span class='ocrx_word' id='word_1_313' title='bbox 702 2262 930 2304; x_wconf 88' lang='lat' dir='ltr'><strong>conscendit,</strong></span> <span class='ocrx_word' id='word_1_314' title='bbox 958 2275 1024 2308; x_wconf 89' lang='lat' dir='ltr'><strong>pro</strong></span> <span class='ocrx_word' id='word_1_315' title='bbox 1058 2275 1163 2298; x_wconf 89' lang='lat' dir='ltr'><strong>curru</strong></span> <span class='ocrx_word' id='word_1_316' title='bbox 1191 2277 1257 2299; x_wconf 90' lang='lat' dir='ltr'><strong>suo</strong></span> <span class='ocrx_word' id='word_1_317' title='bbox 1288 2268 1441 2312; x_wconf 83' lang='lat' dir='ltr'><strong>singulis</strong></span> <span class='ocrx_word' id='word_1_318' title='bbox 1466 2268 1599 2300; x_wconf 88' lang='lat' dir='ltr'><strong>diebus</strong></span> 
     </span>
     <span class='ocr_line' id='line_1_35' title="bbox 142 2301 1600 2360; baseline 0.015 -32"><span class='ocrx_word' id='word_1_319' title='bbox 142 2307 309 2331; x_wconf 80' lang='lat' dir='ltr'><strong>nummos</strong></span> <span class='ocrx_word' id='word_1_320' title='bbox 326 2301 406 2336; x_wconf 77' lang='lat' dir='ltr'><strong>XVI</strong></span> <span class='ocrx_word' id='word_1_321' title='bbox 425 2313 469 2336; x_wconf 79' lang='lat' dir='ltr'><strong>ex</strong></span> <span class='ocrx_word' id='word_1_322' title='bbox 490 2307 703 2340; x_wconf 85' lang='lat' dir='ltr'><strong>muneribus</strong></span> <span class='ocrx_word' id='word_1_323' title='bbox 730 2313 767 2340; x_wconf 88' lang='lat' dir='ltr'><strong>et</strong></span> <span class='ocrx_word' id='word_1_324' title='bbox 788 2310 860 2354; x_wconf 88' lang='lat' dir='ltr'><strong>ipsi</strong></span> <span class='ocrx_word' id='word_1_325' title='bbox 875 2309 999 2344; x_wconf 87' lang='lat' dir='ltr'><strong>debita</strong></span> <span class='ocrx_word' id='word_1_326' title='bbox 1014 2322 1034 2343; x_wconf 86' lang='lat' dir='ltr'><strong>a</strong></span> <span class='ocrx_word' id='word_1_327' title='bbox 1058 2311 1287 2357; x_wconf 81' lang='lat' dir='ltr'><strong>combigariis</strong></span> <span class='ocrx_word' id='word_1_328' title='bbox 1311 2316 1406 2356; x_wconf 88' lang='lat' dir='ltr'><strong>suis,</strong></span> <span class='ocrx_word' id='word_1_329' title='bbox 1443 2326 1487 2348; x_wconf 80' lang='lat' dir='ltr'><strong>cx</strong></span> <span class='ocrx_word' id='word_1_330' title='bbox 1508 2325 1600 2360; x_wconf 88' lang='lat' dir='ltr'><strong>qua-</strong></span> 
     </span>
     <span class='ocr_line' id='line_1_36' title="bbox 145 2346 1596 2401; baseline 0.012 -26"><span class='ocrx_word' id='word_1_331' title='bbox 145 2353 290 2390; x_wconf 84' lang='lat' dir='ltr'><strong>cunque</strong></span> <span class='ocrx_word' id='word_1_332' title='bbox 313 2346 471 2382; x_wconf 77' lang='lat' dir='ltr'><strong>factione</strong></span> <span class='ocrx_word' id='word_1_333' title='bbox 491 2351 557 2392; x_wconf 87' lang='lat' dir='ltr'><strong>sit,</strong></span> <span class='ocrx_word' id='word_1_334' title='bbox 583 2364 648 2397; x_wconf 90' lang='lat' dir='ltr'><strong>pro</strong></span> <span class='ocrx_word' id='word_1_335' title='bbox 674 2365 774 2388; x_wconf 84' lang='lat' dir='ltr'><strong>more</strong></span> <span class='ocrx_word' id='word_1_336' title='bbox 797 2357 941 2401; x_wconf 79' lang='lat' dir='ltr'><strong>accipit,</strong></span> <span class='ocrx_word' id='word_1_337' title='bbox 989 2359 1067 2392; x_wconf 89' lang='lat' dir='ltr'><strong>Deo</strong></span> <span class='ocrx_word' id='word_1_338' title='bbox 1097 2365 1218 2393; x_wconf 84' lang='lat' dir='ltr'><strong>autem</strong></span> <span class='ocrx_word' id='word_1_339' title='bbox 1246 2362 1436 2394; x_wconf 80' lang='lat' dir='ltr'><strong>victoriam</strong></span> <span class='ocrx_word' id='word_1_340' title='bbox 1466 2372 1596 2393; x_wconf 89' lang='lat' dir='ltr'><strong>conce-</strong></span> 
     </span>
     <span class='ocr_line' id='line_1_37' title="bbox 145 2388 1598 2448; baseline 0.012 -27"><span class='ocrx_word' id='word_1_341' title='bbox 145 2388 276 2432; x_wconf 85' lang='lat' dir='ltr'><strong>dente,</strong></span> <span class='ocrx_word' id='word_1_342' title='bbox 299 2394 453 2428; x_wconf 79' lang='lat' dir='ltr'><strong>vicarius</strong></span> <span class='ocrx_word' id='word_1_343' title='bbox 474 2408 617 2431; x_wconf 89' lang='lat' dir='ltr'><strong>currum</strong></span> <span class='ocrx_word' id='word_1_344' title='bbox 642 2401 847 2435; x_wconf 82' lang='lat' dir='ltr'><strong>saltationis</strong></span> <span class='ocrx_word' id='word_1_345' title='bbox 866 2415 972 2436; x_wconf 89' lang='lat' dir='ltr'><strong>causa</strong></span> <span class='ocrx_word' id='word_1_346' title='bbox 998 2417 1072 2439; x_wconf 88' lang='lat' dir='ltr'><strong>non</strong></span> <span class='ocrx_word' id='word_1_347' title='bbox 1094 2408 1324 2448; x_wconf 87' lang='lat' dir='ltr'><strong>conscendit,</strong></span> <span class='ocrx_word' id='word_1_348' title='bbox 1359 2409 1430 2441; x_wconf 82' lang='lat' dir='ltr'><strong>nisi</strong></span> <span class='ocrx_word' id='word_1_349' title='bbox 1456 2408 1598 2440; x_wconf 88' lang='lat' dir='ltr'><strong>bullam</strong></span> 
     </span>
     <span class='ocr_line' id='line_1_38' title="bbox 142 2435 1597 2499; baseline 0.017 -32"><span class='ocrx_word' id='word_1_350' title='bbox 142 2435 306 2490; x_wconf 51' lang='lat' dir='ltr'><strong>liabens,</strong></span> <span class='ocrx_word' id='word_1_351' title='bbox 342 2451 405 2474; x_wconf 83' lang='lat' dir='ltr'><strong>seu</strong></span> <span class='ocrx_word' id='word_1_352' title='bbox 426 2443 683 2488; x_wconf 70' lang='lat' dir='ltr'><strong>sacfionarius,</strong></span> <span class='ocrx_word' id='word_1_353' title='bbox 712 2460 775 2482; x_wconf 88' lang='lat' dir='ltr'><strong>seu</strong></span> <span class='ocrx_word' id='word_1_354' title='bbox 807 2450 1064 2496; x_wconf 84' lang='lat' dir='ltr'><strong>micropanites</strong></span> <span class='ocrx_word' id='word_1_355' title='bbox 1095 2455 1161 2487; x_wconf 90' lang='lat' dir='ltr'><strong>sit:</strong></span> <span class='ocrx_word' id='word_1_356' title='bbox 1187 2456 1217 2487; x_wconf 90' lang='lat' dir='ltr'><strong>si</strong></span> <span class='ocrx_word' id='word_1_357' title='bbox 1243 2455 1452 2488; x_wconf 85' lang='lat' dir='ltr'><strong>factionarii</strong></span> <span class='ocrx_word' id='word_1_358' title='bbox 1474 2460 1597 2499; x_wconf 70' lang='lat' dir='ltr'><strong>partes</strong></span> 
     </span>
     <span class='ocr_line' id='line_1_39' title="bbox 142 2484 1598 2542; baseline 0.013 -28"><span class='ocrx_word' id='word_1_359' title='bbox 142 2488 256 2536; x_wconf 75' lang='lat' dir='ltr'><strong>gerit,</strong></span> <span class='ocrx_word' id='word_1_360' title='bbox 280 2484 360 2538; x_wconf 63' lang='lat' dir='ltr'><strong>ioco</strong></span> <span class='ocrx_word' id='word_1_361' title='bbox 389 2489 466 2522; x_wconf 82' lang='lat' dir='ltr'><strong>eius</strong></span> <span class='ocrx_word' id='word_1_362' title='bbox 489 2491 535 2523; x_wconf 86' lang='lat' dir='ltr'><strong>ad</strong></span> <span class='ocrx_word' id='word_1_363' title='bbox 560 2492 720 2528; x_wconf 75' lang='lat' dir='ltr'><strong>dextram</strong></span> <span class='ocrx_word' id='word_1_364' title='bbox 747 2497 1009 2542; x_wconf 79' lang='lat' dir='ltr'><strong>micropanitae</strong></span> <span class='ocrx_word' id='word_1_365' title='bbox 1037 2500 1221 2542; x_wconf 82' lang='lat' dir='ltr'><strong>ambulat,</strong></span> <span class='ocrx_word' id='word_1_366' title='bbox 1257 2502 1303 2534; x_wconf 87' lang='lat' dir='ltr'><strong>ad</strong></span> <span class='ocrx_word' id='word_1_367' title='bbox 1328 2502 1513 2534; x_wconf 83' lang='lat' dir='ltr'><strong>sinistram</strong></span> <span class='ocrx_word' id='word_1_368' title='bbox 1542 2501 1598 2533; x_wconf 87' lang='lat' dir='ltr'><strong>fa-</strong></span> 
     </span>
     <span class='ocr_line' id='line_1_40' title="bbox 142 2532 1596 2592; baseline 0.014 -33"><span class='ocrx_word' id='word_1_369' title='bbox 142 2532 312 2563; x_wconf 80' lang='lat' dir='ltr'><strong>ctlonarli</strong></span> <span class='ocrx_word' id='word_1_370' title='bbox 343 2539 485 2578; x_wconf 79' lang='lat' dir='ltr'><strong>autem,</strong></span> <span class='ocrx_word' id='word_1_371' title='bbox 519 2538 549 2570; x_wconf 82' lang='lat' dir='ltr'><strong>si</strong></span> <span class='ocrx_word' id='word_1_372' title='bbox 572 2541 835 2586; x_wconf 86' lang='lat' dir='ltr'><strong>micropanitae</strong></span> <span class='ocrx_word' id='word_1_373' title='bbox 861 2545 1035 2579; x_wconf 81' lang='lat' dir='ltr'><strong>vicarium</strong></span> <span class='ocrx_word' id='word_1_374' title='bbox 1062 2548 1146 2592; x_wconf 84' lang='lat' dir='ltr'><strong>egit.</strong></span> <span class='ocrx_word' id='word_1_375' title='bbox 1197 2549 1234 2582; x_wconf 92' lang='lat' dir='ltr'><strong>Si</strong></span> <span class='ocrx_word' id='word_1_376' title='bbox 1262 2549 1356 2581; x_wconf 88' lang='lat' dir='ltr'><strong>forte</strong></span> <span class='ocrx_word' id='word_1_377' title='bbox 1389 2550 1596 2591; x_wconf 85' lang='lat' dir='ltr'><strong>aurigarum</strong></span> 
     </span>
     <span class='ocr_line' id='line_1_41' title="bbox 141 2574 1595 2641; baseline 0.015 -35"><span class='ocrx_word' id='word_1_378' title='bbox 141 2574 243 2608; x_wconf 85' lang='lat' dir='ltr'><strong>bulla</strong></span> <span class='ocrx_word' id='word_1_379' title='bbox 264 2583 464 2614; x_wconf 85' lang='lat' dir='ltr'><strong>creatorum</strong></span> <span class='ocrx_word' id='word_1_380' title='bbox 487 2584 620 2630; x_wconf 83' lang='lat' dir='ltr'><strong>aliquis</strong></span> <span class='ocrx_word' id='word_1_381' title='bbox 639 2587 880 2631; x_wconf 82' lang='lat' dir='ltr'><strong>aberraverit,</strong></span> <span class='ocrx_word' id='word_1_382' title='bbox 906 2597 970 2624; x_wconf 89' lang='lat' dir='ltr'><strong>aut</strong></span> <span class='ocrx_word' id='word_1_383' title='bbox 986 2593 1033 2625; x_wconf 92' lang='lat' dir='ltr'><strong>ob</strong></span> <span class='ocrx_word' id='word_1_384' title='bbox 1054 2595 1347 2641; x_wconf 81' lang='lat' dir='ltr'><strong>qualemcunque</strong></span> <span class='ocrx_word' id='word_1_385' title='bbox 1365 2599 1595 2640; x_wconf 82' lang='lat' dir='ltr'><strong>praetextum</strong></span> 
     </span>
     <span class='ocr_line' id='line_1_42' title="bbox 141 2628 1594 2687; baseline 0.013 -32"><span class='ocrx_word' id='word_1_386' title='bbox 141 2628 325 2677; x_wconf 70' lang='lat' dir='ltr'><strong>certarnen</strong></span> <span class='ocrx_word' id='word_1_387' title='bbox 346 2629 495 2680; x_wconf 71' lang='lat' dir='ltr'><strong>omnino</strong></span> <span class='ocrx_word' id='word_1_388' title='bbox 515 2630 734 2677; x_wconf 85' lang='lat' dir='ltr'><strong>deseruerit,</strong></span> <span class='ocrx_word' id='word_1_389' title='bbox 760 2638 909 2682; x_wconf 85' lang='lat' dir='ltr'><strong>quintus</strong></span> <span class='ocrx_word' id='word_1_390' title='bbox 930 2641 1053 2686; x_wconf 82' lang='lat' dir='ltr'><strong>auriga</strong></span> <span class='ocrx_word' id='word_1_391' title='bbox 1084 2642 1250 2687; x_wconf 87' lang='lat' dir='ltr'><strong>eligitur,</strong></span> <span class='ocrx_word' id='word_1_392' title='bbox 1290 2647 1354 2674; x_wconf 83' lang='lat' dir='ltr'><strong>aut</strong></span> <span class='ocrx_word' id='word_1_393' title='bbox 1375 2653 1419 2674; x_wconf 79' lang='lat' dir='ltr'><strong>cx</strong></span> <span class='ocrx_word' id='word_1_394' title='bbox 1441 2641 1594 2686; x_wconf 86' lang='lat' dir='ltr'><strong>reliquis</strong></span> 
     </span>
     <span class='ocr_line' id='line_1_43' title="bbox 142 2667 1593 2731; baseline 0.014 -32"><span class='ocrx_word' id='word_1_395' title='bbox 142 2667 313 2715; x_wconf 71' lang='lat' dir='ltr'><strong>bigariiS,</strong></span> <span class='ocrx_word' id='word_1_396' title='bbox 339 2683 403 2717; x_wconf 83' lang='lat' dir='ltr'><strong>qui</strong></span> <span class='ocrx_word' id='word_1_397' title='bbox 425 2677 635 2719; x_wconf 81' lang='lat' dir='ltr'><strong>aptissimus</strong></span> <span class='ocrx_word' id='word_1_398' title='bbox 657 2686 732 2715; x_wconf 86' lang='lat' dir='ltr'><strong>est:</strong></span> <span class='ocrx_word' id='word_1_399' title='bbox 759 2685 868 2716; x_wconf 83' lang='lat' dir='ltr'><strong>etiam</strong></span> <span class='ocrx_word' id='word_1_400' title='bbox 888 2686 917 2718; x_wconf 90' lang='lat' dir='ltr'><strong>si</strong></span> <span class='ocrx_word' id='word_1_401' title='bbox 938 2698 982 2720; x_wconf 77' lang='lat' dir='ltr'><strong>ex</strong></span> <span class='ocrx_word' id='word_1_402' title='bbox 1002 2688 1074 2719; x_wconf 89' lang='lat' dir='ltr'><strong>alia</strong></span> <span class='ocrx_word' id='word_1_403' title='bbox 1094 2689 1252 2721; x_wconf 84' lang='lat' dir='ltr'><strong>factione</strong></span> <span class='ocrx_word' id='word_1_404' title='bbox 1275 2689 1412 2721; x_wconf 84' lang='lat' dir='ltr'><strong>electus</strong></span> <span class='ocrx_word' id='word_1_405' title='bbox 1431 2687 1593 2731; x_wconf 81' lang='lat' dir='ltr'><strong>bigarius</strong></span> 
     </span>
    </p>
   </div>
   <div class='ocr_carea' id='block_1_5' title="bbox 142 2721 1594 2782">
    <p class='ocr_par' dir='ltr' id='par_1_5' title="bbox 142 2721 1594 2782">
     <span class='ocr_line' id='line_1_44' title="bbox 142 2721 1594 2782; baseline 0.015 -35"><span class='ocrx_word' id='word_1_406' title='bbox 142 2721 210 2757; x_wconf 78' lang='lat' dir='ltr'><strong>sit,</strong></span> <span class='ocrx_word' id='word_1_407' title='bbox 236 2727 393 2764; x_wconf 88' lang='lat' dir='ltr'><strong>eumque</strong></span> <span class='ocrx_word' id='word_1_408' title='bbox 413 2724 524 2756; x_wconf 83' lang='lat' dir='ltr'><strong>ceteri</strong></span> <span class='ocrx_word' id='word_1_409' title='bbox 550 2725 588 2758; x_wconf 87' lang='lat' dir='ltr'><strong>in</strong></span> <span class='ocrx_word' id='word_1_410' title='bbox 605 2737 707 2761; x_wconf 80' lang='lat' dir='ltr'><strong>suam</strong></span> <span class='ocrx_word' id='word_1_411' title='bbox 725 2729 921 2765; x_wconf 81' lang='lat' dir='ltr'><strong>factionem</strong></span> <span class='ocrx_word' id='word_1_412' title='bbox 942 2736 1125 2780; x_wconf 88' lang='lat' dir='ltr'><strong>suscipere</strong></span> <span class='ocrx_word' id='word_1_413' title='bbox 1141 2736 1289 2777; x_wconf 75' lang='lat' dir='ltr'><strong>volunt,</strong></span> <span class='ocrx_word' id='word_1_414' title='bbox 1316 2736 1594 2782; x_wconf 83' lang='lat' dir='ltr'><strong>micropanitem</strong></span> 
     </span>
    </p>
   </div>
  </div>
 </body>
</html>
