1748 3126
615 146 1035 190 PRAEFATIONFS.
1477 149 1550 190 XV

89 266 186 296 'non
215 253 398 296 illustret.
452 251 495 292 Si
522 266 643 306 quem
663 254 815 292 rituum
835 251 1191 292 ecclesiasticorum
1223 249 1398 291 studium
1425 254 1550 307 capit,

105 327 317 375 cognoseat
342 320 462 369 hinc,
490 319 619 373 qualis
655 319 777 358 filerit
804 318 991 358 ecclesiae
1029 319 1208 358 Graecae
1247 318 1367 358 sacioe
1394 318 1551 359 decimo

105 395 197 441 post
222 387 277 428 N.
308 386 356 426 C.
386 385 544 434 saeculo
558 415 571 436 ‚
609 399 713 439 quae
740 384 1001 439 legendorum
1041 384 1370 424 Patriarcharum
1411 386 1515 424 ratio
1535 415 1549 436 ‚

106 453 236 508 qualis
253 466 393 493 eorum
419 467 513 492 cnm
542 453 625 491 suis
654 451 969 505 Imperatoribus
996 450 1260 499 consuetudo,
1290 465 1394 504 quae
1419 452 1550 491 Grae-

104 533 245 559 enrum
281 518 536 558 oeclaeiarum
568 524 702 572 partes
740 524 781 557 et
814 524 1042 567 structura,
1082 530 1186 571 quae
1223 518 1406 556 instituta
1443 517 1550 557 cele-

102 585 251 626 brandi
282 584 413 624 divini
438 583 570 623 cultus
591 613 604 635 ‚
645 585 715 638 qui
742 585 828 623 eius
851 584 1052 635 ministri,
1096 585 1187 637 quis
1226 583 1326 622 ordo
1354 584 1549 623 festorum

105 651 262 692 dierum
278 681 291 702 ‚
318 664 422 704 quae
448 664 584 690 sacrae
609 651 909 703 processiones,
951 663 1075 703 quas,
1114 649 1260 703 quibus
1286 649 1456 702 diebus,
1493 651 1547 690 ad

42 737 48 741 ·
102 717 222 758 aedes
249 718 542 757 monasteriave
566 715 805 756 celebriora.
881 716 1035 755 Rerum
1061 722 1196 754 autem
1231 715 1413 755 civilium
1449 730 1548 756 con-

102 783 311 838 templatio
337 784 372 822 si
400 796 520 837 quem
549 783 677 836 magis
703 781 895 832 delectat,
932 789 1069 822 vastus
1105 781 1165 820 illi
1201 796 1244 821 se
1278 796 1444 836 campus
1479 782 1548 821 hic

103 849 245 903 pandit
265 855 444 904 spectatu
466 848 611 902 dignus
636 850 788 902 pariter
813 855 936 902 atque
962 847 1178 887 iucundus.
1236 848 1435 887 Creantur
1459 848 1549 888 Au-

105 916 211 969 gusti
226 943 240 966 ,
276 913 479 954 celebrant
521 915 681 968 nuptias
698 943 712 964 ‚
751 920 1036 967 susceptosque
1063 927 1203 953 recens
1229 912 1377 953 liberos
1405 922 1551 955 curant

104 991 219 1023 samo
262 980 423 1020 lavacro
459 981 501 1019 in
541 979 706 1020 eccloeia
744 981 923 1035 expiari3
962 979 1175 1020 conserunt
1211 980 1423 1034 dignitates
1437 1011 1449 1031 ‚
1495 982 1548 1021 ad

100 1046 332 1088 suburbana
358 1046 507 1100 palatia
530 1048 791 1098 rusticatum,
829 1046 1120 1086 vindemiatum
1136 1076 1148 1097 ‚
1188 1048 1284 1086 item
1320 1047 1373 1086 ad
1401 1047 1548 1087 horrea

99 1112 276 1167 publiea,
303 1127 505 1152 annonam
537 1113 740 1152 conditam
768 1119 1006 1166 spectatum,
1034 1112 1294 1167 procedunt3
1329 1115 1548 1168 excipiunt,

98 1179 215 1221 aliter
241 1179 494 1234 quotidianas
530 1193 745 1232 procerum
783 1179 1042 1220 salutationes
1058 1209 1072 1229 ‚
1109 1178 1227 1219 aliter
1262 1187 1386 1220 statas
1413 1181 1547 1220 solen-

100 1246 262 1297 πίοι-ιη
299 1252 490 1299 perorant
517 1247 559 1284 in
597 1245 763 1284 silentiis
780 1274 794 1297 ‚
834 1252 1015 1299 spectant
1051 1246 1280 1286 Circensem
1315 1248 1510 1286 insaniam
1530 1277 1546 1298 ,

100 1311 270 1353 audiunt
292 1311 513 1351 factionum
542 1310 847 1351 acclamationes
874 1319 914 1351 et
941 1311 1221 1366 flagitationes,
1250 1314 1428 1366 praemia
1447 1313 1547 1352 dant

99 1379 249 1431 aurigis
291 1378 539 1430 victoribus,
578 1377 744 1418 missilia
783 1386 978 1432 spargunt
999 1408 1012 1429 ‚
1062 1378 1301 1433 pyrrhichas
1342 1386 1383 1418 et
1426 1379 1545 1420 ludos

99 1443 293 1485 Gothicus
318 1451 522 1498 spectant,
560 1452 656 1483 vota
671 1475 685 1495 ‚
720 1444 946 1496 brumalia,
988 1445 1140 1485 natales
1167 1453 1280 1485 ortus
1305 1447 1546 1500 imperiique

99 1516 141 1549 et
165 1506 359 1551 connubii
386 1511 449 1550 sui
474 1509 679 1550 celebrant
695 1539 708 1562 ‚
748 1510 905 1550 divinas
945 1510 1083 1565 epulas
1122 1511 1310 1551 exhibent
1324 1541 1336 1563 ,
1377 1520 1474 1552 eunt
1500 1515 1543 1552 in

97 1575 276 1628 bellum,
313 1583 438 1629 agunt
474 1577 516 1614 in
555 1577 694 1616 castris
707 1605 721 1627 ,
757 1576 927 1616 redeunt
959 1578 1002 1616 in
1040 1577 1184 1617 urbem
1223 1577 1546 1631 triumphantes,

100 1643 308 1696 victasque
329 1641 485 1681 calcant
510 1656 652 1696 regum
680 1643 884 1694 cervices.)
913 1642 1111 1696 stipendia
1137 1643 1332 1684 militibus
1359 1651 1543 1698 erogant,

100 1707 303 1747 instruunt
337 1715 379 1747 et
414 1708 630 1761 expediunt
666 1707 810 1747 classes
823 1738 835 1758 ‚
875 1708 1093 1762 admittunt
1125 1709 1275 1762 legatos
1315 1719 1542 1750 exterorum

100 1773 326 1825 principum
345 1801 360 1822 ,
406 1786 499 1811 suos
538 1774 615 1824 ipsi
647 1771 834 1825 ablegant
847 1803 860 1823 ‚
903 1787 1094 1827 pompam
1136 1781 1176 1813 et
1213 1774 1353 1814 luxum
1380 1790 1543 1816 omnem

99 1851 219 1877 suum
241 1837 439 1892 explicant
457 1867 471 1889 ,
500 1844 671 1892 egestate
697 1840 846 1891 passim
871 1841 1157 1879 transmicante
1170 1870 1183 1891 ‚
1210 1841 1374 1881 tandem
1391 1843 1542 1882 abeunt

99 1902 152 1941 ad
178 1902 329 1956 plures,
358 1910 399 1942 et
424 1905 467 1945 in
494 1911 758 1943 monumenta
782 1919 856 1944 sua
883 1905 1121 1947 inferuntur.
1174 1907 1437 1948 Perambules
1461 1909 1541 1949 hoc

83 1969 186 2022 -ipso
211 1968 316 2008 libro
342 1969 445 2008 duce
471 1968 541 2008 illa
568 1983 707 2008 eorum
733 1970 971 2023 sepulcralia
996 1980 1255 2012 monumenta
1270 2004 1283 2025 ‚
1327 1982 1367 2014 et
1394 1975 1539 2016 lustres

97 2035 369 2089 cuiuscunque
394 2049 539 2074 urnam
565 2050 659 2075 cum
697 2038 896 2091 inscriptis
932 2039 1189 2091 nominibus,
1219 2043 1262 2080 in
1289 2042 1436 2095 quibus
1463 2042 1539 2082 ali-

98 2119 180 2159 qua
205 2112 316 2156 sunt,
345 2121 449 2159 quae
476 2107 623 2147 fmstra
643 2109 687 2146 in
709 2108 916 2148 Dncsxcn
942 2109 1124 2149 Familiis
1154 2109 1383 2162 Byzantinis
1414 2122 1539 2162 quae-

99 2185 179 2212 ras.
230 2171 422 2211 Peuetres
458 2187 620 2226 quoque
656 2172 735 2212 hoc
773 2175 911 2214 eodem
947 2175 1049 2214 duce
1085 2178 1128 2215 in
1156 2177 1243 2229 ipsa
1268 2176 1537 2229 pretiosorum

97 2243 139 2276 et
163 2237 380 2290 insignium
410 2238 615 2279 orientalis
641 2241 799 2293 imperii
827 2241 1080 2292 conditoria,
1108 2256 1301 2296 areasque
1326 2243 1538 2281 vestiarias

94 2308 138 2341 et
176 2301 298 2342 aliam
332 2303 616 2356 supellectilem
653 2308 841 2346 excutias.
896 2307 1043 2347 Melius
1069 2308 1136 2348 hic
1151 2337 1165 2360 ‚
1208 2322 1330 2361 quam
1364 2321 1537 2361 usquam

98 2365 196 2409 alibi
213 2397 227 2419 ‚
266 2383 479 2422 procerum
515 2377 601 2409 tam
637 2370 940 2425 palatinorum,
979 2388 1101 2428 quam
1138 2373 1399 2425 militarium,
1438 2376 1535 2412 item

100 2435 403 2486 magimtuum
440 2435 688 2476 urbanorum
725 2437 977 2492 aliorumque
1020 2442 1224 2480 minomm
1262 2440 1423 2479 ordines
1469 2440 1534 2479 vi-

98 2497 211 2549 deus,
237 2499 484 2555 longisque
471 2517 516 2541 m
546 2503 769 2556 porticibus
796 2506 1032 2546 excubantes
1059 2521 1294 2547 numerosos
1319 2508 1534 2561 variosque
1545 2518 1650 2554 Edj„
1665 2518 1719 2552 111

98 2577 238 2618 greges
289 2569 389 2606 sacri
437 2571 617 2621 corporis
660 2570 862 2610 custodiae
902 2573 1126 2626 deputatos.
1212 2574 1332 2612 Mitto
1370 2580 1501 2612 cetera
1517 2603 1532 2624 ‚

97 2643 224 2682 quum
251 2645 275 2670 e
301 2635 481 2685 superius
507 2635 623 2675 dictis
651 2635 810 2676 abunde
836 2646 989 2678 constet
1005 2669 1017 2690 ‚
1061 2655 1149 2679 eam
1178 2653 1261 2679 esse
1295 2653 1430 2678 rerum
1456 2640 1533 2678 hoc

98 2694 140 2732 in
168 2709 289 2748 opere
320 2700 586 2750 expositarum
615 2693 847 2742 varietatem
861 2733 874 2756 ,
913 2704 1088 2758 leporem
1118 2714 1238 2758 atque
1274 2705 1532 2760 dignitatem,
