1884 3112
308 123 328 159 1
342 125 410 160 22
536 152 538 154 v
592 125 948 169 CONSTANTINI
986 126 1468 172 PORPHYROGENITI

267 230 392 275 Οτοις
410 227 487 268 τοῦ
504 230 722 283 προελθεῖν
746 226 819 269 ἐπὶ
845 226 921 282 τήν
955 223 1105 285 αὔριον
1141 230 1246 284 μετὰ
1277 227 1515 286 ἆλλαξᾴιων
1543 231 1619 288 τὴν
1643 232 1743 287 σύγ·-

304 295 454 347 κλητον
475 294 637 346 πᾶσαν,
675 291 747 334 καὶ
774 294 825 350 τῇ
849 294 980 336 ἕωθεν
1003 294 1100 351 περὶ
1126 293 1240 352 ὥραν
1268 298 1469 354 δευτέραν
1501 295 1742 340 κελεύουσιν

307 357 348 400 οἱ
375 356 571 401 δεσπόται
592 359 793 401 εἰσελθεῖν
822 358 922 409 τούς
949 365 1256 417 πραιποσίτους,
1298 366 1372 406 καί
1397 364 1448 420 δὴ
1477 363 1636 407 τούτων
1657 365 1743 407 εἰσ-

302 424 530 476 ελθόντων,
572 423 676 478 μετὰ
707 423 858 479 ὀλίγων
882 427 957 468 τοῦ
989 430 1281 482 κουβουκλείου
1318 426 1599 486 ἀπέρχονται,
1651 422 1743 482 ἅμα

300 490 376 532 τοῦ
399 489 536 531 naula
562 488 635 531 καί
657 492 728 532 τοῦ
754 488 1057 548 ἐταιρειάρχου,
1093 492 1166 534 καί
1193 493 1409 549 εἰσάγουσι
1434 494 1508 537 τὸν
1537 493 1769 551 πατριάρ-Εἱ

298 571 382 610 χην
407 553 512 608 μετὰ
540 555 614 597 καί
644 557 726 599 τῶν
759 559 1072 613 μητροπολιτῶν
1111 561 1186 602 καί
1223 562 1298 615 τῆς
1338 562 1484 616 λοιπῆς
1508 557 1644 603 αὐτοῦ
1667 559 1745 603 τά-

301 624 422 672 ξεως.
478 623 550 664 καί
584 624 658 664 τοῦ
676 621 939 680 πατριάρχου
975 626 1294 680 εἰσερχομένου,
1339 626 1409 669 διὰ
1443 628 1526 669 τῶν
1553 628 1744 681 διαβατι-

300 687 383 729 κῶν
400 690 477 729 τοῦ
493 689 716 744 τρικόγχου
741 690 994 746 εἰσέρχεται,
1028 692 1104 734 καί
1125 690 1311 748 κάθηται
1332 695 1378 735 ἐν
1401 694 1451 750 τῇ
1478 693 1646 751 καμάρᾳ
1667 694 1762 735 ‘tofi‘

298 757 639 810 χρυσοτρικλίνου
661 758 712 813 τῇ
736 750 839 814 οῧσῃ
864 756 969 813 πρὸς
991 756 1038 800 τὸ
1061 759 1267 806 πάνθεον.
1326 757 1366 800 οἷ
1400 761 1446 801 δὲ
1475 757 1744 815 πραιπόσιτοι

298 819 582 876 εἰσερχόμενοι
599 819 899 878 ἀναγγέλλουσι
923 831 1009 875 τοῖς
1038 822 1256 875 δεσπόταις
1275 823 1349 880 τὴν
1378 826 1453 867 τοῦ
1475 824 1798 880 πατριάρχουιο

299 880 464 942 ἄφιξιν,
507 886 582 929 καὶ
614 883 773 937 εὖθέως
804 888 1043 932 ἀνίστανται
1077 890 1115 933 οἱ
1147 890 1346 932 δεσπόται
1374 889 1446 932 καὶ
1481 881 1745 946 εἰσέρχονται

297 951 347 993 ἐν
381 954 434 1009 τῇ
463 951 630 1013 καμάρα
660 956 738 997 τοῦ
775 954 897 1010 ἁγίου
933 956 1180 1011 Θεοδώρου,
1228 958 1394 999 κοῖκεῖσε
1426 956 1746 1012 περιβάλλονται

299 1014 376 1065 τὰς
406 1015 566 1061 ἑαυτῶν
588 1022 804 1075 χλανίδας,
839 1023 912 1064 καί
939 1022 1203 1077 ἐξερχόμενοι
1234 1019 1391 1074 ἔξωθεν
1415 1024 1494 1065 τοῦ
1521 1019 1654 1077 βήλου
1674 1021 1747 1076 τῆς

258 1081 429 1138 Βαῦτῆς
459 1084 652 1142 καμάρας
686 1087 899 1130 ἵστανται.
929 1086 968 1129 οἱ
999 1090 1046 1130 δὲ
1081 1086 1349 1143 πραιπόσιτοι
1375 1087 1638 1142 ἐξερχόμενοι
1659 1087 1747 1128 εἰσ-

302 1146 452 1201 άγουσι
500 1148 571 1193 τόν
622 1151 908 1209 πατριάρχην”
963 1151 1003 1195 οἱ
1043 1154 1089 1194 δὲ
1128 1153 1324 1195 δεσπόται
1363 1155 1507 1195 τοῦτον
1555 1150 1663 1194 κατὰ
1696 1148 1800 1194 τόι5

301 1212 453 1265 εἰωθὸς
478 1216 758 1272 ἀσπαζόμενοι
766 1253 780 1272 ,
818 1220 1066 1270 καθέζονται
1087 1223 1177 1272 μετ’
1197 1219 1326 1261 αὐτοῦ
1345 1219 1416 1261 ἐπὶ
1426 1220 1501 1260 τοῦ
1518 1233 1750 1273 χρυσοτρι-

302 1283 445 1324 κλίνου
465 1282 613 1340 μικρόν
639 1302 693 1338 τι,
735 1284 808 1327 καὶ
830 1281 893 1328 ὅτε
914 1285 1045 1328 πάντα
1070 1287 1206 1335 καλῶς
1238 1285 1580 1341 εὖτρεπισθαῖσιν,
1612 1285 1749 1339 εἰσέρ-

299 1362 452 1399 χονται
479 1348 519 1391 οἱ
548 1350 815 1407 πραιπόσιτοι
843 1353 1062 1406 δηλοῦντες
1082 1357 1166 1401 τοῖς
1199 1351 1445 1403 δεσπόταις,
1493 1351 1566 1391 καί
1586 1346 1749 1398 εὐθέως

113 1420 178 1456 Ms.
192 1420 288 1467 6412
305 1408 545 1458 ἄνι’στανται
573 1415 613 1458 οἱ
643 1415 838 1460 δεσπόται
866 1415 973 1470 μετά
995 1418 1072 1459 τοῦ
1102 1417 1385 1473 πατριάρχου,
1421 1414 1494 1458 καί
1524 1413 1749 1470 ἐξερχόμε-

306 1497 372 1526 νοι
395 1480 503 1523 κατὰ
525 1479 598 1524 τόν
621 1482 803 1525 εἰωθότα
823 1481 984 1532 τούτοις
1013 1473 1162 1536 τόπον,
1200 1484 1438 1538 διέρχονται
1467 1479 1538 1523 διὰ
1562 1482 1636 1523 τοῦ
1655 1492 1803 1534 τρι-20

306 1550 485 1597 πέτωνος
524 1549 598 1590 καί
627 1550 704 1591 τοῦ
733 1551 965 1592 λαυσιακοῦ
1000 1550 1074 1591 καί
1109 1551 1186 1591 τοῦ
1220 1545 1515 1593 Ἰουοτινιανοῦ
1557 1545 1631 1588 καί
1666 1547 1749 1589 τῶν

309 1612 471 1656 σκύλων
493 1613 567 1656 καὶ
591 1615 671 1657 τῶν
701 1613 781 1666 ἐξω
811 1617 1063 1670 διαβατικιόν
1095 1617 1170 1657 τοῦ
1193 1615 1471 1670 Βίῐαρκιανοῦ,
1516 1615 1589 1655 καί
1619 1612 1750 1669 οἷπέρι.

306 1696 453 1734 χονται
483 1681 527 1724 ἐν
560 1682 617 1739 τῷ
649 1682 781 1723 ἐκεῖσε
815 1681 1016 1740 εὖκτηριίρ
1040 1683 1116 1723 τοῦ
1147 1681 1268 1736 ἁγιόυ
1298 1678 1530 1722 ἀποστόλου
1562 1680 1751 1735 Πέτρου.

137 1747 427 1804 Ed·L-73(B.)
452 1747 632 1803 Ἰστέον,
664 1744 747 1802 ὅτι,
785 1749 868 1791 τῶν
900 1749 1107 1791 δεσποτῶν
1132 1748 1414 1804 ἐξερχομένων
1444 1743 1524 1788 ἀπὸ
1547 1747 1624 1787 τοῦ
1642 1761 1749 1800 χρυ-

309 1812 568 1870 σοτρικλίνου
599 1813 706 1868 μετὰ
738 1815 811 1858 καί
836 1815 911 1859 τοῦ
937 1813 1222 1872 πατριάρχου,
1250 1815 1442 1857 ἵστανται
1463 1809 1636 1868 ἀντικρὺ
1665 1807 1798 1854 τῶν25

399 1917 433 1950 6.
453 1915 603 1954 λοιποῖς
623 1916 678 1949 ed.

314 2005 466 2040 cundam
490 2007 713 2052 praepositos
738 2007 880 2051 ingredi
905 2007 1047 2048 iubent,
1073 2019 1144 2054 quo
1169 2007 1284 2047 facto,
1309 2017 1389 2039 cum
1413 2005 1535 2050 paucis
1561 2002 1751 2040 cubicula-

313 2054 376 2086 riis
391 2077 399 2093 ‚
432 2064 527 2098 papa
552 2059 589 2087 et
610 2053 859 2088 hetaeriarchu
890 2054 1047 2094 abeunt,
1080 2059 1117 2087 et
1141 2051 1377 2098 patriarcham
1407 2063 1487 2084 cum
1510 2050 1752 2095 metropolitis

315 2105 352 2132 et
376 2100 516 2146 reliquo
551 2100 628 2134 eius
662 2101 786 2135 officio
822 2101 1021 2139 adducunt.
1079 2100 1154 2145 Qui
1179 2111 1244 2145 per
1270 2099 1450 2144 porticum
1476 2096 1667 2132 triconchii
1690 2095 1753 2129 in-

315 2157 467 2190 gressus,
491 2147 531 2179 in
557 2158 694 2181 camera
717 2149 818 2182 aurei
842 2148 1014 2188 triclinii,
1039 2158 1130 2192 quae
1155 2147 1319 2191 proxima
1344 2144 1502 2189 pantheo
1530 2149 1605 2184 est,
1630 2143 1752 2177 consi-

310 2192 390 2226 det.
438 2194 637 2238 Praepositi
669 2199 790 2229 autem
826 2194 976 2240 ingressi
1003 2193 1288 2239 Imperatoribus
1323 2193 1400 2225 eius
1436 2191 1630 2224 adventum
1655 2201 1756 2223 nun-

316 2241 431 2280 tiant,
466 2242 528 2286 qui
555 2246 724 2286 surgunt,
762 2247 799 2275 et
823 2251 996 2275 cameram
1021 2241 1054 2274 S.
1081 2239 1267 2274 Theodori
1292 2238 1466 2283 ingressi,
1502 2238 1643 2272 tunicas
1673 2247 1754 2269 suas

317 2285 488 2328 induunt,
515 2293 552 2321 et
576 2293 675 2322 extra
698 2289 818 2322 velum
846 2289 920 2322 eius
947 2298 1106 2321 camerae
1131 2287 1276 2332 egressi,
1302 2285 1454 2323 adstant.
1483 2285 1625 2318 Interea
1650 2293 1758 2329 prae-

317 2333 429 2379 positi
454 2334 690 2378 patriarcham
716 2334 921 2376 adducunt,
959 2346 1073 2381 quem·
1094 2334 1241 2368 Domini
1266 2344 1330 2378 pro
1356 2343 1456 2365 more
1489 2331 1696 2364 osculantur
1719 2333 1758 2363 et

344 2380 505 2413 aululum
529 2381 567 2415 in
592 2393 700 2415 aureo
732 2383 892 2416 triclinio
925 2394 1006 2415 cum
1042 2393 1083 2416 eo
1119 2379 1328 2420 consident,
1372 2379 1553 2424 rebusque
1587 2375 1756 2411 omnibus
1790 2411 1796 2414 ,

316 2391 413 2461 {ene
438 2427 632 2470 ordinatis,
663 2430 858 2473 praepositi
883 2430 1040 2470 intrant,
1073 2428 1237 2461 Dominis
1265 2426 1303 2461 id
1327 2425 1549 2465 nuntiaturi,
1584 2424 1647 2471 qui
1669 2434 1757 2478 cot}-

321 2474 444 2508 sestim
472 2486 552 2508 cum
575 2475 773 2520 patriarcha
800 2482 962 2521 surgunt,
991 2481 1028 2509 et
1046 2477 1118 2509 ritu
1146 2475 1233 2520 ipsis
1259 2473 1399 2506 solenni
1425 2473 1578 2517 egressi,
1600 2481 1666 2524 per
1688 2475 1758 2503 tn-

321 2526 504 2566 petonem,
529 2523 739 2564 lausiacum,
766 2524 1041 2563 Iustinianeum‚
1067 2523 1165 2566 scyla
1190 2527 1226 2554 et
1251 2522 1445 2553 exteriores
1471 2519 1645 2552 Marciam
1671 2527 1758 2561 por-

321 2569 416 2601 ticus
441 2573 684 2611 transeuntes,
721 2570 918 2605 oratorium
944 2572 978 2604 S.
1004 2571 1119 2610 Petri,
1164 2567 1261 2614 quod
1287 2567 1340 2600 ibi
1366 2568 1475 2600 situm
1500 2571 1572 2605 ⁰⁵¹2,
1613 2565 1755 2617 Petunt·

323 2613 412 2660 (ΙΙ.)
437 2614 629 2650 Sciendum
655 2623 727 2658 est,
760 2618 926 2651 Dominis
953 2629 1032 2651 cum
1057 2614 1260 2661 patriarcha
1286 2626 1329 2646 cx
1353 2625 1461 2646 aureo
1487 2612 1647 2646 triclinio
1671 2619 1758 2654 pro.-

325 2661 556 2705 cedentibus,
598 2669 682 2698 ante
705 2671 824 2710 portas
853 2665 929 2698 cius
962 2668 1145 2709 argenteas
1170 2660 1353 2695 eunuchos
1383 2657 1689 2712 protospatharios
1721 2659 1758 2688 et

323 2708 545 2755 logothetam
571 2723 690 2746 cursus
725 2713 863 2756 publici
888 2723 967 2748 cum
1001 2709 1292 2757 protoscriniario
1318 2713 1354 2744 et
1379 2709 1495 2754 primo
1521 2709 1758 2745 notariorum,
