1878 3112
375 90 487 157 428
643 111 998 154 CONSTANTlNl
1039 114 1518 158 PORPHYROGENm

372 209 550 264 στέψαι·
605 206 906 267 ἅπηρέσθησαν
943 215 990 255 δὲ
1027 213 1065 256 ol
1103 215 1408 271 ἒξκουβίτορες,
1451 219 1526 258 καὶ
1564 214 1803 267 ἐπελθόντες

372 278 638 317 κατέσπασαν
667 275 818 330 αὐτὸν,
863 280 936 319 καί
975 276 1144 331 ἔμελλον
1169 282 1247 332 μὲν
1274 283 1346 322 καί
1369 277 1582 337 ἀναιρεῖν,
1618 279 1803 337 εὑρεθεὶς

333 342 421 387 cd&
448 339 470 382 ὃ
496 341 790 394 εὐσεβέστατος
818 341 1018 397 δεσπότης
1055 343 1364 398 Ἰουστινιανὸς,
1405 349 1634 400 τηνικαῦτα
1661 347 1804 387 κανδι-

371 404 498 454 δάτος
523 399 607 457 α’ἰν,
641 405 853 461 έῤῥύσατο
884 405 1027 461 αὐτὸν,
1075 410 1149 450 καί
1188 404 1496 464 παρεσκεύασεν
1534 410 1662 452 αὐτὸν
1697 426 1805 463 πεμ-

369 471 531 526 φθῆναι
558 470 618 518 εἷς
659 468 706 512 τὸ
748 470 985 524 ἔξκούβιτον
1028 475 1102 514 καί
1139 476 1436 529 φυλαχθῆναι.
1491 471 1719 530 ἧνάγκαζον
1757 476 1830 522 δὲό

373 534 524 584 πάντες
551 534 590 577 οἱ
629 535 912 592 έξκουβίτορες
952 533 1080 579 αὖτὸν
1115 534 1408 582 Ἰουστινιανὸν
1447 538 1520 582 τὸν
1557 541 1711 594 εὐσεβῆ
1735 555 1803 594 γε·-

370 603 520 644 νέσθαι
559 602 760 654 βασιλέα.
818 600 843 642 ὅ
885 602 933 643 δὲ
971 603 1262 659 παρῃτήσατο·
1317 607 1422 646 καθ’
1449 604 1620 647 ἕκαστον
1648 605 1694 646 δὲ
1724 606 1806 646 τῶν

371 662 686 718 ὀνομαζομένων
712 664 884 720 ἔκρουον
910 666 968 716 εἷς
1005 665 1081 716 τὰς
1110 667 1248 722 θύρας
1277 667 1354 717 τὰς
1379 670 1690 726 ἐλεφαντίνους,
1734 671 1805 725 ζη-

370 733 536 780 τοῦντες
563 730 677 787 παρὰ
716 733 800 773 τῶν
842 731 1196 787 ·κουβικουλαρι’ων
1221 732 1266 775 τὸ
1305 735 1450 789 σχῆμα
1474 737 1551 776 τοῦ
1576 737 1806 789 βασιλέως·

372 795 411 838 οἶ
440 797 486 838 δὲ
515 792 735 846 ἀκούοντες
767 796 818 839 τὰ
849 793 1032 851 ὄνόματα
1070 800 1151 839 τῶν
1179 801 1523 853 προβαλλομένων
1555 797 1631 841 οὖκ
1658 801 1855 842 {mido—10

329 875 462 908 Βσαν.
489 865 726 904 τελευταῖον
753 858 828 911 οὖν
855 861 894 904 οἱ
922 866 1188 919 συγκλητικοὶ
1213 865 1360 914 πάντες
1389 863 1608 920 αἱροῦνται
1633 862 1705 906 τὸν
1731 866 1805 918 τῆς

367 929 488 976 θείας
515 925 667 982 λήξεως
689 925 936 982 Ἰουστῖνον,
977 928 1051 971 καί
1091 929 1243 985 τρόπον
1281 928 1374 972 τινὰ
1410 926 1649 984 ἠνάγκασαν
1675 925 1806 971 αὗτὸν

366 992 506 1036 ’ἐλθεῖν
541 991 613 1035 ἐπὶ
649 991 697 1035 τὸ
738 996 911 1049 σχῆμα.
965 994 1187 1050 σχολάριοι
1215 996 1263 1036 δέ
1289 1011 1395 1044 τινες
1425 990 1728 1050 ἆπαρεσθέντες
1755 994 1799 1036 ἒ·-

366 1058 526 1112 πῆλθον
554 1058 684 1115 αὕτῷ,
728 1055 833 1101 ὥστε
861 1059 935 1102 καί
961 1062 1035 1102 ἕνα
1065 1061 1211 1102 δοῦναι
1240 1060 1355 1117 adu?
1395 1057 1576 1115 γρόνθον
1614 1057 1688 1101 καί
1712 1056 1808 1112 σχί-

367 1138 442 1163 σαι
467 1119 514 1163 τὸ
541 1126 683 1176 χεῖλος
711 1120 867 1166 αὐτοῦ’.
923 1124 1031 1179 πλὴν
1059 1124 1335 1180 ἒκράτησεν,ἧ
1364 1123 1504 1179 γνώμη
1531 1125 1704 1175 πάντων,
1731 1122 1858 1165 καίιὸ

366 1189 647 1242 συγκλητικῶν
675 1190 747 1230 καί
778 1191 1043 1243 στρατιωτῶν
1070 1190 1144 1231 καί
1169 1192 1372 1245 δημοτῶν,
1402 1188 1472 1231 καί
1506 1188 1717 1243 ἀνηνέχθη
1747 1189 1806 1237 εἰς

367 1250 413 1294 τὸ
441 1249 620 1304 ἱππικὸν,
648 1255 722 1294 καί
746 1252 975 1311 συνῄνεσαν
1003 1254 1068 1295 ἐπ’
1096 1251 1211 1312 αὐτῷ
1240 1256 1312 1296 καί
1336 1256 1508 1296 Βένετοι
1534 1252 1608 1294 καί
1634 1252 1806 1308 Πράσι-

367 1330 456 1368 νοι,
496 1319 571 1358 καί
596 1315 635 1358 οἱ
662 1317 997 1374 κουβικουλάριοι
1027 1320 1186 1368 εὐθέως
1212 1318 1256 1361 τὸ
1287 1322 1430 1374 σχῆμα
1458 1317 1663 1372 ἔπεμψαν.
1718 1319 1805 1360 εἷσε

367 1382 497 1435 ἦλθεν
523 1376 599 1424 οὖν
626 1384 686 1433 εἷς
712 1382 760 1425 τὸ
793 1384 1009 1440 κάθισμα,
1060 1385 1249 1435 συνόντος
1286 1379 1403 1442 αὐτῷ
1437 1386 1512 1428 τοῦ
1538 1381 1805 1440 ἆρχιεπισκό-

369 1547 468 1593 gittis
508 1549 756 1586 excubitorum
793 1550 936 1585 confixi.
993 1551 1046 1584 Ex
1076 1551 1189 1585 altera
1225 1556 1326 1596 parte
1350 1556 1494 1585 ruentes
1519 1548 1711 1590 scholarii,
1734 1560 1801 1591 ‚ra-

367 1595 519 1639 ptabant
544 1597 721 1643 aliquem,
746 1608 852 1642 quem
877 1598 947 1642 ipsi
970 1598 1165 1638 tenebant,
1188 1598 1400 1643 patricium,
1424 1598 1628 1632 stratelatae
1656 1606 1804 1630 munere

369 1642 592 1686 fungentem,
616 1643 850 1689 mediumque
864 1655 971 1688 super
995 1645 1197 1678 accubitum
1215 1643 1290 1690 [seu
1316 1655 1474 1678 mensam
1497 1643 1612 1688 magni
1637 1642 1801 1688 triclinii]

370 1688 583 1722 collocatum
619 1690 659 1724 in
701 1702 744 1724 eo
782 1695 885 1723 eraut
916 1695 957 1723 ut
981 1695 1202 1727 coronarent.
1249 1692 1295 1725 At
1318 1691 1545 1724 excubitores
1570 1690 1654 1722 irati
1676 1688 1805 1722 celeri-

369 1738 427 1768 ter
451 1733 687 1777 advolabant,
722 1735 980 1782 hominemque
1006 1735 1072 1782 [de
1096 1737 1284 1783 accubitu]
1310 1736 1509 1770 detractum
1532 1737 1602 1769 iam
1625 1733 1804 1769 trucidare

366 1778 555 1825 Parabant.
603 1781 674 1815 Sed
700 1782 792 1816 sorte
818 1788 893 1816 tum
917 1794 1085 1828 praesens
1106 1785 1289 1828 piissimus
1304 1783 1479 1816 Dominus
1502 1787 1624 1816 noster
1651 1780 1804 1815 Iustini-

364 1829 481 1869 vauus,
515 1827 634 1871 [Petri
658 1828 820 1874 Magistri
844 1829 952 1867 verba
977 1830 1079 1876 sunt]
1105 1837 1191 1864 tunc
1215 1829 1446 1870 candidatus,
1474 1827 1654 1862 liberabat
1676 1838 1758 1860 eum
1782 1837 1803 1859 a

372 1884 462 1908 nece
479 1873 742 1920 efficiebatque,
767 1881 808 1909 ut
835 1876 882 1909 ad
907 1876 1114 1909 excubitum
1133 1875 1208 1922 [seu
1234 1876 1425 1909 stationem
1453 1881 1490 1908 et
1513 1875 1668 1908 diaetam
1692 1883 1804 1906 excu-

372 1919 546 1967 bitorum]
576 1922 614 1954 in
645 1920 848 1956 custodiam
885 1923 1100 1956 mitteretur.
1156 1923 1210 1956 Ad
1241 1921 1330 1957 haec
1354 1921 1552 1955 afferebant
1576 1919 1803 1953 excubitores

373 1965 419 1998 ad
452 1978 562 2000 unum
590 1979 712 2001 omnes
746 1968 946 2002 Iustiniano
978 1969 1048 2012 ipsi
1081 1969 1175 2008 vim,
1213 1980 1320 2014 quam
1355 1973 1542 2012 poterant,
1575 1977 1737 2005 omnem,
1762 1969 1804 1998 ut

371 2017 555 2056 pateretur
577 2014 775 2057 Imperator
807 2015 1018 2060 nuncupari.
1071 2014 1119 2046 At
1147 2015 1210 2047 ille
1234 2015 1317 2047 vero
1351 2013 1621 2058 deprecabatur.
1675 2011 1802 2056 Itaque

371 2058 453 2091 aliis
477 2065 585 2105 atque
608 2059 690 2093 aliis
714 2061 752 2093 in
778 2071 922 2093 censum
948 2060 1179 2093 venientibus
1203 2060 1349 2105 Imperii
1375 2058 1585 2100 candidatis,
1607 2057 1804 2101 pulsabant

370 2110 504 2148 parte-⁴1,
529 2106 671 2150 quoties
693 2107 852 2151 aliquem
873 2106 1127 2150 Imperatorem
1150 2110 1410 2151 nuncuparent,
1434 2109 1572 2149 portam
1597 2104 1802 2144 eburneam,

371 2150 573 2195 flagitantes
611 2152 750 2184 scilicet
779 2164 799 2184 a
831 2152 1063 2185 cubiculariis
1102 2151 1244 2184 schema
1279 2163 1357 2184 ,seu
1382 2156 1546 2185 ornatum
1568 2149 1804 2195 imperialem.

368 2195 417 2228 Hi
437 2209 520 2230 vero
546 2198 744 2242 negabant,
772 2198 869 2231 edita
893 2209 1016 2231 eorum
1042 2198 1229 2231 audientes
1253 2197 1416 2237 nomina,
1442 2209 1506 2242 pro
1530 2196 1662 2242 quibus
1684 2200 1803 2241 partes

368 2242 570 2276 identidem
596 2255 727 2277 sacram
751 2250 883 2276 vestem
909 2243 1140 2288 flagitabant3
1165 2244 1280 2277 donec
1305 2243 1446 2276 tandem
1477 2242 1673 2288 aliquando
1698 2252 1803 2275 sena-

370 2292 428 2321 tus
452 2291 566 2323 omnis
591 2290 721 2324 Divum
745 2291 921 2323 Iustinum
948 2290 1116 2334 eligeret,
1147 2301 1300 2335 eumque
1333 2289 1595 2335 quodammodo
1632 2288 1678 2326 ad
1699 2299 1802 2321 acce-

368 2336 542 2379 ptandum
577 2335 719 2370 schema
753 2335 923 2380 adigeret„
973 2336 1142 2380 Quamvis
1166 2341 1285 2369 autem
1312 2342 1349 2369 et
1373 2334 1458 2368 huie
1480 2335 1663 2380 negotium
1688 2335 1805 2366 faces-

370 2387 492 2416 serent
510 2388 619 2433 atque
644 2382 895 2427 obstreperent
919 2381 1088 2415 scholarii
1114 2382 1260 2428 quidam
1292 2386 1391 2415 tanta
1426 2393 1506 2415 cum
1530 2379 1803 2425 importunitate

371 2432 409 2460 et
434 2428 681 2474 impudentia,
707 2433 748 2460 ut
779 2429 888 2462 etiam
911 2440 1003 2463 unus
1029 2439 1150 2462 eorum
1179 2429 1311 2474 :niquis
1336 2429 1449 2465 acutis
1473 2426 1669 2471 compliciti
1691 2425 1804 2470 pugni

371 2474 533 2518 condylis
565 2477 605 2510 in
635 2487 674 2508 os
712 2476 787 2508 eius
814 2475 961 2520 ingestis
995 2475 1130 2508 labium
1167 2475 1238 2519 ipsi
1271 2474 1442 2512 finderet:
1469 2473 1660 2509 obtinebat
1682 2476 1803 2506 tamen

373 2522 530 2554 omnium
553 2527 628 2554 tarn
653 2527 874 2562 senatorem,
897 2533 1002 2567 quam
1026 2522 1178 2554 militum
1195 2526 1230 2554 ct
1254 2521 1478 2564 popularium
1503 2521 1698 2555 factionum
1718 2528 1802 2550 sen-

370 2568 506 2610 tentia3
532 2567 745 2601 ascendebat
759 2569 916 2600 Iustinus
933 2568 1129 2600 conductus
1151 2568 1188 2599 in
1203 2567 1399 2611 hippiomu,
1419 2566 1482 2602 ubi
1511 2567 1544 2598 ei
1582 2577 1619 2598 se
1655 2563 1802 2608 acquie-.

371 2623 467 2647 scere
492 2612 639 2658 publica
661 2624 747 2648 voce
772 2615 995 2647 testabantur
1033 2612 1160 2646 Veneti
1193 2625 1306 2658 acque
1331 2619 1439 2658 atque
1467 2613 1618 2653 Prasini3
1644 2616 1681 2644 ct
1701 2608 1803 2642 cubi-

373 2659 499 2694 cularii
523 2660 716 2700 mittebant
749 2660 911 2706 protinus
949 2660 1091 2699 schema
1129 2671 1191 2693 scu
1217 2664 1382 2699 ornatum
1406 2659 1638 2705 imperialem.
1686 2656 1801 2693 Intra*
