1878 3112
330 83 439 142 352
601 102 958 147 comum-mi
999 72 1481 152 PORPHYROGENITI

327 203 350 247 ὅ
380 203 514 261 Θεὸς,
543 204 596 247 σύ
628 200 783 254 αὗτοὺς
810 206 981 248 σῶσον·”
1037 202 1063 245 ὅ
1094 204 1197 256 λαός
1254 205 1359 260 ,,ναι“
1381 205 1555 261 Imque?
1612 205 1776 260 ἴστέον,

133 279 197 314 Ed.
210 280 246 314 L.
259 268 393 315 2053n
421 271 474 313 τὰ
503 268 609 312 αὐτοὶ
641 267 747 311 &xta
781 272 856 312 καί
880 271 904 326 ἢ
937 268 1046 327 αὖτὴ
1080 271 1270 327 εὐφημία
1297 270 1486 324 λέγονται
1512 267 1586 312 καὶ
1611 269 1684 312 ἐπὶ
1703 272 1779 314 τοῦ

244 345 248 349 ’
332 332 618 394 ἱπποδρομίον
644 337 703 385 εἰς
737 334 784 377 τὸ
818 335 988 392 στάμα,
1037 332 1165 392 ἤγουν
1198 337 1257 386 εἷς
1286 335 1334 379 τὸ
1370 340 1447 391 Π,
1493 336 1683 392 δηλονότι
1705 338 1782 385 τοῦ

331 403 534 460 ὑπάρχου
575 404 858 457 καθεζομένου
894 406 953 454 εἰς
983 403 1028 447 τὸ
1071 403 1287 459 κάθισμα,
1317 401 1422 447 ἔνθα
1458 401 1482 446 ὅ
1502 402 1576 446 καὶ
1601 403 1782 451 duona&

334 486 422 526 ριος
453 471 635 512 ἵσταται.
1780 479 1807 523 5

543 573 647 618 Περὶ
671 573 742 606 τοῦ
767 571 887 606 αὐτοῦ
916 571 1198 621 ἴπποὸρομίου,
1222 574 1304 611 πῶς
1328 571 1388 606 δεῖ
1416 572 1569 608 κυλίειν.

445 647 545 706 Πρὸ
586 651 662 691 τοῦ
697 650 871 692 ἱππικοῦ
902 649 1057 706 γίνεται
1090 651 1116 706 ἦ
1151 647 1292 706 πομπή
1323 650 1405 692 τῶν
1435 651 1598 704 ἳππων,
1627 650 1701 692 καὶ
1725 648 1784 708 τῷ

333 715 449 770 πρωῒ
487 715 651 757 τίθεται
678 713 703 771 ἧ
730 709 835 771 ὅρνα
861 716 921 766 εἷς
949 715 1021 759 τὸν
1045 715 1235 770 καμπτὸν
1261 717 1338 758 τοῦ
1362 716 1540 758 Βενὲτου
1556 747 1568 770 ,
1607 716 1680 757 καί
1704 732 1782 757 κα-

333 784 550 836 τέρχονται
576 779 613 822 οἱ
638 783 727 823 ’τῶν
749 781 828 824 δυό
844 784 985 838 μερῶν
1009 782 1170 838 ἡνίοχοι
1201 778 1290 836 ἅμα
1311 783 1394 824 τῶν
1421 780 1783 838 κομβινογράφων,

298 847 580 904 Βφορούντων
612 843 753 890 αὐτῶν
800 850 882 890 τῶν
919 846 1266 905 κομβινογράφων
1304 847 1570 905 ἆρμελαύσιοι
1605 846 1838 890 Βὲνετονιο

334 916 407 956 καί
433 911 580 957 λευκὸν
618 915 691 956 καί
730 912 781 957 τοὶ
817 914 1004 968 μασσιά,
1047 909 1175 958 ὄντων
1209 916 1349 957 αὐτῶν
1382 916 1454 957 καί
1482 913 1785 968 ἀνυποδήτων,

334 979 612 1034 βαστάζοντες
638 981 711 1022 καί
735 980 1112 1038 χαρτοκαλαμάρια
1130 1014 1142 1035 ,
1181 980 1254 1023 καί
1277 979 1500 1036 κυλιούσης
1537 981 1611 1035 τῆς
1636 972 1786 1035 ὅρνας,

335 1042 424 1088 οἷον
468 1047 664 1099 ἐκβάλλει
703 1045 930 1102 σφαιρίον,
979 1043 1175 1100 ὀνομάζει
1223 1044 1296 1089 τόν
1341 1043 1664 1102 μεσαριστερόν.
1717 1043 1791 1086 καὶ

336 1106 407 1152 ὅτε
432 1109 682 1166 πληρώσωσι
713 1109 763 1153 τά
796 1111 831 1152 δ’
865 1113 990 1166 βαΐα,
1041 1114 1294 1168 α’πέρχονται
1324 1113 1384 1161 εἰς
1418 1109 1471 1154 τά
1506 1109 1786 1167 σ’ρνατούρια,

336 1178 410 1218 καί
444 1178 613 1219 ποιοῦσι
653 1175 698 1219 τὸ
733 1179 864 1234 πέρας
899 1180 973 1233 τῆς
1016 1180 1244 1233 κομβίνας,
1291 1176 1363 1220 καί
1402 1173 1682 1232 ἆνερχομένου
1711 1174 1842 1218 τοῦιό

336 1244 567 1296 βασιλέως,
598 1241 830 1285 α’πολύουσι
856 1242 909 1285 τά
940 1245 1131 1296 διΐππια,
1161 1246 1236 1286 καί
1261 1245 1432 1286 ἵσταται
1463 1239 1485 1283 ὃ
1512 1239 1785 1297 μαξιλλάριος

336 1310 396 1358 εἰς
435 1307 507 1351 τὸν
541 1307 669 1351 τόπον
714 1311 851 1351 αυ’τοῦ
893 1309 968 1351 καί
1001 1308 1039 1352 οἱ
1069 1307 1147 1352 δύο
1186 1310 1418 1367 θεωρηταί,
1459 1304 1520 1358 εἷς
1556 1309 1602 1350 ἐκ
1640 1308 1788 1358 δεξιῶν

339 1376 500 1427 αὐτοῦ,
546 1375 619 1417 καί
645 1371 706 1426 εἷς
746 1378 790 1428 ἐξ
828 1373 1085 1430 εὐωνύμων,
1129 1373 1401 1430 βαστάζοντες
1428 1372 1481 1418 τά
1512 1373 1786 1429 καλαμάρια,

338 1443 417 1490 ἕως
456 1436 509 1482 οὗ
556 1440 729 1500 πετάσῃ.
786 1443 859 1483 καί
899 1444 974 1484 τοῦ
1027 1442 1138 1484 Θεοῦ
1195 1438 1485 1498 παρασχόντος
1525 1438 1601 1496 τὴν
1646 1440 1788 1494 νίκην,

303 1511 330 1546 C
342 1505 450 1560 μετά
495 1504 540 1548 τὸ
590 1510 733 1561 λαβεῖν
778 1505 830 1550 τὰ
878 1505 1044 1550 ἔπαθλα
1097 1504 1351 1565 ἀπέρχονται
1401 1507 1460 1556 εἷς
1506 1504 1581 1555 τὰς
1623 1504 1844 1561 &tinomao

341 1570 418 1614 καί
441 1570 550 1626 μετά
578 1570 653 1628 τήν
692 1572 994 1629 συμπλήρωσιν
1020 1576 1103 1616 τῶν
1132 1570 1168 1615 δ’
1197 1575 1332 1628 βαΐων
1365 1571 1605 1627 ἐκβαίνουσι
1631 1568 1681 1612 τά
1711 1566 1789 1628 ἅρ-

339 1654 454 1691 ματα
480 1640 564 1680 τῶν
591 1637 865 1694 νικησάντων,
909 1637 1149 1696 φορούντων
1175 1641 1260 1681 τῶν
1287 1636 1469 1695 ἡνιόχων
1497 1635 1551 1679 τά
1581 1634 1789 1692 δημόσια,

137 1705 413 1751 Μ5·143·ἃκαι“
434 1703 673 1758 κάμπτουσι
700 1705 890 1760 καμπτόν
917 1706 1144 1762 Πρασίνου
1172 1704 1246 1748 καί
1285 1706 1468 1748 Βενὲτου
1486 1735 1499 1759 ,
1541 1701 1616 1745 καὶ
1641 1701 1789 1761 ἕρχονὲ

430 1802 463 1836 3.
492 1801 546 1838 εἰς
571 1803 616 1834 Π
639 1798 694 1834 ed.
791 1799 823 1846 4.
853 1801 917 1834 καὶ
943 1811 1012 1834 om.
1039 1800 1119 1836 cod.

333 1870 452 1917 pius!)
477 1871 548 1905 imo
568 1879 657 1917 agat
668 1871 829 1905 Icasius!
851 1870 1022 1916 (Prasini:
1047 1870 1248 1905 Anatellon
1270 1869 1392 1916 agad)
1415 1869 1575 1914 populus
1587 1868 1788 1915 Egregium

336 1927 534 1953 certamen.
577 1917 772 1950 cantores:
798 1918 899 1951 Deus
924 1929 984 1958 es,
1013 1925 1054 1952 tu
1079 1919 1176 1964 ipsos
1198 1918 1338 1952 serva!
1361 1916 1539 1962 populus:
1563 1917 1639 1950 Imo
1661 1915 1791 1949 Domi-

340 1965 410 1998 ne!
464 1964 660 1998 Sciendum
687 1969 761 2004 est,
788 1963 916 1996 cadem
941 1969 1020 1997 acta
1047 1965 1267 2011 easdemque
1292 1963 1570 1995 acclamationes
1605 1961 1715 1994 etiam
1749 1960 1790 1992 in

338 2010 554 2043 decursione
588 2012 627 2043 in
661 2012 817 2044 statione
857 2021 920 2043 seu
954 2013 998 2044 II
1022 2012 1189 2053 recitari,
1222 2009 1407 2057 praefecto
1441 2010 1480 2042 in
1507 2018 1699 2050 consessu,
1723 2005 1790 2040 ubi

339 2057 521 2091 actuarius
546 2069 695 2104 quoque
720 2062 813 2099 stat,
834 2056 994 2090 sedente.

476 2160 521 2182 DE
546 2159 658 2182 EADEM
688 2160 907 2183 Decunslomz
923 2173 934 2190 ,
958 2159 1130 2188 Quonono
1154 2159 1280 2183 SORTES
1305 2158 1446 2182 nuscum
1470 2156 1631 2182 menum.

433 2216 530 2250 Ante
568 2216 820 2250 decursionem
853 2217 1039 2262 processio
1077 2227 1254 2262 equorum
1286 2215 1513 2258 instituitur,
1546 2224 1711 2261 urnaque
1747 2215 1788 2248 iu

342 2267 440 2298 meta
473 2265 636 2299 Venetae
673 2263 841 2296 factionis
873 2274 978 2296 mane
1001 2263 1142 2309 posita,
1173 2263 1320 2307 aurigae
1345 2263 1536 2309 utriusque
1567 2263 1683 2308 gregis
1707 2272 1789 2294 cum

344 2310 661 2355 combinographis
678 2337 686 2351 ‚
713 2311 929 2344 armelausia
953 2311 1135 2344 Venetum
1170 2309 1368 2355 albumque
1395 2316 1433 2343 et
1454 2310 1586 2342 massia
1617 2308 1794 2354 gestanti-

346 2357 437 2399 bus,
485 2357 710 2390 discalceatis
750 2362 937 2403 practerea
970 2362 1006 2390 et
1040 2356 1359 2390 chartocalamaria
1390 2356 1613 2398 serentibus,
1644 2354 1794 2388 descen—

348 2404 459 2445 dunt,
493 2410 541 2445 ct,
568 2416 658 2437 urna
683 2404 830 2449 agitata,
858 2405 1068 2450 quicunque
1092 2403 1261 2449 globulus
1287 2404 1436 2444 exierit,
1471 2404 1502 2436 is
1525 2404 1795 2439 mesor-ineram

348 2451 468 2498 (quasi
494 2450 654 2484 medium
680 2451 883 2498 sinistrum)
909 2451 1110 2485 constituit.
1159 2451 1327 2495 Quatuor
1351 2449 1482 2496 palmis
1507 2449 1717 2495 completis,
1743 2447 1792 2480 ad

348 2499 534 2531 urnatoria
560 2498 721 2539 abeunt,
756 2499 952 2532 terminum
985 2498 1174 2530 combinae
1199 2498 1358 2540 faciunt,
1400 2503 1459 2538 et,
1486 2499 1706 2543 Imperatore
1731 2505 1792 2528 ao-

348 2545 519 2586 ccdcnte‚
546 2545 685 2591 diippia
712 2545 875 2579 solvunt:
904 2545 1129 2579 maxillarius
1153 2545 1192 2577 in
1217 2545 1297 2578 loco
1323 2555 1406 2587 suo,
1440 2556 1460 2578 e
1496 2543 1638 2578 duobus
1667 2542 1792 2587 inspe-

348 2592 510 2625 ctoribus
546 2603 639 2625 unus
676 2591 722 2625 ad
756 2591 938 2634 dextram,
962 2593 1054 2626 alter
1078 2591 1124 2624 ad
1160 2592 1343 2625 sinistram
1377 2597 1496 2632 stant,
1521 2597 1557 2625 et
1580 2588 1792 2629 calamaria,

347 2650 463 2684 usque
489 2639 575 2672 dum
599 2639 719 2672 velum
745 2639 996 2681 extenderint,
1021 2644 1172 2685 gestant.
1229 2638 1420 2686 Postquam
1443 2649 1530 2673 vero
1555 2639 1652 2672 Deus
1674 2636 1790 2670 victo-

348 2685 439 2719 riam
463 2687 659 2729 concessit,
681 2691 718 2721 et
741 2686 886 2732 aurigae
910 2687 1070 2733 praemia
1094 2685 1267 2721 victoriae
1290 2696 1478 2732 accepere,
1505 2685 1551 2719 ad
1571 2685 1698 2718 ianuas
1723 2680 1791 2714 ab·
