1878 3112
305 94 418 153 338
574 110 932 157 consa-ANUM
975 110 1463 156 PORPHYROGENI'H

105 223 291 271 Ed.L.197
309 223 380 260 κεῖ
395 219 454 276 τῷ
477 215 691 271 ὗμόσαντι,
713 212 926 270 στοιβάζει
954 211 1036 256 άπὸ
1047 215 1228 257 Βενέτου
1258 215 1384 257 ἵππον
1407 215 1493 266 ἕνα,
1522 211 1602 255 ἆπό
1622 215 1753 268 Πρα-

305 284 423 328 σίνου
449 286 575 326 ἵππον
597 285 682 335 ἕνα,
719 277 800 323 ἀπὸ
824 282 975 323 λευκοῦ
991 281 1117 323 ἵππον
1140 279 1192 334 α’,
1221 280 1303 322 ἀπὸ
1324 281 1501 337 ῥουσιόυ
1523 280 1648 322 ἵππον
1666 280 1753 332 ἕνα,

105 359 253 397 Ms.138.
266 370 284 393 a
301 350 374 393 καί
398 350 670 391 ἀποτελοῦσιν
689 342 807 404 ἅρμα
829 347 1115 403 πρωτοβαιτας
1137 345 1186 401 δ’,
1208 344 1526 403 δευτεροβαίτας
1545 346 1595 399 δ’,
1614 359 1755 401 τριτο-

301 415 453 473 βαίτας
475 412 523 469 δ’,
552 416 611 464 εἰς
637 412 683 457 τὰ
713 412 996 470 τετράὸρομον
1023 414 1073 456 δ’.
1103 415 1178 455 καί
1203 408 1273 455 ὅτε
1305 412 1599 455 καταοταθῶσι
1625 408 1676 453 τὰ
1703 408 1753 458 ις’

303 480 489 539 ἅρματα,
519 480 802 536 λαγχάνουσιν
829 479 867 522 οῖ
891 485 1002 536 τρεῖς
1028 478 1068 522 οἱ
1093 478 1152 535 μὴ
1182 477 1422 534 ὄμόσαντες,
1450 477 1523 521 καὶ
1550 476 1653 520 κατὰ
1681 474 1782 522 τόν5

300 544 464 605 ὄρδινον
488 548 565 589 τοῦ
586 548 755 601 λαχμοῦ
782 547 947 603 ἐπαίρει
975 545 997 588 ὅ
1022 547 1186 602 πρῶτος
1214 542 1301 590 οἷον
1326 545 1457 599 θέλει,
1485 545 1558 587 καί
1581 542 1657 599 τὴν
1681 558 1755 585 πε·-

298 611 488 670 ρισσείαν
515 613 680 670 ἐπαίρει
710 612 731 655 ὅ
759 614 949 670 μερίσας.
1005 613 1046 655 εἷ
1073 613 1119 655 δὲ
1147 611 1221 654 καὶ
1241 612 1291 654 οὔ
1319 613 1494 655 θέλουσι
1518 610 1570 654 τὰ
1598 608 1647 661 ις’
1679 605 1757 666 ἅρ-

299 696 413 732 ματα
441 681 627 735 μερίσαι,
657 679 697 721 εἰ
720 677 780 735 μή
809 677 935 733 μόνον
961 676 1012 721 τά
1042 679 1077 720 δ’
1103 681 1262 736 μερίζει
1287 679 1395 738 λόγῳ
1423 677 1587 735 πρώτου
1615 678 1757 732 βαΐου,

300 743 374 787 καὶ
397 743 658 802 μερίζονται,
699 744 756 794 ὥς
782 745 1034 802 γέγραπται,
1073 743 1147 787 καί
1173 743 1226 789 τά
1255 742 1382 788 λοιπὰ
1408 745 1674 800 ἐκβαίνουσιν
1700 743 1758 792 εἷς

259 809 401 862 Βτοὺς
427 810 560 862 ἰδίους
586 809 754 861 τόπους.
1762 824 1809 853 ιο

440 922 534 960 Ὅσα
567 924 629 960 δεῖ
647 925 961 973 παραφυλάττειν
986 925 1164 972 ἡνίοχον,
1187 924 1380 974 α’γομένου
1404 924 1472 960 τοῦ
1495 923 1618 971 βαΐου.

411 1003 616 1058 “Ηνίοχος
644 1002 943 1061 φακτιονάριος
969 1000 997 1059 ἢ
1023 1005 1345 1061 μικροπανίτης,
1392 1005 1471 1047 τοῦ
1506 1005 1630 1058 βαῗου
1659 1002 1758 1058 ἆγο-

305 1071 458 1124 μένου,
489 1067 567 1112 ἐὰν
597 1071 758 1127 ἐμπέσῃ
787 1071 846 1119 εἷς
873 1069 951 1120 τάς
978 1068 1134 1124 τάβλας
1151 1103 1163 1124 ,
1199 1070 1275 1112 οὔκ
1302 1069 1390 1124 ἔχει
1415 1071 1607 1120 ἐξουσιαν
1630 1067 1757 1123 ἐκβά-

302 1140 375 1178 λαι
402 1134 450 1178 τὸ
479 1135 695 1178 κασσίὸιον
723 1138 883 1189 αὐτοῦ,
928 1134 1035 1178 cmc}
1071 1134 1177 1190 μετὰ
1224 1138 1301 1178 τοῦ
1328 1137 1548 1178 κασσιδίου
1576 1133 1755 1189 πεζεύει,

303 1200 378 1244 καί
403 1202 650 1258 κατέρχεται
677 1203 756 1251 ἕως
781 1203 863 1244 τῶν
891 1202 1061 1258 θυρῶν.
1115 1200 1189 1244 ἐὰν
1216 1203 1263 1244 δὲ
1291 1200 1401 1259 λάχῃ
1431 1203 1502 1248 ἐπὶ
1526 1200 1601 1256 τὴν
1628 1203 1809 1255 βασι-«5

303 1266 423 1324 λικῆν
450 1266 609 1322 τάβλαν
635 1273 777 1310 πεσεῖν
804 1265 956 1321 αὐτὸν,
997 1268 1074 1310 οὐκ
1102 1266 1191 1322 ἔχει
1217 1269 1410 1319 ἐξουσίαν
1437 1269 1497 1318 εἷς
1524 1266 1572 1310 τὸ
1599 1272 1669 1322 Π,
1710 1262 1758 1308 ὅ-

303 1349 385 1376 που
416 1333 457 1376 οῐ
483 1334 779 1390 παλαιστρίται
806 1335 1080 1388 παλαίουσιν,
1121 1332 1359 1390 ἔμπροσθεν
1386 1337 1463 1376 τοῦ
1489 1336 1755 1387 καθίσματος

263 1397 535 1454 Οέπικόψαι,
572 1396 678 1442 ἀλλὰ
706 1395 734 1456 ἢ
762 1397 921 1442 ἔσωθεν
948 1398 1021 1442 ἐπὶ
1046 1397 1120 1442 τὸν
1146 1405 1310 1454 τοῖχον,
1348 1394 1376 1456 ἢ
1404 1398 1559 1450 ἔξωθεν
1586 1397 1657 1441 ἐπὶ
1681 1396 1755 1441 τὸν

305 1459 479 1522 εὔριπον
505 1462 613 1519 μετὰ
642 1467 718 1507 τοῦ
745 1462 882 1508 αὐτοῦ
909 1467 1128 1509 κασσιδίου
1156 1467 1399 1521 καταβαίνει
1421 1466 1480 1517 εἷς
1506 1464 1581 1515 τὰς
1598 1463 1754 1521 θύρας,

305 1529 383 1574 ἐὰν
413 1532 460 1585 δὲ
487 1533 592 1588 πέσῃ
620 1532 844 1589 βηγάριος,
871 1530 946 1574 καὶ
974 1533 1083 1591 λάχῃ
1113 1530 1245 1576 αὐτὸν
1272 1533 1500 1586 πεζεῦσαι,
1529 1528 1577 1573 τὰ
1607 1531 1810 1581 nauel-20

401 1643 430 1667 ι.
459 1631 672 1677 στοιβάζειν
694 1631 753 1668 ed.
878 1635 910 1668 3.
938 1636 1005 1668 καὶ
1028 1644 1097 1667 om.
1124 1633 1182 1667 ed.
1283 1630 1433 1681 ἅρματα
1466 1633 1523 1667 ed.
1640 1632 1672 1678 4.
1699 1630 1757 1665 δί-

401 1679 551 1759 Ξὲἓμον
575 1679 632 1713 ed.
756 1681 810 1717 13.
834 1679 970 1726 τᾶβλας
995 1682 1087 1714 coni.
1114 1679 1257 1723 Leich.‚
1294 1680 1455 1727 στάβλας
1487 1680 1558 1722 ed„
1593 1678 1757 1718 σταύλας

308 1806 382 1839 duo
403 1806 579 1852 praefecti
599 1817 713 1852 equos
735 1817 755 1840 e
777 1806 922 1840 stabulo
942 1807 1168 1853 producunt,
1189 1811 1226 1841 et
1245 1808 1275 1841 si
1294 1807 1349 1850 ei,
1371 1809 1435 1854 qui
1453 1805 1605 1847 iuravit,
1624 1804 1757 1851 placet,

306 1864 329 1885 a
345 1853 495 1886 Venetis
518 1864 654 1900 equum
682 1865 818 1896 unum,
849 1865 870 1887 a
889 1855 1044 1888 Prasinis
1077 1866 1213 1897 unum,
1242 1855 1289 1889 ab
1318 1854 1412 1888 albis
1436 1855 1622 1901 tussisque
1643 1864 1758 1886 unum

308 1911 451 1933 sumere
463 1926 472 1942 ‚
498 1900 664 1933 curribus
682 1907 840 1946 quatuor
857 1902 996 1947 primae
1014 1902 1177 1947 palmae,
1201 1907 1359 1948 quatuor
1376 1901 1556 1935 secundae
1568 1927 1578 1942 ‚
1601 1899 1756 1934 totidem

307 1948 440 1979 tertiae
454 1973 464 1988 ‚
489 1947 609 1993 adque
627 1947 834 1980 didromum
856 1948 1010 1982 totidem
1033 1960 1146 1995 equos
1171 1950 1337 1995 iungunt.
1386 1950 1433 1983 Hi
1455 1947 1611 1981 sedecim
1629 1957 1756 1980 currus

307 1999 503 2039 postquam
530 1994 582 2026 sic
613 1994 782 2039 dispositi
806 2001 911 2036 sunt,
945 2002 1038 2038 tres,
1070 1997 1135 2041 qui
1162 2007 1236 2029 non
1265 1997 1448 2036 iurarunt,
1473 1994 1694 2034 sortiuntur,
1719 1997 1758 2026 et

310 2039 440 2072 ordine
463 2041 686 2082 sortitionis,
710 2042 848 2086 primus
871 2047 1047 2088 quantum
1066 2042 1164 2084 vult,
1189 2043 1371 2088 reliquum
1394 2043 1443 2084 is,
1467 2042 1533 2087 qui
1555 2039 1757 2081 distribuit,

307 2087 430 2119 sumit.
480 2087 519 2121 Si
538 2098 625 2120 vero
649 2088 806 2120 sedecim
834 2100 959 2122 currus
985 2088 1147 2122 dividere
1170 2089 1323 2130 nolunt,
1347 2088 1412 2121 sed
1433 2093 1576 2121 tantum
1597 2092 1758 2134 quatuor

307 2133 451 2166 ratione
481 2135 620 2179 primae
642 2134 806 2179 palmae,
829 2134 888 2177 hi,
912 2140 955 2170 ut
972 2146 993 2169 a
1017 2135 1124 2170 nobis
1145 2136 1320 2182 scriptum
1341 2140 1414 2178 est,
1438 2134 1654 2170 dividuntur
1662 2163 1674 2180 ,
1697 2145 1758 2170 re-

308 2179 407 2225 liqui
430 2179 477 2212 ad
504 2181 583 2214 loca
607 2191 672 2214 sua
701 2180 903 2215 discedunt.

405 2276 571 2308 quanm
601 2276 751 2301 Aur-mu.
784 2278 999 2302 onsnnvumA
1022 2280 1117 2310 SINT,
1144 2278 1285 2310 QuAtno
1321 2280 1550 2304 Pnzmontm
1598 2280 1659 2304 881!

760 2337 949 2362 PALuAnuu
975 2339 1051 2361 DIES
1076 2338 1304 2366 CELEBRATUR.

408 2402 541 2449 Auriga
556 2403 791 2438 factionarius
812 2410 876 2438 aut
893 2406 1162 2452 micropanites‚
1184 2407 1228 2450 si,
1249 2406 1334 2440 dum
1351 2407 1471 2452 palma
1489 2407 1692 2453 profertur,
1715 2407 1756 2440 in

315 2447 461 2483 tabulas
490 2450 680 2493 inciderit,
712 2457 930 2496 potestatem
959 2464 1034 2486 non
1064 2453 1178 2487 habet
1205 2455 1377 2487 cassidem
1405 2466 1506 2488 suam
1534 2453 1756 2494 abiiciendi,

314 2496 381 2529 sed
402 2507 483 2529 cum
501 2508 543 2530 ea
565 2497 676 2542 pedes
694 2499 881 2543 procedit,
906 2505 943 2533 et
969 2511 1084 2546 usque
1110 2501 1156 2534 ad
1175 2502 1301 2534 ianuas
1323 2502 1411 2534 abit.
1460 2501 1497 2536 Si
1517 2512 1602 2534 vero
1627 2501 1666 2533 in
1687 2502 1756 2533 im-

314 2544 498 2589 peratoria
519 2545 646 2578 tabula
666 2545 760 2579 sorte
782 2547 972 2588 ceciderit,
996 2547 1095 2581 haud
1118 2548 1205 2582 lieet
1224 2550 1295 2594 ipsi
1319 2549 1366 2582 ad
1387 2550 1442 2590 Π,
1466 2549 1532 2581 ubi
1559 2548 1756 2581 luctatores

317 2596 549 2633 exercentur,
585 2597 669 2625 ante
696 2604 904 2627 consessum
933 2594 1083 2636 diverti,
1119 2595 1182 2628 sed
1208 2601 1272 2628 aut
1294 2597 1392 2629 intro>
1421 2595 1468 2628 ad
1497 2606 1661 2636 murum,
1692 2599 1757 2628 aut

316 2637 414 2670 foras
431 2638 479 2670 ad
492 2640 669 2684 Euripum
689 2651 770 2673 cum
790 2641 927 2674 casside
949 2653 1012 2675 sua
1039 2642 1086 2674 ad
1110 2648 1232 2687 portas
1262 2642 1469 2676 descendit:
1495 2644 1525 2675 si
1544 2653 1628 2676 vero
1652 2642 1756 2686 biga-

318 2685 391 2718 rius
420 2685 615 2729 exciderit,
641 2691 679 2721 et
699 2687 854 2734 pedibus
876 2689 970 2723 forte
994 2691 1229 2734 processerit,
1253 2691 1426 2725 cassidem
1447 2689 1616 2737 deponit,
1649 2693 1686 2723 et
1704 2688 1757 2722 sie
