1878 3112
323 138 432 206 482
606 157 866 199 APPEme
905 154 978 196 An
1015 157 1216 198 unmm
1252 157 1462 199 ramum

322 262 393 307 λος
419 272 483 306 τις
507 259 635 310 μέγας
663 251 693 310 ἢ
717 255 892 312 μικρὸς,
940 256 1155 312 ὑπερέχων
1189 251 1217 312 ἢ
1254 256 1546 312 ὖποβεβηκώς,
1591 254 1666 300 ἐὰν
1689 256 1749 312 μή

321 321 428 380 λάβῃ
456 320 502 363 τὸ
531 323 669 373 σι’γνον
696 319 778 362 α’πό
803 323 876 363 τοῦ
901 324 1105 375 βασιλέως
1132 322 1205 364 καὶ
1230 320 1333 380 ἔλθῃ
1370 323 1428 372 εἰς
1454 320 1523 364 τὸν
1548 320 1751 378 δρουγγὰ-

320 402 438 442 ριον.
490 387 530 426 εἰ
556 386 602 426 δὲ
632 385 845 438 δοκιμάσει
879 402 943 436 τις
971 389 1156 438 ἐξελθεῖν
1191 382 1291 429 ἄνευ
1321 385 1486 441 σι’γνου,
1526 388 1749 440 δεσμοῦσιν

320 449 452 493 αὐτὸν
488 449 562 491 καί
605 447 839 505 ἀπάγουσιν
881 452 940 501 εἷς
966 451 1038 494 τὸν
1066 450 1366 508 δρουγγᾰριον,
1411 451 1485 493 καί
1508 450 1748 505 ὑπομιμνή-

322 531 464 558 σκεται
489 517 587 569 περὶ
608 515 757 557 τούτου
788 513 810 557 ὅ
837 515 1060 571 βασιλεύς,
1086 517 1160 559 καὶ
1185 517 1229 560 εἴ
1248 533 1288 560 τι
1315 515 1472 559 κελεύει
1500 516 1526 572 ἦ
1554 513 1773 570 βασιλεία5

277 593 304 626 Β
321 581 474 623 αὐτοῦ.
528 582 568 622 εἰ
594 582 638 624 δὲ
666 583 785 635 λάβοι
812 582 950 636 σι’γνον
975 582 1091 638 παρὰ
1119 584 1195 625 τοῦ
1221 585 1448 637 βασιλέως,
1485 581 1641 624 διόθεν
1666 583 1745 623 αὕ-

319 643 394 687 τόν
419 646 608 699 ἐκβάλλει
635 646 657 688 ὅ
687 645 981 703 δρουγγάριος,
1022 650 1180 690 ε’κεΐθεν
1205 650 1279 690 καί
1308 646 1431 690 πάλιν
1459 646 1614 702 εἰσάγει
1622 680 1636 700 ,
1675 646 1749 688 καὶ

319 707 558 764 ἅλλαχόθεν
586 712 662 753 οὐκ
687 710 842 762 ἔξεστιν
868 713 997 755 αὐτὸν
1022 715 1239 766 εἰσελθεῖν,
1268 714 1360 754 ἐπεὶ
1378 710 1493 768 παρὰ
1512 713 1593 754 τῶν
1620 713 1746 767 πεδη-

318 777 478 831 τούρων
519 778 755 831 δεσμεῐται,
803 778 874 820 καί
906 777 951 821 τὸ
990 780 1108 834 πρωῒ
1142 780 1202 836 τῷ
1248 781 1418 832 βασιλεῖ’
1457 778 1744 835 παραὸῗδοται.

319 843 435 883 τοῦτο
473 843 519 883 δὲ
558 841 811 898 φυλάττεται
845 845 972 899 μέχρι
998 846 1073 885 τοῦ
1100 842 1386 886 καταστολίου.
1440 838 1506 885 ὅτε
1534 843 1580 885 δὲ
1605 840 1798 900 ἑνωθῇιο

318 911 402 955 τοῖς
427 908 610 960 θέμασιν
638 904 660 949 ὃ
684 908 902 962 βασιλεὺς,
950 909 1107 963 γίνεται
1139 908 1355 965 προσθήκη
1393 902 1519 963 ἄλλης
1543 909 1646 961 μιᾶς
1675 907 1748 964 ᾠί-

317 987 392 1019 νας
416 973 585 1026 πλησίον
610 973 693 1014 τῶν
721 974 791 1014 ἐπὶ
815 975 887 1028 τῆς
913 969 1141 1029 ἑταιρείας,
1186 968 1310 1028 ἤγουν
1336 972 1415 1025 ἔξω
1441 975 1514 1028 τῆς
1539 969 1748 1027 ἑταιρείας

318 1035 391 1078 καί
426 1035 507 1078 ἔσω
546 1038 629 1078 τῶν
666 1038 738 1079 τοῦ
780 1039 1055 1093 δρουγγαρίου
1095 1037 1345 1093 σχολαρίων.
1400 1038 1669 1093 διερχομένου
1698 1038 1746 1081 δὲ

315 1103 391 1142 τοῦ
416 1104 619 1154 βασιλέως
644 1103 690 1143 ἐν
717 1107 801 1152 τοῖς
827 1104 1032 1156 θέμασιν,
1076 1103 1313 1145 ὖπαντᾶται
1340 1106 1438 1158 παρ’
1464 1100 1642 1145 ἑκάστου
1670 1103 1745 1144 θέ-

275 1180 457 1219 ςματος,
489 1165 677 1220 δηλονότι
702 1171 1061 1222 παρατεταγμένου
1091 1163 1206 1218 ὄντος
1233 1171 1307 1210 τοῦ
1334 1171 1539 1222 θέματος.
1591 1169 1662 1209 καὶ
1688 1165 1799 1221 δήῐό

315 1233 391 1273 τοῦ
417 1233 621 1285 βασιλέως
645 1234 940 1287 διερχομένου,
979 1231 1035 1282 ὥς
1064 1232 1147 1275 ἀπὸ
1179 1233 1458 1289 διαστήματος
1494 1233 1639 1275 ἱκανοῦ
1662 1229 1741 1288 πρὸ

314 1299 388 1338 τοῦ
423 1294 495 1338 τὸν
530 1298 706 1350 βασιλέα
746 1302 1016 1352 καταλαβεῖν,
1060 1299 1333 1351 ἀποβαίνουσι
1372 1301 1456 1341 τῶν
1493 1300 1629 1340 ἵππων
1657 1295 1744 1350 ὁζτε

316 1359 542 1416 στρατηγὸς
568 1364 642 1403 καί
665 1361 687 1402 ὅ
716 1362 1042 1419 πρωτονοτάριος
1067 1365 1141 1405 τοῦ
1168 1365 1350 1416 θέματος
1377 1362 1451 1405 καί
1476 1362 1514 1404 οἱ
1534 1359 1745 1419 τουρμάρ-

313 1442 392 1478 χαι
417 1425 489 1467 καὶ
524 1425 563 1468 οἱ
602 1427 1006 1484 δρουγγαροκόμητες
1043 1427 1117 1470 καὶ
1152 1428 1176 1469 ὅ
1203 1431 1419 1484 μεραρχης
1451 1427 1525 1474 καί
1557 1426 1580 1469 ὅ
1615 1425 1745 1482 κόμης

317 1491 388 1543 τῆς
415 1487 562 1543 κόρτης
588 1492 661 1530 καί
686 1490 709 1530 ὅ
734 1490 1038 1546 χαρτουλάριος
1078 1491 1150 1535 καὶ
1186 1492 1207 1534 ὅ
1235 1495 1474 1543 δομὲστικος
1510 1494 1585 1534 τοῦ
1609 1494 1798 1546 &epta-20

317 1569 409 1608 τος,
456 1556 529 1597 καὶ
562 1557 727 1598 ποιοῦσι
755 1556 941 1609 δέξιμον.
995 1554 1069 1598 καὶ
1096 1558 1173 1598 τοῦ
1211 1558 1414 1611 βασιλέως
1457 1557 1744 1613 διερχομένου,

322 1689 359 1723 (ἱί
374 1714 384 1730 ,
407 1700 526 1735 neque
550 1689 596 1723 ad
619 1688 817 1724 hetaeriam
840 1690 1024 1736 pertinens
1048 1691 1204 1737 aliquis,
1227 1701 1348 1737 neque
1372 1691 1467 1725 ullus
1492 1692 1609 1734 alius,
1636 1701 1745 1725 senex

320 1736 505 1769 iuvenisve
542 1737 609 1778 sit,
643 1735 816 1780 dignitate
842 1739 1001 1771 eminens
1026 1743 1089 1771 aut
1112 1738 1273 1779 inferior,
1298 1738 1369 1771 nisi
1394 1738 1531 1783 signum
1555 1738 1600 1770 ab
1626 1739 1746 1783 Impe-

320 1787 438 1815 ratore
463 1783 626 1827 accipiat,
653 1787 689 1815 et
705 1783 798 1817 illud
820 1784 865 1816 ad
889 1783 1119 1828 (hungarium
1142 1785 1283 1818 referat.
1332 1784 1371 1818 si
1392 1785 1628 1819 nihilominus
1642 1795 1747 1830 prae-

323 1833 440 1860 sumat
464 1829 511 1861 ali
541 1830 595 1861 uis
629 1827 766 1874 absque
799 1829 900 1875 signo
937 1830 1035 1863 edito
1070 1836 1171 1864 extra
1203 1830 1336 1863 vallum
1369 1831 1584 1876 procedere,
1615 1829 1747 1876 depre-

321 1874 471 1907 hensum
495 1876 521 1907 il
541 1887 598 1907 um
622 1875 661 1908 in
685 1875 837 1909 vinculis
863 1875 1049 1921 abripiunt
1073 1877 1119 1910 ad
1142 1876 1394 1922 drungarium,
1428 1879 1578 1923 eiusque
1602 1877 1654 1910 rei
1677 1886 1747 1910 no·

320 1920 404 1952 titia
440 1921 592 1954 refertur
623 1921 670 1953 ad
700 1923 979 1968 Imperatorem,
1013 1923 1164 1968 eiusque
1196 1924 1401 1967 exploratur
1424 1923 1623 1963 sententia,
1680 1920 1745 1954 uid

323 1965 369 1999 de
394 1968 459 1999 tali
484 1973 599 2000 actum
623 1969 723 2005 velit.
769 1968 807 2001 Si
840 1979 924 2002 vero
954 1974 1079 2002 nactus
1105 1969 1150 2002 ab
1180 1971 1398 2014 Imperatore
1421 1971 1559 2015 signum
1587 1933 1744 2002 ediderit

322 2013 418 2056 apud
446 2013 695 2058 drungarium,
720 2013 885 2047 educitur
909 2014 954 2047 ab
979 2015 1064 2058 illo3
1089 2015 1294 2049 meminisse
1318 2020 1436 2048 tamen
1469 2027 1551 2048 eum
1578 2018 1742 2058 oportet,

322 2063 364 2089 ut
385 2070 447 2102 per
472 2059 624 2094 eundem
655 2060 808 2102 exitum,
839 2072 903 2104 per
930 2072 1035 2106 quem
1060 2063 1207 2094 emissus
1235 2073 1254 2094 a
1276 2061 1467 2106 drungario
1495 2061 1626 2100 fuerit,
1661 2059 1744 2093 red-

324 2108 391 2136 eat.
438 2106 534 2137 Alias
562 2106 658 2139 enim
684 2106 838 2139 vincitur
868 2118 887 2138 a
915 2107 1114 2150 pedituris,
1147 2112 1184 2140 et
1209 2118 1312 2141 mane
1338 2107 1492 2140 traditur
1520 2107 1744 2152 Imperatori.

323 2149 541 2184 Ohservatur
559 2151 618 2191 id,
639 2151 766 2192 donec,
791 2153 892 2185 finita
915 2153 1162 2198 expeditione,
1180 2153 1323 2185 domum
1342 2154 1554 2198 remigretur
1598 2153 1649 2185 Ex
1670 2163 1744 2197 qno

324 2201 445 2230 autem
476 2197 519 2230 ad
556 2198 715 2242 legiones
746 2199 951 2241 pervenerit
978 2200 1194 2244 Imperator,
1222 2198 1368 2232 additur
1397 2199 1642 2244 superioribus
1668 2209 1746 2231 am-

322 2241 438 2275 babus
467 2243 538 2276 fina
595 2254 657 2276 seu
702 2243 862 2276 custodia
902 2244 1032 2285 tertia,
1063 2244 1223 2278 medium
1250 2250 1377 2278 tenens
1411 2245 1527 2279 locum
1557 2245 1653 2278 inter
1677 2244 1745 2277 he-

324 2290 473 2322 taeriam
509 2293 547 2322 et
589 2288 784 2322 scholarios
830 2290 1027 2335 drungarii.
1072 2290 1269 2336 imperator
1302 2290 1460 2343 legiones
1503 2291 1745 2336 pertransiens

324 2334 502 2380 excipitur
526 2334 570 2368 ab
604 2346 817 2381 unaquaque
852 2336 994 2380 legione
1025 2337 1064 2371 iu
1100 2337 1206 2369 armis
1235 2341 1272 2370 et
1305 2347 1381 2370 acie
1417 2342 1548 2373 stante.
1595 2337 1746 2372 Scilicet

323 2380 508 2414 commodo
545 2381 734 2414 intervallo
768 2386 960 2427 antequam
999 2384 1194 2427 Imperator
1228 2392 1340 2427 prope
1373 2383 1562 2423 adveniat,
1595 2382 1746 2417 descen-

324 2427 417 2461 dunt
444 2439 487 2460 ex
516 2428 618 2473 equis
637 2432 746 2460 strate
771 2439 811 2460 us
834 2432 872 2462 et
891 2429 1157 2473 protonotarius
1173 2427 1353 2469 thematis,
1375 2429 1608 2470 turmarchae,
1633 2429 1745 2462 drun-

323 2475 580 2519 garocomites,
618 2439 823 2514 mer-arctim,
860 2485 977 2509 comes
1016 2475 1145 2516 cortis,
1184 2474 1421 2508 chartularius
1458 2481 1495 2509 et
1526 2475 1742 2509 domesticus

322 2520 517 2564 themati03
551 2525 588 2554 et
626 2520 766 2554 faciunt
801 2519 982 2556 deximum
1016 2531 1080 2555 seu
1112 2532 1238 2566 corpus
1271 2521 1519 2555 advenientem
1546 2521 1743 2555 Dominum

324 2568 488 2611 excipere
514 2571 621 2612 atque
656 2567 810 2601 salutare
844 2572 1020 2617 paratum.
1068 2568 1121 2601 Im
1149 2573 1287 2601 eratore
1315 2573 1535 2608 transeunte‚
1550 2565 1746 2613 procidunt

325 2623 447 2646 omnes
481 2613 518 2651 in
553 2618 704 2654 terram,
736 2612 814 2646 eius
847 2615 1067 2651 maiestatem
1095 2625 1115 2647 a
1142 2620 1305 2656 orantes;
1335 2614 1469 2649 milites
1511 2618 1630 2653 autem
1665 2621 1745 2645 ma·-

324 2663 415 2692 nent
443 2659 668 2697 considentes
699 2660 737 2692 in
764 2659 879 2704 equis,
927 2661 1011 2693 Post
1029 2660 1158 2692 factam
1188 2671 1207 2691 a
1233 2661 1394 2706 strategis
1424 2665 1462 2695 et
1489 2660 1615 2696 ceteris
1635 2657 1745 2696 dietis

324 2705 501 2751 magistris
538 2705 756 2743 militar-ibus
798 2704 1047 2742 adorationem
1082 2705 1242 2744 deflectit
1267 2707 1467 2754 Imperator
1492 2704 1679 2741 tantillum
1696 2703 1747 2738 dn
