1878 3112
886 0 920 36 0

299 84 415 152 456
571 101 834 143 APPEme
871 100 944 140 An
986 100 1188 140 LlssRUM
1224 100 1435 140 ΡΒιΜυΜ

299 218 440 246 ονται·
497 201 536 243 οἷ
565 205 610 243 δὲ
639 204 685 243 ἐκ
726 201 931 254 πατρικῆς
972 201 1115 255 ψυχῆς
1151 199 1259 252 μετὰ
1299 202 1370 255 τῆς
1408 201 1605 256 ἀληθείας
1633 203 1735 258 ἄφι-

298 266 518 320 κνούμενοι
546 265 700 320 πολλὴν
724 265 973 321 χαρίζονται
1007 271 1094 313 τοῖς
1121 263 1228 313 υἱοῖς
1265 264 1489 316 διαπαντὸς
1515 265 1595 320 τήν
1622 262 1736 323 ‹23qu-

296 339 425 375 λειαν.
483 326 608 372 ἄκουε
637 332 802 382 τοίνυν,
843 329 936 383 υἱὲ,
966 328 1081 385 παρὰ
1111 330 1293 386 πατρὸς,
1325 329 1353 371 οἳ
1379 329 1439 386 μὴ
1468 330 1595 373 καλόν
1621 332 1733 374 ἔστιν

259 394 484 452 Βᾶγνοεῖν’
542 399 581 439 εἰ
616 395 697 452 γὰρ
736 391 883 450 ἄγνοια
925 394 1074 448 κακὸν,
1116 395 1142 450 ἦ
1179 397 1260 438 τῶν
1299 395 1553 450 πραγμάτων
1588 398 1737 450 γνῶσις

296 465 420 518 δῆλον
450 458 514 504 ὅτι
543 462 669 504 καλὸν
680 496 692 514 ,
734 461 806 503 καί
830 461 1010 514 μάλιστα
1047 462 1131 502 τῶν
1160 461 1394 515 ἀναγκαίων
1423 464 1495 503 καί
1520 456 1581 503 ὧν
1606 459 1760 516 πολλὴὄ

295 529 547 584 καθέστηκεν
575 529 600 583 ἡ
632 528 816 585 φροντίς.
857 527 1176 582 ἀναγκαιότερον
1206 528 1251 569 δὲ
1278 528 1326 568 τί
1348 522 1448 568 ἄλλο
1475 529 1634 581 γένοιτο
1659 541 1736 568 πο-

294 596 465 649 λεμικῆς
494 595 717 647 εὐτολμίας
745 592 818 634 καί
843 594 917 648 τῆς
958 595 1042 634 τῶν
1070 590 1283 648 προγόνων
1317 594 1502 643 παλαιᾶς
1528 593 1735 645 εὐταξίας,

292 657 344 715 ἣν
373 661 417 701 ἐν
443 661 638 713 πολέμοις
677 655 788 713 εἶχον
826 657 871 700 τὸ
909 657 1111 714 πρότερον
1148 661 1379 711 βασιλικοῖς
1415 660 1636 710 ταξειδίοις
1663 675 1736 700 κα-

294 721 522 766 τάστασιν.
579 723 732 780 ταύτην
773 723 852 780 γὰρ
894 723 1024 765 πάλαι
1067 724 1352 779 φημιζομένην
1392 727 1464 765 καί
1496 725 1624 780 μέχρι
1659 726 1736 766 τοῦ

293 792 370 832 νῦν
396 788 513 845 παρὰ
539 794 705 839 πολλοῖς
732 792 1047 846 θρυλλουμένην
1074 787 1134 844 μή
1165 791 1236 830 καί
1261 787 1479 846 ἐγγράφως
1505 788 1642 844 ἔχειν,
1683 789 1789 844 οὖιο

295 856 485 908 δίκαιον,
533 855 633 898 οὐδὲ
671 854 799 898 καλὸν
839 853 1111 910 ἡγησάμεθα.
1167 853 1391 909 λυσιτελής
1427 854 1505 910 γάρ
1535 870 1615 908 σοι,
1643 856 1740 896 θεό-

294 937 443 962 στεπτε
467 922 677 974 Ῥωμανὲ,
709 919 815 975 μετὰ
845 923 929 962 τῶν
959 915 1096 962 ἄλλων
1145 919 1219 962 καὶ
1259 919 1286 976 ἦ
1330 920 1489 963 τούτων
1525 921 1740 976 γενήσεται

296 985 533 1042 συγγραφὴ,
551 985 799 1042 εΡω,ιια“ι’κην
828 988 1012 1041 δηλοῦσα
1037 985 1346 1041 μεγαλειότητα.
1380 983 1479 1028 ὅθεν
1505 985 1636 1028 πολλὰ
1666 1001 1740 1027 πε-

257 1050 343 1106 (ἶρί
368 1051 524 1094 τούτων
566 1051 915 1108 οἷνερευνὴσαντες
973 1051 1044 1092 καί
1079 1054 1289 1107 μηδεμίαν
1330 1051 1560 1108 ὑπόμνησιν
1586 1053 1739 1094 ἐναπο-

293 1118 483 1172 κειμένην
509 1118 567 1175 uf)
595 1119 786 1174 παλατίῳ
817 1116 1076 1172 εὑρίσκοντες
1084 1150 1097 1170 ‚
1145 1113 1226 1170 ὄψὲ
1265 1118 1338 1158 καί
1370 1116 1488 1170 μόλις
1514 1117 1615 1158 ποτὲ
1642 1114 1790 1170 περίιὸ

295 1180 454 1223 τούτων
479 1181 703 1237 ὑπόμνημά
733 1184 778 1224 ἐν
806 1182 858 1238 τῇ
884 1183 995 1238 μονῇ
1022 1183 1072 1238 τῇ
1098 1182 1332 1238 καλουμένῃ
1354 1182 1574 1237 Σιγριανῆς
1603 1179 1740 1235 εὑρεῖν

149 1251 213 1283 Ms.
230 1246 581 1302 5-3ἦὸυνὴθημεν,
610 1249 655 1288 ἐν
681 1240 710 1303 ᾗ
737 1247 863 1289 Λέων
891 1245 911 1287 ὅ
941 1246 1180 1300 μάγιστρος,
1208 1240 1242 1304 ᾧ
1271 1245 1527 1296 Κατάκυλας
1549 1241 1603 1301 ἦν
1629 1246 1742 1288 ἐπιό-

101 1317 164 1354 Ed.
177 1320 214 1353 L.
227 1317 460 1365 264νυμον,
510 1310 581 1353 τὸν
607 1310 768 1367 μονήρη
795 1315 889 1366 βίον
916 1310 1148 1367 ἠσπάσατο.
1204 1306 1326 1360 οὗτος
1352 1309 1433 1367 γὰρ
1464 1310 1485 1352 ὅ
1513 1308 1742 1366 μάγιστρος

296 1377 396 1432 περὶ
430 1375 589 1418 τούτων
624 1376 844 1433 ἐγγράφως
882 1379 1046 1418 διέθετο
1081 1378 1126 1418 ἐκ
1165 1375 1429 1432 προστάξεως
1455 1378 1639 1426 Λέοντος
1664 1371 1744 1418 toz?

299 1440 578 1498 φιλοχρίστου
607 1444 680 1483 καί
706 1441 947 1498 σοφωτάτου
975 1444 1181 1496 βασιλέως
1202 1441 1432 1498 Ῥωμαίων,
1458 1443 1534 1484 τοῦ
1560 1443 1633 1485 καί
1657 1459 1794 1488 noc-20

299 1572 359 1600 tur
385 1565 663 1606 instructiones,
687 1570 728 1598 ut
751 1576 856 1599 verae
882 1570 988 1607 sunt,
1025 1567 1075 1598 ita
1101 1576 1247 1613 quoque
1271 1566 1357 1599 filiis
1383 1576 1450 1610 per
1473 1575 1617 1598 omnem
1643 1568 1742 1597 aeta-

299 1617 374 1645 tem
400 1617 436 1644 ct
459 1623 524 1656 per
557 1622 680 1644 omnes
718 1623 838 1644 rerum
873 1623 973 1645 casus
1006 1618 1091 1646 sunt
1116 1613 1233 1646 utiles.
1282 1612 1376 1645 Audi
1397 1622 1501 1656 ergo,
1525 1611 1598 1653 fili,
1622 1615 1659 1643 et
1682 1621 1742 1643 ac-

301 1659 380 1703 cipe
401 1669 420 1690 a
446 1664 571 1702 patre,
594 1669 687 1703 quae
713 1658 877 1703 ignorare
905 1670 978 1693 non
1018 1659 1129 1692 decet.
1178 1659 1384 1703 Ignorantia
1409 1659 1439 1691 si
1463 1658 1578 1703 turpis
1599 1662 1671 1697 est,
1695 1657 1743 1689 li-

301 1709 391 1750 quet
414 1715 533 1737 rerum
553 1705 721 1749 peritiam
744 1705 931 1749 pulchram
950 1711 986 1738 et
998 1707 1217 1750 praeclaram
1235 1716 1323 1746 esse,
1346 1711 1383 1737 et
1405 1705 1597 1749 praecipue
1621 1713 1742 1736 rerum

299 1753 583 1784 necessariarum
614 1753 819 1797 multasque
852 1758 889 1784 ct
922 1753 1112 1796 diligentes
1144 1763 1245 1784 curas
1271 1751 1503 1796 exigentium.
1552 1749 1654 1796 Quid
1677 1761 1743 1783 au-

299 1803 375 1832 tem
399 1797 514 1838 aliud,
538 1809 685 1843 quaeso,
709 1799 819 1843 magis
843 1810 910 1831 usu
932 1800 1056 1831 veniat
1083 1804 1120 1832 ct
1141 1799 1189 1831 sit
1211 1798 1323 1844 magis
1346 1798 1610 1838 necessarium,
1633 1807 1742 1842 quam

301 1850 472 1878 strenuus
499 1849 535 1876 ct
559 1855 639 1886 aeer
659 1845 697 1877 in
722 1844 829 1877 bellis
854 1846 995 1878 animus
1032 1851 1069 1878 ct
1102 1850 1265 1879 vetustus
1301 1845 1366 1877 ille
1389 1844 1506 1877 bonus
1531 1849 1567 1877 et
1591 1843 1742 1876 decorus

302 1890 414 1932 ordo,
437 1902 545 1936 quem
569 1892 685 1923 nostri
709 1892 861 1924 maiores
887 1893 925 1924 in
949 1892 1056 1924 bellis
1082 1897 1119 1924 ct
1142 1892 1181 1924 in
1217 1892 1324 1936 regiis
1339 1917 1348 1932 ‚
1374 1891 1404 1923 si
1436 1901 1529 1936 quae
1553 1890 1744 1934 continge-

301 1943 396 1978 rent,
421 1936 718 1981 expeditionibus
742 1938 1007 1972 observabant?
1030 1939 1134 1972 Hunc
1163 1943 1284 1971 autem
1307 1937 1431 1971 crebra
1456 1937 1543 1970 olim
1566 1937 1659 1969 sama
1685 1945 1743 1967 ce·-

302 1983 486 2018 lebratum
513 1989 549 2016 et
571 1984 629 2016 vel
652 1983 707 2016 his
733 1985 820 2029 ipsis
847 1985 965 2018 adhuc
988 1985 1213 2029 temporibus
1238 1996 1258 2016 a
1285 1984 1409 2017 multis
1445 1993 1608 2016 sermone
1631 1982 1745 2014 iacta-

302 2035 382 2062 tum
411 2030 441 2062 si
466 2030 600 2073 scripto
626 2031 874 2075 consignatum
897 2042 972 2063 non
994 2030 1231 2071 haberemus,
1266 2031 1434 2076 iniquum
1458 2034 1494 2062 et
1517 2034 1622 2074 turpe
1645 2027 1744 2060 iudi-

306 2077 464 2108 cavimus
491 2075 661 2121 [ideoque
685 2076 754 2109 hoc
774 2077 960 2110 volumine
994 2076 1298 2122 comprehendere
1312 2076 1516 2123 voluimus}
1564 2076 1611 2108 Et
1631 2073 1743 2119 prod-

306 2122 378 2154 erit
408 2121 498 2163 tibi,
530 2124 690 2155 Romane
716 2134 736 2155 a
761 2124 838 2156 Deo
864 2129 1053 2165 coronate,
1079 2129 1119 2156 ut
1141 2123 1258 2163 aliae,
1282 2123 1332 2156 ita
1360 2121 1451 2154 haec
1493 2131 1638 2167 quoque
1669 2126 1744 2154 tra-

306 2169 439 2209 ctatio,
464 2179 483 2200 e
508 2179 579 2213 qua
604 2170 798 2202 Romanam
821 2170 956 2213 poteris
979 2181 988 2190 ’
1030 2169 1280 2214 gnificentiam
1311 2169 1525 2212 intelligere.
1574 2166 1745 2201 Scriben-

305 2214 343 2246 di
377 2215 604 2246 occasionem
636 2215 742 2247 nobis
767 2215 836 2247 hoc
860 2215 970 2248 dedit.
1018 2216 1134 2250 Multa
1159 2214 1428 2259 diligenteque,
1461 2214 1525 2247 sed
1558 2215 1682 2251 irrita,
1703 2213 1744 2247 in

302 2261 442 2306 palatio
475 2260 568 2292 facta
601 2261 860 2305 inquisitione,
895 2262 924 2294 si
959 2262 1053 2294 forte
1092 2261 1274 2306 depositos
1307 2260 1443 2293 alicubi
1477 2262 1521 2294 de
1556 2261 1612 2295 his
1636 2259 1744 2292 rebus

304 2308 582 2340 commentarios
622 2307 879 2352 reperiremus,
921 2310 980 2342 vix
1005 2308 1151 2341 tandem
1190 2307 1387 2353 aliquando
1431 2308 1532 2349 eius,
1562 2306 1662 2353 quod
1678 2306 1744 2339 de-

306 2353 584 2394 siderabamus,
631 2355 835 2397 argumenti
875 2355 1042 2388 libellum
1092 2356 1252 2400 aliquem
1292 2355 1495 2387 invenimus
1540 2355 1579 2386 in
1618 2363 1746 2386 mona-

305 2400 438 2441 sterio,
473 2399 572 2446 quod
605 2400 787 2444 Sigrianes
828 2402 1057 2446 appellatur,
1093 2403 1133 2435 in
1167 2413 1238 2446 quo
1263 2402 1335 2434 Leo
1368 2401 1556 2446 magister,
1590 2401 1648 2433 cui
1684 2411 1745 2433 co-

305 2458 461 2490 gnomen
486 2450 579 2479 *erat
615 2446 819 2490 Catacylas‚
842 2448 953 2480 vitam
993 2448 1192 2480 solitariam
1238 2447 1423 2492 amplexus
1463 2452 1527 2479 est.
1575 2445 1643 2479 Hic
1665 2445 1744 2489 ipse

305 2493 476 2536 magister
522 2503 672 2537 nempe,
723 2494 841 2526 iussus
884 2505 904 2526 a
946 2496 1089 2535 Leone,
1138 2494 1276 2529 Christi
1320 2498 1462 2526 amante
1518 2497 1556 2526 et
1596 2491 1745 2536 sapien-

307 2540 447 2572 tissimo
479 2541 700 2584 Imperatore
733 2541 994 2582 Romanorum,
1029 2547 1131 2585 patre
1155 2546 1277 2574 nostro
1314 2546 1350 2573 et
1383 2551 1448 2574 avo
1486 2545 1571 2580 tuo,
1595 2538 1640 2571 de
1677 2537 1742 2570 illo

308 2592 542 2629 argumento,
582 2586 682 2631 quod
721 2598 787 2619 nos
822 2598 968 2634 quoque
1005 2587 1231 2621 tractandum
1263 2587 1323 2620 hic
1357 2586 1602 2631 suscepimus,
1652 2584 1744 2616 scri-

306 2637 372 2710 ἕω
396 2637 621 2676 exposuerat.
668 2633 803 2669 Verum
827 2635 912 2678 quia
937 2635 1071 2668 Graeca
1094 2634 1229 2666 musica
1252 2645 1314 2666 seu
1347 2633 1451 2666 docta
1474 2630 1651 2676 elegantia
1674 2630 1744 2662 im-

338 2682 420 2712 utus
452 2689 525 2713 non
557 2678 676 2713 fuerat
705 2680 769 2714 ille
799 2681 987 2727 magister,
1019 2681 1134 2716 multa
1160 2680 1302 2714 infersit
1325 2681 1364 2714 in
1387 2690 1487 2714 suam
1510 2677 1743 2724 scriptionem
