1832 3112
269 119 292 153 «ι
306 98 339 154 8
541 112 898 159 οοΝεΤΑΝΉΝι
951 114 1434 159 PORPHYROGENITI

264 218 340 275 τὴν
369 216 490 273 άγιάν
518 219 756 270 κοινωνίαν,
796 217 868 258 καί
903 214 1188 269 ἀσπαζόμενοι
1227 218 1333 260 κατὰ
1372 219 1421 261 τὸ
1462 220 1614 270 εἰωθὸς
1638 221 1709 263 τὸν

266 283 552 340 πατριάρχην,
598 285 857 336 εἰσέρχονται
895 282 940 323 ἐν
979 283 1036 339 τῷ
1074 285 1346 342 μητατωρίῳ,
1395 286 1469 327 καί
1504 291 1710 342 κραματί-

268 350 409 402 ζουσιν
437 351 568 391 ἐκεῖσε
595 346 700 401 μετὰ
730 348 812 388 τῶν
855 345 1115 401 μεγιστάνων
1152 350 1224 390 καί
1261 351 1514 405 οἷκειοτέρων
1541 351 1710 407 ἀνθρώ-

266 433 356 458 πων
384 417 457 470 τῆς
484 413 731 468 συγκλήτου·
787 414 860 454 καί
884 411 993 466 μετά
1022 414 1068 455 τὸ
1097 414 1352 470 κραματίσαι
1379 414 1476 466 τοὺς
1505 415 1710 468 δεσπότας

265 482 526 537 εἰσέρχονται
561 476 599 520 οἱ
636 474 904 534 πραιπόσιτοι
939 476 1043 530 μετά
1085 479 1156 520 καί
1192 479 1275 522 τῶν
1313 481 1386 523 ἐπὶ
1419 482 1500 524 τῶν
1537 482 1733 534 ἆλλαξί-ὄ

229 558 381 600 Ομων,
422 543 494 585 καὶ
530 545 768 586 ἐπιτιθέασι
809 549 896 593 τοῖς
935 541 1155 594 δεσπόταις
1195 543 1272 595 τάς
1297 543 1458 588 ἑαυτῶν
1490 547 1708 602 χλανίδας,

264 610 337 653 καί
362 607 444 653 εἶθ’
475 606 604 659 οὕτως
624 610 865 664 εἰσάγουσιν
893 608 931 651 οἱ
962 609 1087 651 αὐτοὶ
1111 609 1379 667 πραιπόσιτοι
1405 609 1474 655 τὸν
1503 614 1713 670 πατριάρ-

262 693 369 732 χην,
416 674 490 717 καί
515 673 749 726 ἀσπάζεται
785 673 883 724 τούς
923 672 1154 729 δεσπότας,
1195 674 1267 717 καὶ
1301 678 1531 727 συνέξεισιν
1565 677 1710 728 αὖτοῖς

264 746 343 792 ἕως
370 743 445 798 τῆς
473 744 624 797 μικρᾶς
651 741 790 798 θύρας
818 742 890 796 τῆς
918 741 1195 797 εἰσφερούσης
1220 740 1321 798 πρὸς
1341 741 1388 784 τὸ
1412 739 1528 797 ἅγιον
1556 745 1708 801 φρέαρ.

263 810 309 852 ἐν
346 806 425 865 γάρ
466 809 516 865 τῇ
545 809 647 864 φλιᾷ
685 809 758 863 τῆς
796 807 928 862 αὐτῆς
963 807 1104 863 θύρας
1141 809 1337 850 ἵστανται
1373 810 1416 851 οἳ
1438 825 1483 852 τε
1511 808 1762 854 δεσπόταιιο

265 874 337 916 καὶ
375 873 397 916 6
436 872 725 928 πατριάρχης,
771 871 793 913 6
824 873 870 914 δὲ
906 870 1175 928 πραιπόσιτος
1213 875 1286 915 καί
1310 873 1331 916 6
1358 869 1538 931 ἄργυρος
1566 877 1711 918 ἵσταν-

262 956 331 983 ται
358 939 437 990 ἔξω
465 940 541 995 τῆς
569 938 701 994 αὐτῆς
727 937 880 994 θύρας·
926 937 1001 980 καί
1039 937 1088 994 δὴ
1131 937 1201 980 διὰ
1239 938 1383 995 χειρὸς
1419 943 1495 982 τοῦ
1521 939 1709 997 ἄργύρου

86 1004 477 1063 Μς.ῃ7,αλαμβάνει
520 1003 542 1045 6
570 1003 843 1060 πραιπόσιτος
878 1002 931 1045 τὰ
971 1005 1116 1060 χρυσᾶ
1152 1003 1359 1058 βαλάντια
1394 1009 1466 1047 καί
1491 1005 1710 1048 §memma

260 1075 317 1130 τῷ
357 1075 545 1127 βασιλεῖ’,
597 1071 668 1112 καί
709 1068 729 1112 6
770 1068 973 1124 βασιλεύς
1014 1069 1163 1112 δίδωσι
1201 1076 1288 1121 τοῖς
1327 1073 1527 1124 μέλλουσι
1573 1074 1707 1115 ταῦτα

261 1137 511 1192 λαμβάνειν,
541 1137 762 1192 κράζοντος
791 1135 975 1192 δηλονότι
1004 1138 1079 1178 τοῦ
1108 1135 1308 1193 ἀργύρου·
1333 1139 1419 1196 »τῷ
1445 1136 1467 1180 6
1496 1139 1611 1181 δεῖνα
1641 1141 1761 1184 δε-ιὸ
1804 1154 1807 1157 ·

263 1204 416 1247 σπόται
447 1203 645 1257 οἷγαθοι””
684 1204 769 1244 εἰσί
797 1204 845 1244 δὲ
887 1199 925 1243 οἱ
953 1201 1237 1255 λαμβάνοντες
1264 1201 1418 1258 ταύτην
1444 1201 1520 1258 τὴν
1545 1203 1712 1259 εΰεργε-

262 1269 360 1312 σιάν
385 1267 454 1311 διά
476 1265 617 1324 χειρὸς
637 1270 714 1310 τοῦ
740 1265 941 1310 δεσπότου
971 1264 1006 1320 ὅ,
1027 1283 1072 1308 τε
1101 1268 1391 1324 ἅρχιδιάκονος
1419 1268 1493 1310 καί
1515 1267 1555 1311 οἱ
1573 1267 1711 1312 ὄστιά-

220 1350 348 1391 Βριοι
390 1334 463 1376 καὶ
501 1332 539 1375 οἱ
573 1333 738 1387 ψαλταί
774 1333 846 1375 καί
890 1331 930 1375 οἱ
974 1334 1142 1388 πένητες
1188 1331 1261 1375 καί
1305 1332 1345 1376 οἱ
1394 1335 1711 1392 προσμονάριοι.

269 1399 342 1442 καί
374 1398 483 1454 μετὰ
527 1401 664 1441 ταῦτα
707 1401 946 1456 ἐξέρχονται
975 1397 1014 1441 οἱ
1043 1399 1238 1440 δεσπόται
1267 1398 1375 1452 μετά
1403 1403 1480 1442 τοῦ
1505 1399 1712 1456 πατριάρ-

260 1483 367 1521 χου,
399 1465 471 1508 καί
496 1466 753 1521 εἰσέρχονται
777 1467 822 1508 ἐν
850 1467 908 1524 τῷ
936 1462 1048 1522 βήλὶρ
1075 1466 1132 1523 τῷ
1159 1467 1402 1524 κρεμαμένῳ
1432 1467 1492 1516 εἷς
1517 1465 1563 1509 τὸ
1589 1463 1761 1522 ἅγιοναο
1803 1485 1806 1487 ’

262 1534 425 1589 φρέαρ,
468 1530 542 1573 καί
572 1532 715 1588 στέφει
750 1527 905 1580 αύτούς
935 1530 956 1573 6
985 1529 1255 1588 πατριάρχης.
1309 1530 1383 1572 καί
1405 1530 1514 1584 μετὰ
1542 1530 1586 1574 τὸ
1616 1548 1711 1575 στε-

262 1598 426 1654 φθῆναι
465 1595 624 1646 αὐτούς
662 1596 949 1651 λαμβάνουσιν
987 1597 1033 1638 ἐκ
1070 1595 1210 1653 χειρὸς
1237 1597 1314 1639 τοῦ
1343 1595 1606 1654 πατριάρχου
1634 1596 1711 1648 τάς

260 1662 462 1717 εὐλογίας,
493 1657 588 1718 ἦτοι
614 1661 871 1718 προσφοράς,
902 1664 975 1704 καί
1002 1661 1263 1704 άντιδίδουσι
1289 1661 1450 1711 ταύτας
1466 1667 1552 1711 τοῖς
1580 1678 1710 1719 πραι-

259 1730 465 1782 ποσίτοις,
509 1727 581 1769 καί
613 1725 718 1782 μετά
749 1729 886 1769 ταῦτα
915 1729 1065 1770 δίδωσι
1091 1733 1176 1777 τοῖς
1205 1726 1424 1776 δεσπόταις
1452 1725 1476 1768 6
1503 1725 1709 1784 πατριάρ-

256 1810 336 1850 χης
363 1791 415 1836 τά
446 1790 620 1836 ἆλειπτά
635 1828 648 1848 ,
694 1796 766 1836 καί
794 1794 1092 1848 άντιλαμβάνει
1132 1792 1248 1850 παρὰ
1290 1794 1376 1836 ταῖν
1415 1793 1627 1836 δεσποτῶν
1653 1791 1761 1839 τὰ25
1810 1787 1812 1789 ¹

1820 1303 1832 1465 M——masstna-
1826 1273 1832 1290 2*

351 1890 406 1924 23.
446 1887 688 1923 ἄντιδιδοῦσι
731 1887 787 1934 ed.
829 1888 996 1922 Formam
1031 1886 1145 1930 δίδω,
1183 1886 1282 1922 δίδει
1318 1893 1526 1922 constanter
1549 1889 1590 1922 in
1627 1887 1708 1923 cod„

353 1935 520 1968 obtinere
559 1936 727 1969 observat
751 1936 790 1971 R.
1735 1941 1738 1945 ·

260 2007 353 2036 trum
379 2002 533 2037 bematis
558 2003 653 2036 latus
678 2013 716 2036 se
742 2002 945 2043 conferunt,
973 2012 1104 2035 sacram
1128 2002 1182 2036 ihi
1208 2003 1494 2036 communionem
1520 2003 1709 2047 excipien-

259 2055 332 2090 tes,
369 2054 405 2082 et
447 2048 685 2094 patriarcham
729 2060 794 2093 pro
819 2060 919 2082 more
957 2049 1129 2090 osculati,
1177 2050 1407 2083 metatorium
1439 2049 1706 2094 ingrediuntur,

260 2096 387 2142 ibique
425 2108 505 2129 cum
540 2095 773 2140 optimatibus
815 2101 851 2128 et
895 2096 1027 2141 quibus
1059 2095 1289 2129 familiariter
1330 2101 1483 2129 utuntur
1526 2097 1707 2131 senatori-

261 2143 328 2176 hus
363 2143 662 2197 confabOulantur3
710 2153 781 2188 quo
822 2142 917 2175 facto
963 2142 1161 2197 praepositi
1195 2154 1275 2175 cum
1312 2142 1376 2182 iis,
1413 2144 1477 2188 qui
1501 2143 1704 2176 mutatoriis

261 2195 454 2233 praesunt,
488 2190 649 2230 intrant,
685 2190 833 2234 suisque
858 2189 991 2223 tunicis
1015 2189 1188 2222 Dominos
1216 2188 1396 2230 induunt,
1434 2188 1566 2222 deinde
1590 2189 1705 2223 iidem

260 2235 498 2280 patriarcham
523 2236 723 2276 adducunt,
763 2235 826 2280 qui
854 2246 914 2268 eos
939 2236 1140 2276 osculatus,
1175 2235 1220 2268 ad
1247 2246 1389 2279 parvam
1417 2236 1563 2269 ianuam
1588 2246 1704 2282 usque

259 2293 396 2314 sacrum
422 2281 467 2315 ad
495 2289 644 2326 puteum
669 2281 860 2315 ducentem
889 2293 968 2315 cum
996 2282 1082 2325 ipsis
1109 2281 1301 2326 egreditur,
1353 2282 1450 2314 Intra
1473 2281 1581 2314 huius
1607 2283 1706 2316 enim

259 2330 388 2362 ianuae
421 2330 532 2362 limen
561 2329 735 2362 Dominus
775 2334 812 2361 et
838 2328 1063 2372 patriarcha,
1104 2329 1331 2373 praepositus
1365 2338 1449 2362 vero
1483 2332 1519 2361 et
1555 2334 1704 2373 argento

259 2376 461 2419 praefectus
489 2381 588 2408 extra
616 2375 730 2414 illud,
754 2375 965 2409 subsistunt.
1016 2376 1119 2408 Tunc
1145 2375 1370 2419 praepositus
1407 2385 1451 2407 ex
1489 2376 1604 2419 argyri
1639 2386 1704 2408 seu

261 2428 405 2471 argento
431 2421 602 2466 praefecti
628 2433 736 2455 manu
762 2422 943 2475 marsupia
968 2433 1053 2455 auro
1078 2423 1186 2467 plena
1209 2422 1328 2461 sumit,
1373 2419 1557 2465 traditque
1583 2422 1706 2465 Impe-

261 2460 381 2508 nitori,
407 2467 465 2501 hic
491 2470 548 2507 iis,
573 2470 636 2514 qui
663 2480 703 2502 ea
726 2469 885 2512 accipere
913 2468 1068 2508 debent,
1098 2469 1272 2501 clamante
1298 2478 1441 2512 argyro:
1484 2468 1527 2502 Ν.
1553 2468 1599 2504 Ν.
1621 2468 1704 2502 Do·
1742 2504 1749 2508 ⁵

260 2515 352 2547 min?
385 2515 496 2549 honi!
546 2515 620 2547 Hoc
647 2520 766 2548 autem
801 2515 978 2548 beneficio
1015 2514 1308 2554 archidiaconus,
1354 2515 1514 2554 ostiarii,
1551 2514 1703 2558 psaltae,

260 2572 434 2604 pauperes
462 2566 498 2594 ct
529 2562 700 2594 ecclesiae
739 2561 904 2595 custodes
939 2573 958 2594 a
995 2561 1148 2594 Domino
1187 2561 1405 2604 afficiuntur.
1455 2559 1596 2596 Deinde
1624 2560 1704 2593 Do-

259 2609 348 2640 mini
375 2619 453 2640 cum
479 2607 682 2652 patriarcha
709 2613 866 2649 exeunt,
917 2613 953 2641 ct
976 2608 1096 2640 velum
1132 2607 1170 2639 in
1209 2618 1306 2640 sacio
1340 2613 1452 2651 puteo
1489 2617 1703 2651 suspensum

260 2653 414 2693 iun-‚aut
462 2666 596 2700 cosque
621 2654 823 2698 patrialcha
852 2660 1007 2687 coronat.
1059 2653 1144 2707 Quo
1167 2653 1259 2686 facto
1295 2665 1409 2687 sacras
1435 2665 1455 2687 e
1480 2652 1703 2706 patriarchae

258 2709 364 2733 manu
390 2700 527 2734 oblatas
554 2712 617 2734 seu
643 2711 774 2746 panem
800 2700 1035 2734 benedictum
1073 2699 1278 2745 accipiunt,
1315 2711 1448 2746 easque
1485 2698 1703 2746 praepositis
