1832 3112
590 133 991 176 PRAEFATIONES
1378 134 1511 174 XXIX

71 242 114 278 in
139 246 318 293 pectore,
347 239 412 278 cui
446 235 623 276 subiacet
641 234 813 286 omanis,
842 234 907 274 vel
935 234 1087 274 tunica.
1146 233 1192 272 ln
1211 234 1344 287 capite
1370 241 1515 288 gerunt

73 306 257 357 insulam,
287 304 591 345 camelaucium
618 302 782 341 dictam.
814 300 1039 340 Eunuchus
1061 301 1241 354 proxime
1269 300 1322 339 ab
1335 301 1517 354 impera-

66 373 169 411 toris
196 371 334 411 dextra
355 377 463 411 stans
478 398 491 420 ‚
520 368 705 407 manibus
728 367 921 406 ambabus
962 368 1115 420 pectori
1164 366 1404 406 decussatim
1438 368 1516 405 im-

75 438 231 491 positis,
258 449 382 492 quem
402 449 556 476 morem
577 434 666 474 aula
695 435 867 473 Turcica
891 441 938 472 ut
968 427 1117 472 multos
1141 432 1239 472 alios
1252 446 1275 472 e
1298 433 1520 487 Byzantina

70 505 234 544 retinuit
247 533 261 554 ,
287 509 335 543 ut
358 503 577 556 Byzantina
609 515 655 540 ex
680 507 863 539 veterum
899 499 1116 538 Persarum
1133 528 1146 550 ‚
1188 505 1247 538 oet
1273 498 1520 539 Prohedms

70 578 110 611 et
133 569 507 610 protovestiarius.
573 567 742 606 indutus
771 573 831 605 est
854 567 1107 614 vestimento,
1135 564 1242 618 quod
1266 572 1403 604 nostro
1425 560 1520 604 λεύ-

69 633 280 683 κολέοντες
299 634 482 675 candidi
504 633 645 673 leones
677 631 923 686 appellatur.
952 632 1114 671 Fuisset
1140 631 1291 685 absque
1312 631 1389 670 hac
1418 632 1522 670 ima-

50 703 183 756 gine,
210 715 418 755 nunquam
438 701 647 754 perspicue
658 697 958 748 intellexissem,
987 695 1108 751 quale
1132 699 1252 737 vestis
1272 710 1396 750 genus
1414 710 1519 736 can-

68 767 168 808 didi
189 768 330 808 leones
358 767 520 807 fixerint.
574 764 735 805 Scilicet
754 765 798 803 in
822 777 869 803 ea
891 765 982 803 eius-
1004 770 1144 816 parte,
1175 777 1279 816 quae
1306 777 1337 802 a
1359 763 1520 818 cingulo

68 834 164 874 inde
193 847 320 888 usque
344 833 395 873 ad
419 832 540 887 pedes
565 831 764 881 decurrit,
797 831 935 869 intexti
959 835 1074 868 erant
1097 828 1232 868 leones
1258 831 1301 868 in
1328 843 1421 868 aera
1450 844 1519 869 ro-

66 899 195 939 tunda
226 899 333 939 alba.
391 900 455 938 De
477 898 743 952 appellatione
772 895 937 936 honoris
979 895 1213 935 Prohedrus
1242 895 1414 935 observo
1446 895 1514 935 hic

66 967 115 1005 in
131 967 314 1016 transitu,
337 971 517 1018 tempore
542 964 579 1003 N
583 965 765 1018 icephori
787 964 1023 1002 Botoniatae
1051 968 1091 1000 et
1114 962 1403 1016 posterioribus
1428 976 1518 1002 eam

68 1032 255 1072 omnibus
274 1033 436 1071 maioris
446 1031 600 1072 ordinis
613 1030 848 1085 proceribus
866 1042 1120 1078 communem
1136 1027 1271 1068 fuisse.
1310 1029 1514 1082 Tempore

68 1097 319 1138 Constantini
343 1101 469 1138 nostri
490 1111 569 1136 non
586 1104 686 1137 erat.
741 1097 911 1149 Insignis
934 1096 1104 1134 mutatio
1128 1093 1287 1134 tantillo
1311 1101 1511 1148 tempore.

178 1163 405 1216 Praeterea,
434 1177 560 1218 quum
588 1170 628 1202 et
656 1162 707 1207 cl.
733 1163 892 1202 Lan-,1111
917 1161 1141 1201 dissertatio
1165 1161 1217 1200 de
1246 1163 1331 1200 vita
1364 1169 1404 1200 et
1445 1175 1512 1201 re-

66 1229 144 1270 bus
177 1233 295 1284 gestis
329 1230 581 1270 Constantini
613 1235 895 1268 ornamentum
931 1227 1096 1281 aliquod
1142 1240 1235 1267 aere
1282 1241 1513 1281 expressum

66 1293 277 1350 flagitaret,
304 1297 468 1350 praefixi
499 1296 559 1336 illi
583 1295 731 1349 effigies
756 1294 909 1348 aliquot
934 1307 1151 1334 numorum
1181 1309 1205 1334 e
1224 1293 1509 1348 gazophylacio

55 1360 316 1415 *Amplissimi
338 1363 506 1404 senatus
530 1363 747 1415 Lipsiensis
772 1361 1094 1415 depromtorum,
1130 1359 1184 1400 ad
1221 1362 1350 1400 nostri
1383 1375 1510 1414 genus

0 1450 1 1475 ;
63 1429 365 1481 pertinentium.
422 1429 584 1468 Primus
612 1442 758 1468 aureus
779 1427 938 1467 exhibet
959 1426 1150 1467 Basilium
1166 1456 1179 1479 ,
1207 1427 1348 1466 Nostri
1369 1441 1508 1479 avum,

68 1501 108 1533 et
137 1496 221 1534 eius
251 1494 380 1534 filium
404 1495 728 1536 Constantinum.
793 1493 978 1533 Alterum
1007 1507 1174 1533 aureum
1202 1493 1405 1533 tribuebat
1430 1494 1509 1533 Ca-

65 1559 223 1614 talogus
241 1560 394 1601 laudati
419 1559 692 1615 gazophylacii
715 1575 740 1599 a
764 1560 818 1600 cl.
839 1560 1086 1610 Wachtero‚
1115 1560 1307 1599 Glossarii
1331 1559 1509 1599 celeber-

53 1627 170 1666 ·rimo
196 1634 383 1678 auctore,
413 1627 634 1677 confectus,
663 1628 825 1678 Leonis,
851 1626 985 1666 Basilii
1014 1626 1113 1665 filio.
1171 1626 1342 1678 Reperio
1372 1633 1510 1665 tamen

66 1705 160 1730 eum
179 1693 288 1746 apud
312 1693 560 1732 Bandurium
603 1694 709 1731 iuter
744 1705 889 1730 numos
922 1693 1084 1730 Ioannis
1103 1690 1348 1744 Palaeologi.
1405 1691 1509 1730 Ter-

46 1758 144 1796 *tius
182 1771 328 1798 aeneus
372 1759 550 1797 Leonem
580 1757 752 1796 eundem
783 1756 954 1796 exhibet.
1018 1757 1198 1807 Quartus
1225 1758 1321 1795 item
1362 1770 1510 1796 aeneus

66 1823 374 1863 Constantinum
402 1831 602 1874 nostrum,
631 1837 725 1862 cum
755 1823 838 1861 Ζοὲ
868 1822 994 1875 ipsius
1030 1828 1174 1860 matre.
1235 1822 1369 1861 Habet
1396 1822 1507 1862 hunc

51 1902 231 1929 -numum
262 1891 331 1928 Du
364 1890 540 1929 Cinorus
561 1902 722 1942 quoque
760 1902 800 1942 p.
819 1887 894 1928 156
914 1887 1158 1927 familiarum
1173 1887 1424 1942 Byzant.„et
1436 1903 1503 1928 re-

66 1955 143 1994 fert
168 1955 220 1994 ad
249 1956 555 1996 Constantinum
574 1957 771 1995 iuniorem
784 1984 798 2005 ‚
831 1955 1004 1995 Romani
1037 1953 1181 2004 filium,
1207 1956 1335 1994 nostri
1377 1969 1503 2008 nepo-

52 2027 163 2072 -tem,
192 2035 355 2075 eiusque
378 2022 517 2072 filiam,
546 2023 668 2062 Zoe‘n.
698 2021 778 2061 Sed
802 2022 906 2060 ratio
944 2020 997 2060 ab
1039 2023 1126 2074 ipso
1147 2020 1374 2061 discedendi
1406 2021 1506 2061 haec

42 2076 164 2126 ‘mihi
187 2087 278 2139 suit,
306 2087 417 2141 quod
438 2087 575 2128 vultus
597 2089 699 2127 Zoes
718 2086 893 2126 adultior
915 2088 1050 2141 potius
1085 2094 1271 2137 matrem,
1299 2101 1423 2142 quam
1457 2088 1506 2127 fi-

65 2150 179 2203 liam,
219 2160 260 2193 et
292 2153 430 2193 vultus
462 2154 712 2193 Constantini
744 2152 963 2192 admodum
1001 2152 1165 2206 puerilis
1193 2154 1328 2207 potius
1350 2152 1478 2195 filium
1492 2182 1505 2204 ‚

63 2231 186 2271 quam
202 2226 375 2272 patrem,
402 2219 608 2260 videretur
646 2233 825 2274 arguere.
895 2219 1072 2270 Quintus
1096 2234 1244 2259 numus
1270 2234 1408 2259 rursus
1433 2217 1507 2259 au-

63 2276 156 2324 reus
175 2291 235 2325 est
262 2285 481 2340 Nicephori
511 2286 688 2337 Phocae,
719 2286 833 2325 cuius
865 2285 973 2339 apud
1008 2285 1203 2326 Nostrum
1231 2286 1282 2325 L.
1318 2286 1348 2326 1.
1373 2301 1410 2325 c.
1431 2285 1503 2340 96.

53 2352 217 2390 ‚mentio
241 2351 297 2392 fit.
348 2352 405 2391 Et
430 2351 497 2391 hic
519 2366 680 2406 quoque
709 2351 818 2405 apud
847 2351 1095 2390 Bandurium
1129 2359 1268 2391 exstat.
1373 2387 1376 2390 .

0 2459 2 2469 y
175 2415 336 2456 Addam
359 2417 523 2457 tandem
552 2417 705 2471 aliquot
731 2417 837 2468 loca,
873 2418 918 2456 in
947 2417 1094 2470 quibus
1124 2418 1267 2456 Latine
1294 2416 1508 2456 reddendis

0 2470 20 2531 *⁴
66 2480 233 2524 humani
259 2482 411 2536 aliquid
435 2498 576 2537 passus
606 2483 681 2523 sui.
737 2484 916 2536 Longior
942 2497 1055 2533 usus,
1072 2490 1130 2522 ,ut
1153 2484 1214 2534 fit,
1240 2484 1411 2522 rectiora
1442 2496 1508 2522 me

0 2561 22 2600 s,
69 2547 222 2586 docuit.
296 2547 359 2588 Ut
386 2563 430 2603 p.
468 2549 564 2590 236.
600 2550 649 2589 Β.
682 2548 796 2604 fine,
828 2544 1001 2602 ῥήματα
1030 2547 1253 2590 haldana
1294 2563 1374 2588 non
1413 2555 1507 2588 sunt

0 2605 13 2610 Ἀ
69 2613 294 2654 verborum
319 2614 530 2655 lenocinia
548 2625 588 2656 et
614 2615 935 2663 blandimenta,
965 2615 1035 2655 sed
1058 2617 1195 2656 verba
1224 2628 1335 2669 quae
1362 2615 1506 2655 animo

0 2735 24 2740 .‚
48 2713 57 2718 .
76 2671 152 2722 suo
174 2693 311 2736 sectam
328 2681 485 2734 volvit,
513 2690 553 2723 ct
581 2682 801 2736 agitaqp.
822 2680 915 2735 241.
939 2682 984 2725 Β.
1005 2688 1031 2734 4
1056 2676 1282 2734 συνάγεται
1308 2688 1366 2721 est
1392 2694 1506 2723 com·-
