1878 3112
272 104 380 183 752
547 120 904 168 CONSTAN'an
952 119 1435 169 Poapnmoemm

226 226 346 271 Οὗπό
377 225 612 281 καμπάγιον
635 222 932 280 συγκλητικοὺς
967 222 1169 279 ἅπαντας,
1212 221 1299 270 οἷον
1326 225 1578 284 α’σηκρήτας,
1621 229 1705 272 ἀπὸ

263 295 338 349 τῆς
364 295 446 335 τῶν
470 290 928 346 σπαθαροκανδιδάτων
959 286 1080 342 ἀξίας
1106 293 1181 334 καί
1205 294 1436 349 κατωτέρω,
1469 293 1710 350 χαρτουλάω

264 375 356 416 ριον
381 360 458 400 τοῦ
487 358 651 411 γενικοῦ
675 357 923 410 λογοθέτου,
963 354 1268 414 χαρτουλάριον
1305 361 1383 401 τοῦ
1407 361 1711 415 στρατιωτικοῦ

266 425 511 479 λογοθέτου,
561 421 835 477 οἷντιγραφεΐς
866 422 942 463 τοῦ
977 423 1222 479 κυέστορος,
1263 422 1337 466 τὸν
1362 421 1594 478 σύμπονον,
1635 423 1709 467 τὸν

264 491 486 544 λογοθέτην
509 486 581 529 καί
604 485 700 536 τούς
729 485 888 543 κριτὰς,
921 489 1142 544 νοταρίους
1170 491 1245 531 τοῦ
1270 492 1506 544 σακελλίου,
1541 493 1734 548 vowel-5

266 571 340 604 ους
367 556 445 597 τοῦ
472 553 712 608 βεστιαριόυ
729 584 741 607 ,
775 551 995 609 νοταρίους
1017 554 1092 595 τοῦ
1118 555 1276 597 εἰδικοῦ
1286 588 1300 608 ,
1340 550 1541 610 ὑπάτους,
1577 560 1709 599 σιλεν-

262 623 473 677 τιαρίους,
521 616 773 675 βεστήτορας
807 622 880 661 καί
904 618 1083 676 μικρούς
1116 614 1325 676 ἄρχοντας
1361 623 1444 664 τῶν
1472 621 1709 677 ταγμάτων,

265 683 355 730 οἷον
381 683 741 742 σκηπτροφόρους,
770 684 1061 742 σιγνοφόρους,
1089 685 1434 744 εὔτυχοφόρους,
1461 687 1712 745 δρακοναρί-

272 767 361 805 ους,
390 752 614 806 σινάτορας
641 751 715 792 καί
741 749 1073 807 δουκινιάτορας,
1114 753 1189 793 καί
1216 751 1313 803 τούς
1339 750 1544 811 ἑκατέρων
1569 756 1711 811 μερῶν

268 819 438 875 δρομεῖς
467 813 678 867 ἅπαντας.
734 818 804 858 δεῖ
828 817 875 859 δὲ
904 814 1085 871 εἰσάγειν
1111 816 1208 868 τοὺς
1233 820 1312 872 μὲν
1337 819 1632 875 συγκλητικοὺς
1659 817 1765 862 δι’-ιο

267 901 428 935 παντας
453 883 560 938 μετὰ
590 885 674 925 τῶν
701 882 862 926 οἰκείων
890 882 1181 936 ἅλλαξιμάτων
1209 885 1282 927 καί
1306 886 1576 940 καμπαγίων,
1612 873 1711 936 wisc

225 953 317 994 Βδὲ
346 954 515 1007 δρομεῖς
543 949 704 999 πάντας
728 948 838 1002 μετὰ
877 950 959 991 τῶν
988 948 1126 992 αὐτῶν
1163 950 1351 1004 ποδέων,
1411 949 1485 993 καὶ
1510 949 1608 1002 τούς
1633 952 1712 1005 μὲν

69 1014 437 1075 Με.249.ινικητάς
463 1013 536 1059 ε’πί
559 1017 634 1071 τῆς
660 1017 890 1071 κρείττονος
915 1016 1074 1064 θέσεως
1111 1016 1193 1057 τῶν
1232 1016 1464 1070 α’κουβίτων
1500 1031 1714 1074 προσανα-

266 1085 431 1136 κλίνειν,
460 1079 558 1130 τούς
586 1083 632 1123 δὲ
659 1081 912 1136 ἡττηθέντας
940 1080 1012 1123 ἐπὶ
1036 1082 1111 1137 τῆς
1138 1079 1284 1138 ἑτέρας
1310 1085 1484 1136 θέσεως,
1513 1084 1559 1126 ἐν
1585 1077 1615 1140 ᾗ
1641 1081 1715 1125 καὶ

266 1146 368 1197 τούς
395 1149 593 1203 πένητας·
648 1145 757 1199 μετὰ
798 1147 844 1188 δὲ
880 1144 955 1201 τὴν
992 1149 1217 1202 προέορτον
1256 1148 1499 1203 φωταυγίαν
1537 1151 1611 1191 καί
1637 1146 1767 1203 τὴνιό

267 1216 454 1259 ἐπίδοσιν
492 1216 576 1256 τῶν
606 1214 794 1269 φατλίων
821 1210 982 1265 ἐξάγειν
1010 1211 1168 1262 αὐτούς
1203 1212 1363 1264 πάντας
1398 1213 1500 1257 κατὰ
1538 1211 1614 1258 τὸν
1639 1213 1713 1258 τύ-

267 1296 347 1323 πον
372 1277 443 1322 τὸν
469 1280 765 1336 προγραφέντα
795 1279 934 1320 πᾶσιν.
978 1278 1050 1319 ἐπὶ
1077 1279 1123 1318 δὲ
1150 1280 1223 1333 τῆς
1251 1277 1422 1334 δεκάτης
1443 1280 1602 1335 ἡμέρας
1628 1281 1713 1323 τῶν

268 1342 410 1389 αὗτῶν
438 1345 669 1398 οἷκονβίτων
697 1345 768 1385 δεῖ
799 1342 910 1397 ὑμᾶς
939 1341 1195 1397 εὐτρεπίζειν
1233 1345 1293 1393 εἰς
1320 1345 1465 1400 κλῆσιν
1490 1346 1562 1401 τῆς
1589 1348 1714 1399 βασι-

268 1413 385 1467 λικῆς
413 1411 620 1467 τραπέζης
657 1407 814 1463 ὁμοίως
842 1404 1113 1457 ἆνθνπάτους
1139 1411 1386 1464 πατρικίους
1413 1405 1714 1467 ὄφφικιαλίους

263 1476 343 1521 σὺν
370 1477 428 1536 τῷ
454 1473 682 1532 δομεστίκῳ
709 1475 790 1517 τῶν
817 1475 1033 1530 νουμέρων
1060 1473 1134 1515 καί
1158 1475 1216 1532 τῷ
1243 1473 1392 1530 κόμητι
1419 1474 1504 1517 τῶν
1527 1476 1770 1530 τειχέωνρο

276 1545 428 1601 φίλους
457 1541 525 1597 ιβ’·
579 1540 758 1597 εἰσάγειν
790 1542 836 1583 δὲ
876 1536 1033 1589 αὐτοὺς
1060 1539 1134 1582 καί
1157 1540 1318 1594 ἐξάγειν
1343 1539 1452 1594 μετὰ
1480 1542 1562 1583 τῶν
1590 1543 1715 1584 οἰκεί-

73 1619 336 1669 Εά.1,.436ων
363 1607 655 1664 ἀλλαξιμάτων
682 1604 790 1650 κατὰ
819 1604 894 1650 τὸν
923 1607 1167 1663 δηλωθέντα
1194 1606 1340 1649 τύπον.
1369 1607 1416 1650 ἐν
1444 1607 1491 1650 δὲ
1517 1611 1603 1656 τοῖς
1628 1610 1717 1649 λοι-

271 1744 395 1782 garum
419 1731 605 1767 accubitus
630 1729 804 1765 advocare
826 1739 890 1764 vos
915 1732 1061 1774 oportet
1079 1729 1181 1763 iuxta
1206 1727 1317 1763 ritum
1339 1728 1447 1774 primi
1471 1727 1546 1764 diei
1569 1733 1717 1763 senato-

271 1783 344 1817 rios
380 1789 502 1815 omnes
538 1779 577 1812 in
603 1778 797 1823 campagiis
826 1787 1030 1821 comparere
1055 1775 1204 1816 solitos,
1240 1781 1282 1810 ut
1306 1781 1506 1818 asceretas,
1540 1776 1719 1821 dignitate

272 1824 717 1874 spatharocandidatorum
741 1825 977 1869 conspicuos,
1016 1828 1053 1857 et
1078 1823 1129 1856 ita
1153 1833 1260 1868 porro
1285 1823 1500 1864 inferiores,
1534 1822 1718 1857 chartula-

271 1878 368 1912 rium
393 1873 568 1922 generalis
593 1871 811 1918 logothetae,
839 1870 1098 1904 chartularium
1122 1869 1309 1903 rationalis
1327 1869 1506 1911 militaris,
1530 1871 1720 1916 magistros

263 1923 490 1957 scriniorum
514 1920 739 1966 quaestoris,
786 1917 988 1951 adiutorem
1013 1915 1241 1961 logothetae,
1278 1916 1442 1958 iudices,
1473 1917 1634 1951 notarios
1660 1926 1721 1950 aa-

276 1970 391 2010 cellii,
416 1967 576 2002 notarios
599 1964 775 2005 vestiarii,
798 1965 960 1999 notarios
982 1965 1034 1998 rei
1059 1964 1222 2009 privatae
1236 1987 1246 2004 ,
1272 1964 1460 2004 consules,
1483 1963 1717 2004 silentiarios,

276 2017 468 2050 vestitores
504 2019 542 2047 et
575 2013 732 2046 minores
764 2011 988 2057 magistratus
1023 2010 1189 2044 ordinum
1223 2010 1434 2044 militarium
1458 2010 1717 2056 palatinorum,

278 2068 322 2096 ut
338 2060 625 2107 sceptrophoros,
643 2057 845 2103 signiferos,
870 2056 1188 2102 eutychiophoros‚
1214 2056 1456 2097 «incensarios,
1480 2061 1663 2090 senatores
1678 2060 1718 2090 et

279 2109 544 2147 damnatores,
581 2106 836 2150 ambarumque
869 2104 1068 2137 factionum
1099 2113 1261 2136 cursores
1287 2113 1422 2137 omnes.
1469 2102 1607 2136 Horum
1632 2102 1717 2147 qui-

282 2155 366 2189 dem
390 2158 570 2201 quotquot
590 2152 726 2186 ordinis
752 2151 924 2184 senatorii
944 2154 1049 2191 sunt,
1090 2149 1372 2183 introducuntur
1395 2149 1435 2182 in
1458 2149 1532 2181 suis
1557 2153 1718 2183 mutato-

282 2203 348 2236 riis
374 2206 412 2235 et
435 2200 650 2244 campagiis;
686 2207 848 2231 cursores
872 2201 991 2229 autem
1011 2196 1050 2229 in
1075 2196 1148 2228 suis
1171 2194 1300 2240 podeis
1323 2195 1382 2228 vel
1404 2194 1565 2229 vestibus
1588 2195 1718 2229 talari-

283 2249 372 2291 bus3
399 2252 437 2280 et
459 2246 586 2280 horum
610 2243 757 2291 quidem
782 2254 856 2282 eos,
881 2244 944 2288 qui
969 2242 1156 2276 victoriam
1182 2241 1443 2282 obtinuerunt,
1468 2247 1612 2286 oportet
1637 2242 1718 2286 pri-

261 2307 363 2340 *mos
399 2292 622 2327 honoratiori
655 2291 751 2336 parti
790 2288 867 2336 [seu
901 2289 1047 2323 dextrae
1082 2287 1222 2335 plagae]
1261 2287 1491 2321 accubituum
1522 2288 1718 2331 acclinare;

283 2344 398 2377 victos
422 2351 506 2374 vero
539 2338 669 2379 alteri,
704 2337 770 2370 ubi
802 2337 911 2370 etiam
936 2345 1112 2381 pauperes
1148 2334 1375 2368 accumbunt.
1422 2335 1509 2370 Post
1536 2335 1718 2370 luminum

283 2401 369 2425 vero
392 2385 651 2426 accensionem,
682 2384 801 2430 qualis
824 2382 941 2428 pridie
967 2383 1138 2424 festorum
1162 2382 1306 2415 institui
1330 2381 1444 2421 solet,
1477 2387 1515 2416 et
1536 2387 1621 2427 post
1642 2387 1720 2416 tra-

284 2437 378 2470 ditas
403 2433 560 2468 convivis
585 2432 720 2466 faculas
745 2435 888 2474 oportet
910 2440 969 2463 eos
999 2439 1120 2463 omues
1145 2429 1296 2462 educere
1312 2427 1507 2462 secundum
1528 2428 1719 2463 formulam

283 2481 551 2529 praescriptam.
599 2479 747 2513 Decimo
773 2477 832 2511 die
856 2476 1052 2511 eorundem
1075 2475 1304 2510 accubituum
1327 2480 1472 2520 oportet
1493 2487 1558 2509 nos
1582 2475 1719 2509 invita·-

283 2536 342 2564 tos
367 2531 661 2573 comparatosque
685 2524 818 2558 habere
849 2522 895 2557 ad
918 2533 1039 2557 sacrae
1069 2533 1212 2557 mensae
1250 2522 1538 2556 communionem
1562 2533 1718 2567 procon-

285 2577 382 2610 sules
415 2573 587 2620 patricios
627 2571 792 2605 officiales
825 2581 897 2603 una
928 2580 1008 2604 cum
1038 2569 1233 2604 domestico
1266 2579 1495 2602 numerorum
1522 2573 1560 2602 et
1585 2568 1719 2602 comite

288 2629 504 2661 castrorum,
537 2618 668 2652 amicos
701 2618 741 2652 in
775 2617 983 2650 universum
1011 2615 1211 2650 duodecim.
1259 2614 1538 2650 Introducuntur
1566 2619 1603 2652 et
1625 2613 1718 2651 edu-

287 2675 418 2704 cuntur
441 2669 480 2702 in
504 2667 578 2700 suis
602 2663 804 2699 mutatoriis
829 2663 1024 2697 secundum
1059 2662 1283 2708 praedictum
1312 2661 1508 2697 modulum.
1556 2660 1720 2707 Reliquis

286 2722 408 2751 autem
431 2715 565 2750 mensis
592 2712 770 2747 acclinare
792 2715 941 2759 oportet
964 2709 1071 2747 ambo
1092 2714 1312 2757 topoteretas
1347 2712 1386 2746 et
1409 2707 1516 2744 ambo
1537 2706 1719 2744 chartula-
