1878 3112
293 126 402 183 538
559 145 913 188 CONSTANTINI
954 143 1434 187 PORPHYROGENITI

289 247 362 287 καί
383 246 649 298 καθεζόμενοι
678 246 894 298 στοιχοῧσι
921 243 967 285 τὸ
997 245 1248 301 κλητώριον,
1279 247 1350 288 καί
1375 242 1458 288 εἷθ’
1490 243 1618 298 οὕτως
1645 264 1718 290 πε-

290 312 556 367 ριβάλλονται
581 309 629 351 τοὶ
657 309 1055 366 χρυσοπερίκλειστα
1084 313 1207 365 σαγία
1222 345 1234 363 ‚
1277 310 1349 353 καὶ
1388 313 1621 368 διέρχονται
1645 312 1715 365 cho}

285 379 361 418 τοῦ
386 373 592 431 νάρθηκος
619 377 695 416 τοῦ
723 375 942 431 εὖκτηρίου
970 378 1045 417 τοῦ
1065 377 1184 430 ἁγίου
1207 374 1404 418 ζΥπατίου
1423 376 1494 419 καὶ
1517 380 1592 420 τοῦ
1619 379 1721 420 ἐκεῖ·

289 458 336 483 σε
372 442 583 494 ἐξάγοντος
615 442 815 497 ἐξαέρου,
861 442 932 482 καί
971 439 1051 483 ἀπὸ
1090 444 1169 483 τῶν
1208 443 1338 483 ἐκεῖσε
1374 442 1622 499 ἀνέρχονται
1649 441 1721 484 διὰ

244 508 363 561 Πτῆς
391 506 554 561 ξυλίνης
583 505 739 555 σκάλας
765 508 835 561 τῆς
861 505 1084 561 ἐξαγούσης
1120 504 1197 558 ἔξω
1225 507 1300 548 τοῦ
1330 506 1449 561 ἁγίου
1492 506 1746 550 Κωνσταν-5

290 571 404 613 τίνου
437 573 511 626 τῆς
539 570 772 627 ἀνοιγούσης
799 574 859 622 εἷς
886 571 937 613 τοὶ
968 572 1259 627 κατηχούμενα
1286 574 1369 614 τῶν
1397 572 1525 627 ἁγίων
1545 571 1723 615 ἀποστό-

291 640 396 690 λων,
434 638 507 678 καί
531 635 609 678 ἀπὸ
636 639 718 680 τῶν
746 640 876 680 ἐκεῖσε
906 639 1143 692 διέρχονται
1172 636 1241 679 διὰ
1269 639 1349 679 τῶν
1386 639 1724 692 κατηχουμενίων

291 704 373 744 τῶν
399 702 528 757 ἁγίων
557 702 822 756 ἀποστόλων,
862 702 934 745 καί
954 706 1214 759 εἰσέρχονται
1238 703 1296 752 εἰς
1321 701 1371 744 τοὶ
1401 703 1595 745 παλάτια.
1651 703 1725 744 mz-

292 774 402 810 κεῖσε
441 768 716 824 ηὐτρέπισται
754 769 779 824 ἦ
809 771 929 821 τιμία
973 769 1110 810 αὐτῶν
1145 767 1341 824 τράπεζα.
1392 767 1445 811 τοὶ
1477 771 1523 811 δὲ
1559 768 1631 814 ἐπὶ
1653 770 1726 824 τῆς

291 833 498 888 τραπέζης
548 833 774 886 τελούμενα
811 836 883 875 καί
923 832 976 876 τὰ
1005 837 1077 888 τῆς
1103 834 1280 888 δειλινῆς
1307 831 1608 890 προελεύσεως,
1650 848 1779 883 κα-ιο

291 896 381 948 θῶς
416 898 675 954 προείρηται,
721 898 873 952 ὁμοίως
914 902 986 954 τῆς
1025 901 1223 954 δευτέρας
1274 902 1347 953 τῆς
1404 899 1722 954 ὁίακαινησᾲιου

291 962 363 1006 καί
387 964 462 1019 τῆς
488 966 582 1014 νέας
612 967 840 1021 κυριακῆς,
881 963 1024 1015 καθώς
1049 963 1102 1008 τὰ
1132 967 1207 1008 νῦν
1235 966 1533 1008 ἐπιτελοῦνται.

100 1064 243 1101 mua
255 1079 285 1102 ιι
397 1050 402 1058 “
894 1068 1033 1108 ΚΕΦ.
1060 1068 1108 1121 η’.

333 1162 433 1199 Ὅσα
457 1163 516 1199 δεῖ
534 1165 844 1212 παραφυλάττειν
880 1167 924 1213 τῇ
946 1166 1072 1212 πρώτῃ
1105 1167 1174 1199 τοῦ
1195 1165 1427 1211 Αὐγούστου
1448 1161 1587 1212 μηνὸς,
1610 1165 1679 1198 τοῦ

553 1225 681 1269 τιμίου
703 1224 767 1257 καὶ
792 1224 984 1263 ζωοποιοῦ
1009 1225 1175 1269 σταυροῦ
1197 1223 1454 1270 ἐξερχομένου.
1734 1219 1780 1260 15

395 1305 570 1364 ’[στέον,
609 1307 692 1364 ὅτι,
740 1313 780 1354 εἰ
817 1313 894 1364 μὲν
929 1309 1038 1368 λάχῃ
1069 1311 1094 1366 ἦ
1122 1309 1266 1366 πρώτη
1303 1311 1379 1352 τοῦ
1405 1308 1654 1364 Αὐγούστου
1683 1310 1729 1352 ἐν

294 1378 484 1433 κυριακῇ,
514 1376 678 1433 ὀφείλει
705 1378 952 1432 ἑξέρχεσθαι
976 1375 1056 1418 α’πό
1088 1378 1165 1418 τοῦ
1194 1375 1528 1431 σκευοφυλακίου
1555 1377 1631 1417 τοῦ
1655 1391 1730 1428 με-

292 1440 420 1496 γάλου
454 1444 659 1484 παλατίου
688 1442 712 1482 0‘
741 1444 875 1495 τίμιος
903 1440 1089 1498 σταυρὸς
1115 1443 1163 1499 τῇ
1191 1435 1365 1484 ὄπισθεν
1392 1441 1578 1498 κυριακῇ,
1605 1436 1731 1495 ἤγουν

291 1505 372 1563 πρὸ
403 1504 506 1549 ἑπτὰ
535 1507 702 1562 ἡμερῶν
730 1508 803 1563 τῆς
826 1506 992 1563 πρώτης
1018 1509 1094 1549 τοῦ
1119 1506 1387 1561 Αὕγούστου.
1443 1507 1655 1562 ἐξέρχεται
1682 1507 1731 1548 δὲ

100 1569 526 1625 Με.ι83.αψα’λλοντος
552 1575 630 1614 τοῦ
659 1567 817 1629 ὄρθρου
846 1572 945 1628 περὶ
969 1575 1110 1629 τρίτην
1141 1568 1169 1628 ἢ
1194 1571 1266 1614 καί
1291 1573 1411 1627 ἕκτην
1435 1569 1559 1630 ᾠδὴν,
1588 1569 1660 1612 καί
1679 1570 1787 1613 ιῖ-αο

263 1639 513 1680 Βποτίθεται
542 1639 586 1680 ἐν
613 1640 670 1696 τῷ
698 1641 1029 1698 σκευοφυλακίῳ,
1060 1637 1131 1680 καί
1156 1636 1239 1679 ὑπὸ
1269 1639 1343 1680 τοῦ
1356 1633 1615 1694 πρωτοπάπα
1628 1639 1733 1690 βαλ-

300 1765 367 1814 1e.]
417 1766 510 1799 Tum
534 1766 655 1799 induti
678 1767 768 1809 sagis
793 1777 882 1799 auro
907 1769 1019 1811 septis
1047 1770 1236 1800 transeunt
1266 1776 1330 1811 per
1352 1764 1561 1799 narthecem
1584 1764 1735 1798 eucterii

301 1823 366 1846 seu
399 1813 524 1846 sacelli
559 1813 672 1845 sancti
701 1813 848 1857 Hypatii
882 1819 918 1846 et
941 1824 1006 1858 per
1029 1813 1160 1846 atrium
1191 1813 1248 1845 illi
1271 1817 1519 1857 practensum;
1547 1811 1633 1845 inde
1668 1810 1735 1844 ad-

301 1859 479 1893 scendunt
505 1869 570 1903 per
594 1859 723 1892 scalam
749 1861 917 1903 ligneam,
944 1869 1037 1904 quae
1064 1870 1108 1892 ex
1132 1859 1220 1893 aede
1247 1859 1281 1892 S.
1307 1859 1537 1892 Constantini
1562 1863 1733 1891 exeuntes

301 1906 340 1938 in
373 1905 643 1939 catechumenia
683 1906 741 1939 SS.
767 1907 1022 1950 Apostolorum
1063 1906 1183 1949 ducit;
1221 1905 1454 1949 traiectisque
1491 1904 1598 1939 modo
1623 1903 1734 1936 'dietis

301 1952 362 1985 SS.
400 1952 652 1996 Apostolorum
691 1952 989 1992 catechumeniis,
1025 1952 1162 1985 intrant
1194 1952 1233 1985 in
1260 1951 1437 1997 palatium
1463 1949 1539 1998 [isti
1565 1949 1647 1985 aedi
1670 1947 1736 1982 ad-

301 1997 513 2045 structum];
550 1997 614 2030 ubi
636 2004 759 2043 parata
785 1999 872 2043 ipsis
898 2004 952 2031 est
975 2009 1072 2030 sacra
1105 2009 1237 2030 mensa.
1285 1998 1387 2030 Ritus
1418 2003 1540 2030 autem
1561 1997 1601 2030 in
1627 2005 1736 2040 prau-

303 2043 386 2083 dio,
411 2045 498 2077 item
529 2046 568 2078 in
598 2045 827 2089 processione
852 2045 1124 2090 pomeridiana,
1163 2043 1379 2077 observandi
1421 2047 1524 2084 sunt,
1567 2047 1609 2076 ut
1640 2052 1736 2075 nuuc

303 2089 451 2135 quidem
477 2091 590 2131 fiunt,
624 2091 759 2123 similes
785 2091 859 2123 illis
875 2117 883 2131 ,
911 2101 1000 2136 quos
1027 2092 1065 2123 in
1091 2090 1333 2133 descriptione
1364 2089 1601 2133 processionis
1625 2089 1736 2122 feriae

302 2136 482 2168 secundae
519 2136 774 2170 diacaenesimi
809 2135 898 2184 [seu
931 2137 1115 2180 proximae
1152 2148 1172 2168 a
1195 2135 1373 2180 paschatis
1399 2133 1536 2182 festo],
1560 2140 1598 2168 et
1619 2145 1735 2171 novae

304 2181 506 2217 dominicae
533 2181 612 2229 [seu
637 2183 726 2224 eius,
751 2182 901 2228 quaein
925 2182 1017 2214 albis
1042 2180 1201 2229 dicitur,]
1229 2181 1468 2226 exposuimus.

946 2271 1041 2306 CAP.
1067 2273 1099 2306 8.

329 2338 570 2375 Observanda
594 2339 759 2374 calendis
798 2339 974 2385 Augusti,
1007 2338 1210 2386 prodeunte
1242 2340 1283 2373 in
1305 2339 1488 2384 publicum
1511 2337 1718 2374 venerabili

525 2405 561 2432 et
584 2396 741 2446 vivzfica
768 2397 881 2432 Cruce
907 2396 961 2443 [in
985 2409 1060 2443 qua.
1086 2396 1251 2430 Christus
1274 2408 1401 2442 passus
1413 2395 1530 2443 fuitJ.

402 2487 441 2520 Si
467 2487 633 2520 calendas
658 2488 791 2520 mensis
815 2487 965 2532 Augusti
990 2487 1028 2519 in
1045 2487 1140 2520 diem
1166 2487 1386 2520 dominicum
1410 2485 1570 2520 incidere
1593 2484 1737 2519 contin-

306 2538 384 2578 gat,
408 2533 517 2567 (lebet
554 2538 675 2566 sancta
700 2535 798 2568 Crux
842 2535 1004 2579 proxime
1035 2533 1272 2578 praecedente
1305 2533 1364 2566 die
1390 2532 1570 2566 dominica
1594 2542 1656 2564 seu
1677 2530 1740 2564 die

306 2586 402 2613 retro
429 2580 582 2624 septimo
609 2591 628 2612 e
652 2579 928 2624 sceuophylacio
958 2579 1038 2626 [vel
1062 2579 1282 2613 custodiario
1307 2580 1547 2624 pretiosorum
1570 2587 1736 2611 vasorum

308 2631 347 2659 et
377 2637 556 2659 sacrm-um
588 2626 836 2673 reliquiarum]
875 2627 994 2669 magni
1028 2626 1153 2671 palatii
1194 2627 1356 2670 expromi
1391 2631 1428 2659 et
1460 2623 1629 2668 produci,
1664 2633 1736 2668 quo

307 2676 471 2716 tempore
503 2673 699 2706 matutinas
733 2679 887 2713 canunt,
923 2674 1016 2706 intra
1049 2673 1191 2705 tertiam
1230 2679 1408 2706 sextamve
1432 2671 1548 2706 odam.
1594 2671 1641 2704 Et
1661 2668 1741 2714 pri-

308 2727 406 2751 mum
444 2718 649 2765 depromtus
685 2730 704 2752 e
741 2718 826 2752 sede
858 2729 922 2753 sua
955 2723 991 2752 et
1025 2717 1208 2763 depositus
1240 2718 1342 2753 humi
1375 2719 1414 2752 in
1445 2715 1740 2761 sceuophyfflh,
