1884 3112
273 99 385 167 224
483 115 485 118 ⁴
542 115 901 160 CONSTANTINI
941 112 1436 158 PORPHYROGENJTI

267 236 385 264 νουσι
411 220 509 270 τούς
537 217 687 275 κηροὺς
713 216 827 272 παρὰ
862 218 938 260 τοῦ
968 219 1245 275 πραιποσίτου
1271 219 1324 261 ὀἳ
1349 234 1395 261 τε
1420 219 1620 262 δεσπόται
1649 223 1722 264 καί

269 284 397 336 αὐτὸς
429 286 451 327 ὅ
477 288 641 339 μέλλων
669 284 867 338 γενέσθαι
895 289 1063 338 καῖσαρ,
1096 283 1170 326 καὶ
1195 283 1266 326 διὰ
1286 287 1361 340 τῆς
1386 285 1560 342 τρισσῆς
1588 301 1721 343 προσ-

268 353 476 409 κυνήσεως
521 346 882 404 ἇπευχαριστοῦσι
920 350 976 407 τῷ
1012 350 1130 407 Θεῷ,
1176 348 1249 391 καί
1280 352 1508 408 στρέφεται
1556 347 1666 402 ἅπας
1696 349 1722 394 ὅ

267 417 370 468 λαὸς
409 415 514 459 κατὰ
555 412 783 468 ἀνατολὰς,
837 415 1112 471 εἰσαγομένου
1154 418 1231 458 τοῦ
1268 419 1489 470 μέλλοντος
1526 419 1724 474 γίνεσθαι,

266 483 466 537 καίσαρος
488 481 604 537 παρά
629 497 672 524 τε
699 482 776 523 τοῦ
800 481 1080 538 πραιποσίτου
1102 483 1174 524 καί
1190 482 1265 525 τοῦ
1285 483 1450 539 πρώτου
1470 483 1748 540 μαγίστρουῤ

267 548 340 591 καί
366 549 476 605 λέγει
505 545 527 590 ὁ
556 547 768 596 διάκονος·
826 550 901 601 ,,ἐν
942 545 1087 605 εἰρήνῃ
1133 549 1210 590 τοῦ
1244 544 1412 605 Κυρίου
1455 550 1722 606 δεηθῶμεν’”

220 613 340 663 Darat*
384 613 407 656 ὁ
437 612 539 662 λαός
588 612 756 670 „Konta
801 616 969 670 ἐλέησον
981 617 1018 641 ·”
1073 615 1147 656 καί
1182 611 1289 667 μετὰ
1324 612 1371 657 τὸ
1403 617 1624 671 πληρῶσαι
1647 614 1722 658 τὸν

270 679 459 724 διάκονον
500 675 742 735 οἷπάρχεται
781 679 806 722 o‘
838 679 1106 737 πατριάρχης
1137 678 1215 736 τήν
1242 678 1400 737 εὐχὴν,
1456 683 1530 724 καί
1561 680 1613 737 δὴ
1643 686 1723 724 τοῦ

270 744 530 803 πατριάρχου
562 743 636 801 τὴν
674 748 879 790 εἰωθυῖαν
917 747 1172 802 πληροῦντος
1212 745 1367 803 εὗχῆν,
1407 746 1481 790 καὶ
1509 749 1588 790 τοῦ
1615 751 1723 790 λαοῦ

236 848 238 850 ,
270 813 594 870 ἀποκρινομένου
620 810 668 854 τὸ
698 810 893 869 ,,οἷμὴν,”
928 812 1038 869 αἴρει
1071 811 1095 854 ὅ
1130 812 1392 869 πατριάρχης
1417 811 1495 870 τὴν
1517 811 1777 868 χλαμύδαιο

74 880 346 925 Με.ιοο.εικαι“
380 877 601 922 ἐπιδίδωσι
631 885 719 929 τοῖς
759 878 1029 936 βεστητορσι,
1067 878 1106 921 οἱ
1146 881 1194 921 δὲ
1234 879 1476 936 βεστήτορες
1517 876 1723 922 ἅπλοῦσιν

271 941 407 1001 αὗτήν
456 942 693 1000 ἔμπροσθεν
731 947 814 988 τῶν
858 946 1091 998 δεσποτῶν,
1145 947 1218 987 καί
1246 947 1368 1002 φέρει
1398 945 1422 987 ὅ
1453 943 1724 1002 πραιπόσιτος

271 1010 344 1053 καὶ
375 1010 399 1053 ὅ
428 1012 590 1068 πρῶτος
629 1011 862 1067 μάγιστρος
897 1010 972 1054 τὸν
1005 1011 1373 1067 χειροτονούμενον
1406 1013 1611 1068 narbam,
1653 1010 1727 1054 καὶ

271 1074 431 1128 εὗθέως
465 1077 675 1120 ἆπλοῦσιν
717 1076 755 1119 οἱ
790 1078 995 1120 δεσπόται
1022 1077 1095 1128 τὰς
1123 1084 1272 1134 χεῖρας
1312 1079 1387 1120 καί
1414 1080 1616 1135 κρατοῦσι
1645 1076 1723 1133 τὴν

268 1143 496 1199 χλαμύδα,
538 1142 611 1185 καὶ
640 1146 904 1200 περιτιθέασι
934 1146 993 1202 τῷ
1027 1145 1213 1200 καίσαρι,
1248 1145 1322 1186 καί
1348 1146 1544 1200 φιλοῦσιν
1576 1142 1775 1193 αὗτὸν,15

73 1226 139 1266 ΕΛ,
152 1209 344 1262 1,,132καί
371 1209 562 1264 λέγουσιν
605 1207 645 1252 οἱ
688 1208 867 1265 κράκται
931 1206 1175 1265 ,,εὗτυχῶς,
1227 1211 1442 1264 εὐτυχῶς,
1484 1210 1724 1264 εὖτυχῶς·”

267 1279 341 1320 καὶ
368 1276 391 1318 ὅ
416 1274 517 1325 λαός
543 1277 590 1318 ἐκ
621 1274 654 1331 γ’
686 1274 733 1318 τὸ
763 1271 891 1332 αὐτό.
955 1278 1064 1334 (Γ.)
1109 1275 1204 1319 Καὶ
1250 1272 1410 1326 εὐθέως
1452 1276 1477 1318 ὅ
1512 1275 1722 1333 πατριάρ-

267 1361 348 1400 χης
369 1344 701 1400 κατασφραγίζει
721 1341 827 1399 πρὸς
847 1341 1042 1385 τὸν-λαὸν
1076 1344 1243 1399 τρίτον,
1293 1343 1366 1385 καί
1397 1343 1508 1398 λέγει
1549 1342 1723 1399 ,,εἰρήνη

268 1412 446 1453 πᾶσιν·”
501 1408 525 1451 ὅ
559 1407 661 1459 λαὸς
701 1411 803 1463 ,,καί
835 1411 895 1468 τῷ
929 1408 1140 1463 πνεύματί
1172 1425 1247 1452 σου
1259 1411 1301 1452 .”
1355 1404 1443 1452 εἶτα
1468 1411 1577 1464 λέγει
1601 1407 1625 1451 ὅ
1655 1411 1721 1451 δι-

269 1475 443 1526 άκονος·
497 1473 604 1529 „uic
629 1473 816 1533 κεφαλὰς
839 1476 959 1532 ἡμῶν
979 1477 1038 1533 τῷ
1070 1474 1220 1534 Κυρίῳ
1251 1476 1493 1530 κλίνωμεν.”
1550 1478 1623 1518 καί
1649 1477 1779 1532 τῆςἏΟ

269 1542 480 1599 συνήθους
507 1539 661 1593 τάξεως
693 1543 765 1598 τῆς
789 1544 1114 1599 κεφαλοκλισίας
1137 1543 1402 1596 τελουμένης,
1435 1540 1628 1598 δηλονότι
1655 1557 1724 1584 κε-

271 1609 631 1667 φαλοκλινούντων
658 1610 829 1651 καὶτῶν
857 1611 1066 1662 βασιλέων
1096 1610 1169 1650 καί
1190 1609 1266 1650 τοῦ
1296 1606 1509 1665 καίσαρος,
1545 1609 1620 1650 καί
1645 1623 1724 1662 με·

271 1674 326 1718 τὰ
355 1673 431 1731 τὴν
457 1673 666 1717 τελείωσιν
702 1678 774 1732 τῆς
800 1670 930 1730 εὖχῆς
969 1673 1078 1730 αἴρει
1110 1674 1132 1716 ὃ
1159 1675 1428 1731 πατριάρχης
1459 1672 1535 1716 τὸν
1568 1675 1724 1731 στέφα-

271 1758 360 1794 νον,
390 1735 485 1797 ἦτοι
507 1739 553 1782 τὸ
579 1742 862 1798 καισαρίκιον,
910 1742 1047 1797 φιλῶν
1076 1739 1204 1795 αὐτὸ,
1246 1742 1321 1783 καί
1349 1739 1593 1784 ἐπιδίδωσιν
1618 1739 1722 1784 αὐτὸ

270 1809 329 1865 τῷ
353 1810 531 1862 βασιλεῖ.
589 1806 611 1849 ὅ
644 1809 692 1850 δὲ
713 1806 912 1863 βασιλεύς
944 1807 1178 1861 ἀσπάζεται
1199 1803 1329 1861 αὐτὸ,
1363 1806 1436 1850 καὶ
1457 1813 1574 1850 ποιεῖ
1593 1809 1772 1865 φιλῆ-αό

364 1910 397 1943 6.
422 1910 488 1943 καὶ
512 1921 580 1944 om.
607 1910 662 1943 ed.

272 1977 488 2013 candidatus
514 1990 702 2013 caesareae
741 1978 927 2025 dignitatis
960 1984 1126 2021 sumunt,
1163 1990 1206 2013 ac
1238 1984 1293 2013 ter
1325 1978 1480 2024 repetita
1513 1978 1723 2013 adoratione

277 2026 405 2068 gratias
428 2026 505 2059 Deo
530 2030 663 2070 agunt,
685 2027 802 2059 omnis
827 2038 912 2061 vero
937 2026 1093 2071 populus
1118 2026 1164 2060 ad
1179 2027 1356 2060 orientem
1382 2026 1511 2059 faciem
1535 2026 1723 2059 convertit.

279 2072 422 2106 Interea
450 2072 534 2106 dum
560 2073 701 2106 futurus
729 2073 855 2106 Caesar
879 2084 900 2106 a
922 2074 1128 2118 praeposito
1166 2078 1203 2106 et
1226 2074 1342 2118 primo
1367 2073 1536 2117 magistro
1571 2071 1724 2106 adduci-

226 2156 229 2159 ·
279 2122 359 2160 tux,
391 2119 564 2152 diaconus
602 2119 708 2152 dicit:
730 2120 777 2153 In
800 2131 893 2165 pace
928 2120 1082 2153 Domini
1111 2131 1319 2165 precemur·;
1353 2119 1530 2166 populus:
1567 2119 1724 2154 Domine

280 2164 476 2201 miserere!
502 2177 574 2212 quo
600 2166 717 2207 facto,
742 2177 864 2211 preces
889 2166 1055 2200 solennes
1092 2165 1297 2211 patriarcha
1321 2164 1480 2207 orditur,
1515 2165 1648 2212 quibus
1680 2167 1726 2199 fi-

281 2210 394 2252 nitis,
415 2217 606 2259 postquam
634 2213 811 2259 populus:
847 2215 982 2254 Amen,
1019 2212 1228 2267 respondit,
1264 2212 1469 2256 patriarcha
1494 2212 1721 2257 chlamydem

282 2257 386 2292 tollit
407 2271 556 2305 eamque
581 2259 813 2294 vestitoribus
830 2260 941 2294 tradit
955 2285 964 2301 ‚
990 2265 1181 2294 vestitores
1207 2270 1325 2292 coram
1340 2259 1509 2294 Dominis
1529 2261 1724 2305 explicant,

282 2308 507 2350 praepositus
534 2312 572 2340 et
595 2308 731 2353 primus
754 2307 925 2352 magister
949 2305 1175 2351 designatum
1206 2305 1394 2340 caesarem
1419 2307 1624 2348 adducunt,
1649 2311 1725 2340 sta-

285 2352 425 2397 timqne
448 2352 591 2387 Domini
619 2365 743 2387 manus
765 2353 1000 2400 expandunt,
1029 2353 1253 2398 chlamydem
1285 2358 1414 2388 tenent
1445 2365 1560 2399 eaque
1593 2353 1726 2388 Caesa-

286 2409 363 2433 rem
386 2398 560 2442 vestiunt,
585 2402 754 2435 vestitum
781 2402 1014 2441 osculantur,
1039 2407 1076 2436 et
1095 2405 1256 2434 cantores
1282 2400 1427 2435 dicunt:
1451 2401 1643 2442 Feliciter,
1656 2398 1726 2445 se-

286 2446 438 2486 liciter,
451 2444 639 2492 feliciter!
680 2448 835 2494 populus
859 2447 957 2482 idem
981 2453 1037 2481 ter
1061 2448 1204 2493 repetit.
1259 2446 1366 2494 (ΙΙΙ.)
1398 2448 1502 2481 Tunc
1523 2446 1727 2491 patriarcha

287 2499 345 2527 ter
366 2493 542 2538 populum
568 2503 669 2529 cruce
693 2495 812 2540 signat
850 2500 887 2528 et
926 2494 1034 2528 dicit:
1059 2496 1139 2529 Pax
1160 2493 1280 2537 vobi-53
1304 2494 1480 2540 populus:
1506 2494 1557 2529 Et
1573 2494 1728 2540 *spiritui

289 2548 364 2575 tuo.
412 2540 518 2574 Porro
555 2539 744 2576 diaconus:
780 2542 915 2588 Capita
951 2549 1081 2576 nostra
1111 2542 1267 2576 Domino
1304 2541 1535 2576 inclinemus.
1580 2541 1726 2574 Peracto

291 2592 413 2620 autem
438 2587 580 2621 solenni
605 2589 675 2623 ritu
699 2589 946 2622 inclinationis
971 2589 1119 2635 capitis,
1152 2587 1291 2622 scilicet
1314 2593 1504 2635 postquam
1528 2589 1728 2633 Imperato-

290 2645 346 2667 res
373 2645 487 2680 aeque
511 2645 553 2668 ac
570 2635 697 2670 Caesar
721 2640 832 2682 caput
865 2636 1112 2677 inclinarunt,
1149 2646 1348 2682 precesque
1376 2635 1502 2669 finitae
1528 2639 1634 2675 sunt,
1656 2644 1728 2679 pa-

294 2680 457 2718 triarcha
485 2693 654 2719 coronam
676 2694 739 2719 seu
764 2683 994 2720 caesaricium
1018 2683 1149 2726 sumit,
1176 2681 1287 2730 idque
1313 2683 1493 2720 osculatus
1519 2682 1730 2731 Imperatori
