1950 3120
309 127 420 184 302
593 144 950 188 coNsTANnm
1003 144 1485 189 ronpflmoemm

307 245 585 303 τοσπαθάριοι
615 241 790 288 ὄπισθεν
817 247 892 288 τοῦ
918 247 1125 300 βασιλέως
1152 249 1324 303 πλησίον
1352 249 1432 290 τοῦ
1455 250 1624 300 σέντζου
1640 281 1653 302 ,
1681 244 1757 306 ἦλ-

307 314 504 367 λαγμένοι
532 313 585 353 τά
613 328 658 353 τε
688 313 888 367 στιχιὲρια
917 312 1057 354 αὐτῶν
1084 314 1156 355 καί
1180 312 1231 355 τὰ
1259 311 1464 368 σαβοὶνια,
1504 315 1683 370 φοροῦσι
1711 315 1760 357 δὲ

308 377 381 420 καί
407 378 458 419 τά
488 375 713 431 μανιάκια,
752 377 826 419 καί
852 379 923 420 ἐπὶ
950 373 1074 432 α’)’μων
1103 378 1361 432 βαστάζουσι
1388 377 1440 421 τοὶ
1466 377 1760 434 σπαθοβάκλια

309 443 459 496 αὐτῶν,
490 438 663 485 ὄπισθεν
692 444 739 484 δὲ
765 445 848 485 τῶν
879 439 1018 486 αὐτῶν
1045 444 1434 501 πρωτοσπαθαρίων
1462 444 1655 487 ἵστανται
1681 446 1760 498 μέ-

281 524 392 564 Βσον
419 509 496 551 τοῦ
523 507 699 565 ἡλιακοῦ
725 509 1096 567 πρωτοσπαθάριοι
1118 511 1323 566 βαρβάτοι
1348 511 1598 566 ἤλλαγμένοι
1624 509 1677 554 τά
1712 502 1784 557 τε5

314 577 464 618 σπέκια
493 575 634 619 αὐτῶν
660 579 734 618 καί
759 574 810 618 τὰ
840 575 1057 630 μανιάκια.
1094 577 1139 619 τὸ
1168 578 1215 620 δὲ
1243 574 1374 634 ἅρμα,
1401 573 1531 633 ἤγουν
1556 575 1602 620 τὸ
1633 592 1760 620 σκου-

309 639 481 698 τοῖριον,
520 641 781 696 βαστάζουσι
811 644 1042 699 σπαθὰριοι
1069 645 1145 685 δύο
1173 646 1272 685 καθ’
1301 643 1374 686 ἕνα
1402 644 1574 693 ἕκαστος
1601 643 1758 697 αὐτῶν,

309 707 382 750 καί
408 709 601 751 ἵστανται
627 708 735 762 μετὰ
775 710 859 751 τῶν
898 709 1042 752 αὐτῶν
1078 709 1304 765 βαρβάτων
1341 709 1758 766 πρωτοσπαθαρίων·

309 772 351 816 οἱ
381 775 428 817 δὲ
455 775 994 832 σπαθαροκουβικουλάριοι
1021 775 1094 818 καί
1119 776 1159 818 οἱ
1198 774 1538 831 κουβικουλάριοι
1567 777 1759 818 ἵστανται

308 841 376 883 ἐπ’
419 837 592 891 εὖθειάς
637 838 816 892 ἅπαντες
857 840 978 884 ἔνθεν
1019 843 1184 885 κάκεῖσε
1225 843 1308 885 τῶν
1349 842 1493 884 αὐτῶν
1532 841 1809 898 βαρβάτωνῐο

308 909 726 964 πρωτοσπαθαρήον.
793 905 816 949 ὅ
854 910 901 950 δὲ
943 909 1019 965 τῆς
1057 907 1356 958 καταστάσεως
1393 907 1563 950 ἵσταται
1603 906 1759 963 ἐᾷιπρο-

309 975 413 1016 σθεν
438 976 522 1015 τῶν
550 973 905 1030 κουβικουλαρίων
931 973 1082 1030 μικρὸν
1108 973 1214 1031 πρὸς
1238 973 1284 1016 τὸ
1306 976 1534 1028 λαμβάνειν
1557 970 1686 1016 αὐτὸν
1708 969 1760 1015 οἷ-

309 1038 365 1081 πὸ
390 1040 613 1089 κελεύσεως
640 1041 686 1082 ἐκ
722 1042 799 1082 τοῦ
831 1044 1107 1097 πραιποσίτου
1146 1039 1199 1084 τὰ
1239 1039 1451 1094 νεύματα.
1508 1038 1548 1082 οἱ
1577 1040 1624 1082 δὲ
1651 1055 1759 1081 σπα-

307 1103 670 1162 θαροκανὸιὸάτοι
711 1107 900 1148 ἵστανται
942 1102 1112 1149 ὄπισθεν
1148 1109 1233 1149 τῶν
1262 1107 1569 1163 προειρημένων
1594 1102 1760 1160 βαρβά-

309 1188 395 1214 των
419 1173 833 1228 πρωτοσπαθαρίων,
861 1172 1422 1228 ’σπαθαροκουβικουλαριὼν
1449 1188 1492 1214 τε
1519 1173 1591 1214 καί
1617 1174 1814 1225 κουβι-ι5

278 1237 550 1295 Οκουλαριὲον
577 1236 852 1292 βαστάζοντες
874 1237 924 1281 τὰ
952 1237 1183 1295 σκουτάριοι
1220 1238 1380 1292 αὖτῶν,
1422 1239 1651 1295 φοροῦντες
1687 1238 1762 1280 καί

310 1302 365 1346 τὰ
392 1302 597 1358 μανιάκια
628 1302 701 1346 καί
728 1301 782 1345 τὰ
812 1304 975 1347 σπαθία
1005 1302 1166 1357 αὑτῶν,
1196 1303 1398 1354 ὡσαύτως
1423 1306 1497 1347 καί
1523 1301 1563 1346 οἶ
1592 1301 1761 1346 σπαθᾶ-

311 1384 398 1427 ριοι
426 1370 654 1425 φοροῦντες
681 1368 732 1411 τά
762 1385 806 1412 τε
836 1372 999 1412 σπαθία
1029 1367 1168 1413 αὐτῶν
1202 1373 1273 1413 κοιι1
1308 1369 1556 1426 σκουτάρια,
1601 1367 1761 1424 βαστά-

315 1436 456 1486 ζοντες
483 1432 536 1476 τὰ
566 1432 785 1490 διστράλια
813 1435 963 1489 αὖτῶν,
991 1437 1182 1479 ἵστανται
1209 1433 1328 1479 ἔνθεν
1356 1435 1520 1478 κάκεῖσε
1541 1437 1625 1477 τῶν
1653 1451 1761 1477 σπα-

315 1499 714 1557 θαροκανὸιδάτων,
745 1498 900 1554 ὁμοίως
926 1503 965 1544 εἰ
990 1501 1154 1556 τύχωσι
1182 1500 1254 1544 καὶ
1280 1499 1511 1558 σπαθιέριοι
1537 1499 1608 1542 διὰ
1637 1495 1815 1547 πόλις-26

317 1582 389 1616 ως.
444 1567 484 1609 οἱ
514 1568 560 1610 δὲ
587 1566 856 1623 σιλεντιάριοι
884 1568 1076 1610 ἵστανται
1102 1570 1147 1611 ἑν
1185 1570 1243 1626 τῷ
1269 1569 1513 1624 κρεμαμένῳ
1541 1565 1653 1624 βὴλῳ
1681 1564 1762 1608 πύ-

315 1636 389 1688 λης
415 1633 489 1676 τοῦ
515 1630 691 1688 ἡλιακοῦ
726 1634 771 1676 ἐν
805 1635 863 1692 τῷ
895 1636 1146 1693 μαρμαρίνῳ
1186 1633 1422 1692 πουλπίτῳ·
1478 1628 1678 1690 ἄρχοντες
1713 1633 1761 1675 δὲ

317 1700 396 1741 τοῦ
435 1698 735 1753 κουβουκλείου
776 1702 849 1742 καί
887 1700 1100 1755 πατρίκιοι
1140 1702 1333 1743 ἵστανται
1370 1699 1492 1742 ἔνθεν
1528 1698 1690 1741 κάκεῖσε
1716 1699 1762 1740 ἐν

316 1768 407 1814 τοῖς
433 1771 762 1821 παρακοπτικοῖς
791 1768 1029 1821 καγκέλλοις
1057 1761 1220 1822 ὅρθιοι,
1258 1766 1565 1822 ἒπερειδόμενοι
1591 1766 1653 1807 ἐπ’
1682 1763 1762 1806 αὖ·

319 1836 418 1881 τοῖς.
477 1831 586 1889 (Β.)
622 1827 780 1876 Ἰστέον
809 1834 856 1874 δὲ
885 1835 957 1875 καί
983 1835 1108 1875 τοῦτο
1125 1865 1137 1887 ,
1167 1829 1260 1886 ὅτι,
1289 1832 1330 1874 εἰ
1352 1830 1471 1886 τύχοι
1497 1832 1690 1886 γενέσθαι
1715 1826 1817 1872 τόαό

413 1944 446 1977 8-
471 1942 651 1989 βαρβάτοι
675 1943 917 1991 ἇσπαθιίριοι
949 1944 1006 1981 ed.
1120 1946 1172 1980 15.
1199 1940 1696 1990 σπαθαροκουβικουλάριοί
1723 1948 1764 1974 τε

409 1991 476 2023 καὶ
498 1991 805 2038 κουβικουλάριοι
829 1991 887 2030 ed.
1416 1996 1423 2002 ”

321 2078 427 2116 ‹lutos
474 2092 612 2128 suaque
647 2082 813 2125 sabania,
854 2087 1002 2129 torques
1037 2084 1124 2117 item
1148 2087 1186 2117 et
1222 2084 1261 2116 in
1294 2081 1454 2116 humeris
1479 2077 1762 2125 spathobaculos

325 2140 410 2162 suos
437 2134 641 2173 gestantes,
678 2141 793 2175 prope
824 2129 993 2163 thronum
1020 2130 1181 2164 adstare:
1217 2135 1300 2174 post
1322 2129 1388 2162 hos
1415 2129 1454 2161 in
1480 2126 1601 2160 medio
1627 2125 1760 2160 solario

319 2175 630 2221 protospatharios
663 2176 834 2210 barbatos
859 2177 898 2210 in
933 2178 1136 2210 mutatoriis
1167 2187 1319 2222 cumque
1342 2174 1472 2220 speciis
1497 2178 1534 2207 et
1557 2172 1760 2218 torquibus.

320 2222 429 2255 Arma
454 2233 516 2255 seu
542 2224 733 2256 scutarium
758 2223 930 2267 spatharii
955 2223 1039 2264 duo,
1074 2234 1167 2257 unus
1190 2229 1273 2267 post
1295 2223 1459 2262 alterum,
1484 2225 1636 2265 gestant,
1661 2230 1764 2253 cum-

323 2279 396 2314 que
419 2267 477 2302 his
502 2268 644 2302 barbati
669 2271 949 2315 protospatharii
974 2271 1190 2304 consistunt:
1225 2267 1609 2315 spatharoeubicularii
1635 2271 1672 2299 et
1695 2278 1762 2299 cu-

321 2314 495 2349 bicularii
529 2327 652 2349 omnes
676 2315 722 2349 ad
747 2316 874 2351 horum
907 2318 1086 2351 sinistram
1121 2317 1240 2350 locum
1265 2317 1363 2350 utrin
1393 2327 1437 2349 ue
1461 2314 1608 2347 hahent.
1657 2312 1762 2347 Ceri-

323 2363 523 2397 moniarius
548 2363 658 2408 paulo
679 2369 763 2397 ante
789 2364 1029 2398 cubicularios
1054 2369 1147 2404 stat,
1170 2369 1211 2396 ut
1234 2372 1254 2397 a
1278 2329 1447 2397 mandato
1474 2362 1636 2406 accipere
1661 2359 1763 2404 signa

326 2419 349 2443 a
376 2410 582 2455 praeposito
607 2410 732 2455 possit.
780 2411 864 2445 Post
890 2411 1004 2445 dictos
1030 2409 1335 2456 protospatharios
1367 2408 1536 2443 barbatos
1571 2405 1762 2452 spatharo-

321 2455 525 2498 candidafi,
557 2456 940 2501 spatharocubicularii
965 2469 1048 2492 vero
1074 2463 1111 2492 et
1137 2457 1351 2492 cubicularii
1391 2456 1544 2490 scutaria
1568 2465 1652 2494 sua,
1683 2457 1762 2486 tor-

322 2515 412 2549 ques
437 2509 475 2539 et
499 2502 648 2550 gladios,
675 2504 850 2549 spatharii
874 2505 971 2538 idem
995 2504 1132 2550 gladios
1158 2515 1239 2539 suos
1265 2511 1302 2538 et
1326 2515 1389 2538 sua
1417 2501 1593 2537 dextralia
1618 2504 1763 2546 gestan-

321 2555 376 2584 tes
411 2550 459 2584 ad
491 2556 677 2596 utramque
714 2551 1158 2596 spatharocandidatorum
1192 2563 1337 2584 manum
1372 2549 1536 2584 adstant:
1569 2548 1620 2581 sic
1653 2547 1764 2580 etiam

322 2597 510 2642 spatharii,
535 2598 566 2631 si
615 2598 653 2631 ui
675 2598 715 2632 in
740 2599 829 2633 urbe
853 2599 994 2636 adsunt.
1042 2598 1242 2633 Silentiarii
1268 2599 1306 2631 in
1331 2598 1411 2631 velo
1438 2605 1612 2639 suspenso
1637 2598 1764 2638 portae

322 2644 449 2678 solarii
482 2646 521 2678 in
556 2656 604 2691 pu
621 2646 699 2691 pito
725 2657 921 2680 marmoreo
937 2672 947 2688 ‚
970 2646 1144 2691 praefecti
1169 2645 1335 2679 cubiculo
1362 2650 1399 2678 et
1421 2642 1568 2690 patricii
1591 2641 1764 2684 utrinque

326 2691 368 2723 in
393 2692 560 2725 cancellis
577 2718 587 2734 ,
611 2691 708 2726 unde
734 2695 938 2740 prospicere
963 2694 1103 2734 solent,
1139 2693 1228 2727 recti
1255 2693 1415 2738 ipsisque
1440 2689 1558 2724 innixi
1605 2687 1762 2722 adstant.

323 2737 402 2784 (ΙΙ.)
424 2737 568 2785 Quodsi
594 2740 635 2775 in
659 2745 796 2775 secreta
819 2739 942 2788 phiala
965 2739 1142 2777 triconchi
1176 2739 1359 2775 deximnm
1383 2735 1608 2777 instituitur,
1640 2742 1764 2767 omnes
