1878 3112
292 142 404 207 660
546 166 903 211 consummi
957 151 1460 208 PORPHYROGENI'I’I.

290 268 466 313 ἇλιάδια
490 269 522 318 ς’
551 266 784 311 ὄκτιέκωπα.
813 266 913 324 περὶ
931 269 1016 309 τῶν
1037 268 1274 322 τριβολίων,
1303 269 1372 310 ἵνα
1395 269 1588 326 ἒρωτηθῇ
1610 265 1634 310 ὅ
1657 283 1744 310 κοι-

289 339 463 391 τωνίτης
476 334 758 390 Θεοδώρητος,
778 335 826 375 τί
842 335 1035 387 ἐγένοντο·
1066 331 1221 386 ὁμοίως
1241 332 1316 375 καί
1337 336 1438 390 περὶ
1458 336 1542 376 τῶν
1563 335 1743 377 σακκίων

288 403 373 444 τῶν
394 401 611 456 περσυνῶν
633 401 706 442 καί
730 402 814 442 τῶν
835 401 1019 450 τζαπίων
1042 398 1116 440 καί
1137 396 1304 452 τζόκων,
1332 400 1577 455 κρικελλίων
1601 417 1646 443 τε
1670 399 1745 443 καί

289 467 524 509 δακτυλίων
545 465 620 507 καί
635 466 821 519 ψελλίων
848 467 921 506 καί
948 465 1089 521 κριῶν,
1118 466 1186 506 ἵνα
1210 464 1431 524 α’ποστείλῃ
1454 464 1526 508 τὸν
1554 465 1743 522 νοτάριον

294 528 430 574 αὐτοῦ’
447 530 553 586 μετὰ
573 531 649 587 τὴν
674 529 946 587 καταγραφὴν
970 529 1136 573 πάντων
1155 529 1260 586 πρὸς
1281 529 1403 586 ἡμᾶς.
1431 526 1526 588 περὶ
1551 531 1766 587 coniciet-5

261 599 455 654 Βσθῆναι
482 596 558 640 τὸν
586 598 986 654 παραθαλασσίτην,
1044 598 1114 639 ἵνα
1151 597 1344 654 ἒξοπλίσῃ
1383 595 1464 638 ἀπὸ
1505 594 1743 647 συνδόσεως

290 665 373 706 τῶν
400 665 540 706 αὕτῶν
567 663 826 720 στρατιώτας
856 660 943 724 ἀεί.
998 662 1143 716 ἰστέον,
1174 659 1240 703 ὅτι
1269 663 1437 712 ἐδέξατο
1465 659 1547 716 δ’,τε
1571 663 1742 719 Κιβυρ-

292 729 478 786 ῥαιιότης
502 728 576 771 καί
610 729 633 770 ὁ
662 727 881 771 κατεπάνω
922 729 1005 771 τῶν
1043 729 1313 784 ,Μαρὸαϊτῶν
1344 724 1570 778 Ἀτταλίας
1610 731 1684 770 καί
1718 720 1743 769 ὅ

290 796 419 842 Λέων
444 797 521 837 τοῦ
548 796 816 850 Συμβατύιη,
860 796 927 836 ἵνα
956 793 1108 848 ἔχωσιν
1138 793 1379 850 α’σφάλειαν
1405 792 1481 836 καί
1506 793 1739 849 ἀκρίβειαν,

295 861 372 904 καὶ
395 860 454 917 μὴ
485 862 797 917 παραχωρῶσίν
825 877 919 903 τινα
946 863 1029 902 τῶν
1068 859 1333 916 α’γνωρίστων
1370 858 1476 916 πρὸς
1502 861 1661 915 Συρίαν
1690 855 1793 911 ἇ-ω

287 931 484 980 πελθεῖν,
532 929 605 969 καί
641 929 693 969 δι’
724 928 865 970 αὐτῶν
903 923 1240 983 ἆποκομισθῆναι
1278 927 1337 976 εἷς
1363 927 1525 984 Συρίαν
1554 924 1608 968 τὰ
1650 923 1732 969 οἷπὸ

284 993 534 1049 Ῥωμανιάς
557 990 768 1048 μανδάτα.

287 1086 360 1130 Aa}
397 1096 473 1131 τῶν
503 1094 544 1131 ἐν
567 1094 815 1142 Λαγοβαρδίςι
850 1094 1168 1135 ταξειὸευσιέντων
1203 1095 1268 1130 ἐπὶ
1290 1094 1359 1130 ποῦ’
1392 1093 1512 1142 κυροῦ
1544 1092 1746 1142 Ῥωμανοῦ

258 1159 286 1194 c
752 1153 821 1186 τοῦ
850 1154 1032 1197 βασιλέως
1065 1154 1118 1191 εἰς
1144 1152 1215 1188 lvd.
1242 1152 1284 1196 η’.

408 1243 470 1284 Τὰ
506 1239 763 1284 κατελθόντα
801 1239 906 1294 μετὰ
957 1244 1033 1283 τοῦ
1078 1239 1461 1297 πρωτοσπαθαρίου
1495 1240 1797 1297 Ἐπιφανίουι5

290 1307 602 1362 βασιλοπλόϊμα
648 1306 853 1362 χελάνὸια
893 1307 953 1357 εἷς
987 1307 1208 1349 ἰνδικτίονα
1236 1306 1272 1362 η’
1303 1307 1372 1348 ια’·
1426 1306 1479 1350 τὰ
1517 1309 1743 1362 προκατελ-

290 1373 420 1416 θόντα
459 1373 564 1427 μετὰ
602 1375 679 1415 τοῦ
715 1376 938 1428 πατρικίου
982 1376 1139 1426 Κοσμᾶ
1173 1372 1377 1428 χελάνδια
1415 1374 1476 1422 εἷς
1513 1373 1741 1414 ἰνὸικτίονα

295 1437 328 1490 ζ’
358 1439 426 1480 ια’·
477 1439 582 1489 Ῥῶς
621 1436 806 1495 καράβια
838 1438 867 1489 ζ’
901 1438 1047 1492 ἔχοντα
1089 1433 1246 1494 ἄνδρας
1289 1439 1382 1482 υιέ.
1436 1437 1508 1482 διὰ
1544 1439 1629 1481 τῶν
1665 1453 1743 1478 κα-

292 1506 571 1560 βαλλαρικῶν·
630 1504 914 1561 Θρᾳκησιάνοι
940 1506 1014 1545 καί
1030 1504 1277 1555 Μακεδόνες
1303 1499 1503 1560 ἄρχοντες
1530 1503 1608 1558 οβ’,
1640 1517 1745 1556 σχο-
1774 1518 1788 1527 »“

293 1569 435 1626 λάριοι
463 1569 548 1626 (ἱῆ,
594 1572 680 1612 νέοι
725 1571 948 1625 σχολάριοι
973 1567 1055 1625 χη’.
1111 1568 1183 1612 διὰ
1216 1573 1300 1613 τῶν
1339 1571 1622 1626 χαρακιωτῶν
1661 1568 1799 1611 τῶναο

295 1637 496 1678 ἐθνικῶν·
536 1638 610 1691 τῆς
636 1635 818 1692 μεγάλης
843 1633 1052 1692 ἑταιρείας
1081 1631 1226 1693 ἄνδρες
1251 1636 1315 1680 λα’
1331 1653 1343 1666 ·
1371 1638 1446 1692 τῆς
1471 1638 1601 1692 μέσης
1630 1629 1744 1678 ἑται-

393 1731 426 1766 7.
451 1728 527 1762 τῶν
550 1725 679 1762 α’στῶν
695 1728 788 1761 coni.
810 1728 847 1760 R.

298 1794 402 1841 Quid
443 1795 577 1828 sactum
621 1796 669 1829 sit
711 1795 756 1828 de
798 1795 1022 1836 muricibus,
1065 1797 1155 1829 item
1201 1796 1246 1830 de
1266 1789 1393 1829 'saccis
1434 1805 1529 1828 anno
1555 1794 1742 1839 superiore

295 1843 532 1887 comparatis,
573 1841 618 1874 de
651 1842 854 1887 ligonibus,
894 1842 1101 1887 stipitibus,
1134 1843 1310 1884 circellis‚
1349 1842 1514 1884 annulis,
1548 1840 1743 1886 torquibus

293 1888 423 1922 ferreis
449 1894 486 1922 et
502 1889 657 1930 volutis,
683 1889 926 1934 interrogetur
949 1890 1132 1923 coetonita
1166 1889 1440 1930 Theodoretus‚
1462 1889 1569 1934 isque
1587 1899 1668 1921 cum
1686 1888 1745 1921 in-

297 1936 419 1969 diculo
446 1936 607 1968 omnium
635 1947 739 1968 suum
766 1937 947 1969 notarium
973 1937 1019 1969 ad
1045 1948 1109 1969 nos
1145 1938 1277 1970 mittat.
1326 1939 1529 1980 Imperetur
1558 1933 1743 1980 praefecto

297 1993 382 2015 orae
408 1983 610 2015 maritimae
639 1981 748 2061 {steni
773 1983 942 2031 nempe]‚
968 1990 1010 2016 ut
1035 1989 1150 2016 armet
1175 1995 1219 2016 ex
1243 1983 1515 2017 contributione
1542 1980 1744 2026 oppidano-

296 2040 377 2061 rum
401 2029 536 2062 milites
571 2029 673 2061 mile
709 2029 895 2062 ducentos,
945 2032 1171 2074 Receperunt
1206 2031 1244 2063 in
1282 2040 1319 2062 se
1357 2034 1532 2073 strategus
1573 2027 1743 2060 thematis

297 2072 704 2117 Cibyrrhaeotarum‘et
728 2082 921 2120 catepanus
945 2077 1205 2109 mardaitarum
1225 2077 1382 2111 Attaliae
1407 2080 1444 2107 et
1466 2076 1539 2108 Leo
1565 2073 1608 2106 de
1633 2079 1740 2117 gente

296 2121 495 2165 Symbatici
525 2122 619 2154 dicta
646 2123 820 2155 oriundus
846 2122 1036 2167 providere
1062 2124 1217 2156 sollicita
1243 2134 1347 2162 cura,
1370 2133 1416 2154 ne
1443 2131 1552 2166 quem
1577 2121 1740 2164 ignotum

295 2167 483 2200 hominem
510 2170 631 2201 sinant
656 2169 693 2200 in
715 2169 851 2211 Syriam
880 2169 1051 2208 evadere,
1078 2170 1179 2202 cuius
1206 2168 1390 2202 delatione
1415 2167 1505 2214 quid
1529 2178 1647 2201 rerum
1674 2177 1741 2200 no-

296 2220 428 2248 strates
453 2215 604 2247 Romani
628 2220 754 2259 agant,
786 2215 907 2248 hostes
933 2215 1166 2260 comperiant.

297 2326 343 2350 nr.
368 2325 548 2350 uram-ns
573 2326 609 2348 nt
634 2324 905 2349 Lonoonsnnuu
937 2327 1091 2348 rampone
1126 2327 1252 2350 nomm
1278 2326 1411 2350 nouam
1442 2314 1638 2364 [nucarum]
1665 2327 1740 2350 ων.

784 2384 855 2406 nn.
881 2384 958 2407 vm.
989 2372 1035 2420 [Α.
1065 2385 1095 2406 c.
1121 2372 1215 2421 935]

388 2472 480 2507 Cum
503 2472 796 2519 protospathario
821 2473 1023 2518 Epiphanio
1049 2474 1236 2519 appellens
1262 2475 1464 2509 indictione
1498 2480 1622 2509 octava
1651 2474 1742 2507 clas-

298 2520 348 2554 sis
375 2522 472 2564 regia
499 2520 688 2554 constabat
714 2520 914 2553 chelandiis
947 2527 1011 2554 aut
1038 2521 1242 2554 lenunculis
1277 2523 1462 2564 undecim;
1498 2532 1592 2568 quae
1619 2527 1741 2555 autem

298 2572 544 2613 praecesserat
576 2573 613 2601 et
645 2568 718 2600 iam
754 2568 907 2611 septima
934 2567 1136 2601 indictione
1171 2568 1237 2600 sub
1258 2568 1395 2612 ‘ducatu
1419 2569 1565 2615 patricii
1590 2569 1742 2602 Cosmae

298 2614 494 2660 appulerat
517 2615 662 2656 elassis,
696 2613 849 2648 totidem
886 2614 1087 2647 chelandiis
1125 2611 1314 2647 constabat
1345 2621 1383 2648 et
1416 2621 1554 2661 septem
1588 2613 1742 2648 cambiis

299 2661 432 2694 Russos
457 2661 524 2705 415
548 2660 776 2694 vehentibus.
834 2661 983 2706 Equites
1017 2666 1119 2695 erant
1151 2672 1170 2693 e
1206 2661 1429 2696 thematibus
1465 2661 1743 2696 Thracesiorum

302 2712 339 2739 et
360 2706 616 2747 Macedoniae,
649 2713 802 2742 rectores
827 2707 975 2753 quidem
1001 2720 1090 2749 202,
1124 2707 1294 2742 scholarii
1322 2708 1510 2756 [veterani]
1537 2710 1583 2753 98
1610 2712 1648 2740 et
1665 2707 1741 2740 'no-

301 2753 383 2788 vitii
405 2755 484 2789 608.
532 2754 670 2789 Milites
699 2761 801 2789 erant
824 2756 1026 2799 peregrini,
1052 2759 1090 2788 et
1116 2755 1266 2801 quidem
1292 2755 1336 2790 de
1362 2767 1486 2801 magna
1508 2754 1668 2790 hetaeria
1685 2754 1744 2794 31,-
