1878 3112
922 0 957 29 U

321 67 434 134 400
601 85 960 128 CONSTANTlm
1001 86 1490 131 PORPHYROGENJTl

318 203 466 243 χοντες
495 182 660 244 ὤφελον
687 190 928 240 ποιεῖσθαι,
965 186 1039 228 καί
1065 190 1111 230 ἐκ
1138 191 1216 230 τοῦ
1246 188 1528 247 ἆσυμφανοῦς
1555 192 1775 248 ἐγρηγορέ-

321 271 421 308 ναι,
470 254 543 295 καί
580 252 808 310 φυλάττειν
846 251 892 294 τὸ
934 255 1079 308 σχῆμα
1117 257 1250 297 τοῦτο.
1308 253 1346 296 οἱ
1375 258 1639 299 ὁουκικοῐδὲ
1666 257 1770 300 κατὰ

316 320 362 362 τὸ
393 318 544 368 εἰωθὸς
571 319 616 361 τὸ
658 316 883 374 δαπάνημα
911 322 983 375 τῆς
1022 319 1130 362 ὁδοῦ
1167 321 1298 376 μέχρι
1338 324 1420 364 τῶν
1457 324 1643 364 ἐνταῦθα
1670 321 1775 378 ἦμε-

317 388 402 441 ρῶν
432 383 490 441 ργ’
520 382 798 427 ἐπιδιδόασιν.
854 387 1063 427 τοσαῦται
1090 385 1170 442 γάρ
1201 389 1245 438 ἐξ
1273 389 1411 443 α’ρχῆς
1431 387 1667 444 ὅρι’σθησαν
1695 389 1774 444 α’ρ-

314 458 400 493 κεῖν
428 453 486 508 τῷ
513 453 750 508 πρεσβευτῇ
787 447 968 504 ἇνιόντι,
1010 454 1084 494 καί
1108 455 1310 495 τοσαῦται
1348 451 1527 496 ἀπιόντι.
1584 453 1701 496 ἔστιν
1725 456 1800 501 δὲό

315 515 382 562 ὅτε
409 515 599 574 βραδύνῃ
629 517 672 558 ἕν
702 518 755 574 τῇ
785 516 892 575 ὄδιῇ,
923 520 998 560 καί
1033 517 1193 560 κελεύει
1224 518 1247 559 ὁ
1276 517 1503 572 βασιλεῦς,
1541 519 1616 562 καὶ
1638 534 1770 575 προσ-

118 580 424 638 E‹1.L.2333tjmy
468 583 585 640 αὐτῷ
621 585 792 638 γίνεται.
847 581 873 640 ἢ
905 585 951 626 δὲ
991 586 1147 639 γνῶσις
1185 586 1268 626 τῶν
1308 586 1612 639 ἐπιδεδομένων
1654 585 1773 642 αὐτῷ

312 650 491 700 σώζεται
526 650 571 691 ἐν
599 652 656 707 τῷ
685 651 855 707 σκρινίῳ
883 651 966 692 ταῖν
1003 647 1246 707 βαρβάρων.
1304 649 1377 693 καί
1401 651 1556 706 βέρεδα
1584 651 1632 693 δὲ
1659 648 1769 692 κατὰ

310 712 363 758 τὰ
393 714 529 756 πάκτα
559 716 632 757 ἐπὶ
659 717 982 759 Κωνσταντίνου
1022 713 1213 772 ἐπάρχου
1246 718 1517 773 πραιτωρίων
1542 719 1766 772 γενομένου

311 777 558 836 ἆπενεμήθη
600 781 717 838 αὐτῷ
754 783 900 835 πέντε,
949 784 1025 824 καί
1061 784 1149 834 ζῶα
1177 781 1224 825 λ’.
1283 783 1310 824 oe
1340 784 1387 826 δὲ
1423 780 1648 837 βασιλεὺς,
1690 781 1820 825 ε’ἆνιο

311 847 414 905 θέλῃ
453 849 721 903 θεραπεῦσαι
758 843 914 902 αὕτὸν,
964 847 1070 890 πολὺ
1110 851 1234 891 πλέον
1273 849 1389 908 miz-tii
1423 850 1672 905 ἐπιδοθῆναι
1698 864 1768 890 κε-

314 912 441 957 λεύει.
498 913 538 956 εἰ
565 914 611 955 δὲ
638 914 757 956 θέλει
785 916 859 956 καί
883 917 1059 971 τιμῆσαι
1089 914 1240 969 αὐτὸν,
1288 913 1372 973 χρὴ
1403 917 1570 970 πέμψαι
1597 917 1672 957 καί
1698 916 1768 957 δέ·

118 983 474 1032 Μωὸθὼξασθαι
515 976 647 1022 αὐτὸν
691 980 764 1022 διά
804 997 916 1031 τινος
954 984 1036 1024 τῶν
1075 983 1407 1038 εὖυπολήμπτων
1444 983 1518 1024 ἐπὶ
1551 983 1767 1025 Γαλατίαν

312 1047 386 1088 καί
422 1047 735 1089 Καππαδοκίαν
769 1047 843 1088 καί
877 1050 1074 1103 θρέψαι·
1133 1046 1288 1103 ὁμοίως
1326 1049 1374 1091 δὲ
1412 1049 1581 1103 πέμψαι
1607 1046 1681 1090 καί
1706 1048 1767 1103 εἰς

313 1114 498 1155 Νίκαιαν
525 1113 598 1153 καί
623 1115 789 1168 θρέψαι
819 1112 893 1155 καί
928 1117 1209 1171 θεραπεῦσαι.
1264 1116 1336 1157 δεῖ
1355 1115 1402 1157 δὲ
1430 1113 1506 1156 καὶ
1529 1112 1603 1156 τὸν
1637 1110 1819 1168 μα’γι-ιΕ

311 1193 456 1234 στρον,
506 1178 734 1234 ἐρχομένου
786 1180 918 1220 αὐτοῦ
955 1179 1057 1235 περὶ
1091 1179 1372 1235 Ἀντιόχειαν,
1430 1182 1598 1235 πέμψαι
1637 1195 1767 1234 μαγι-

270 1241 506 1299 Βστριανὸν
543 1244 768 1300 ὀφείλοντα
808 1245 1043 1300 ἀπαιτῆσαι
1073 1245 1147 1287 καί
1184 1245 1464 1289 α’σπάσασθαι
1503 1243 1654 1299 αὐτὸν,
1693 1245 1769 1288 καὶ

311 1312 481 1364 μαθεῖν,
510 1311 599 1359 παῖς
639 1307 904 1362 διασώζεται.
960 1312 1000 1352 εἰ
1026 1313 1073 1353 δὲ
1101 1312 1218 1354 θέλει
1247 1309 1270 1352 ὅ
1296 1310 1523 1366 βασιλεὺς,
1551 1311 1627 1353 καί
1651 1306 1765 1362 ἅπαξ

311 1375 387 1418 καί
423 1373 616 1431 δεύτερον
654 1378 780 1418 τοῦτο
819 1383 954 1430 ποιεῖ’,
999 1378 1074 1419 καί
1111 1375 1270 1434 γράφει
1297 1379 1371 1420 καὶ,
1397 1368 1652 1431 α’σπάζεται,
1691 1378 1767 1418 καί

311 1443 448 1499 ἐρωτᾷ
482 1440 626 1495 αὐτὸν,
665 1443 755 1491 πῶς
783 1442 1051 1494 διασώζεται.
1107 1442 1194 1499 χρή
1224 1445 1271 1486 δὲ
1311 1445 1430 1502 adu?
1469 1445 1541 1486 καί
1575 1444 1662 1495 ζῶα
1689 1442 1816 1488 eti-20

309 1509 599 1566 τρεπισθῆναι
629 1505 935 1551 ἕνἙλενοπόλει
949 1510 1023 1551 καί
1048 1507 1280 1566 δρόμονας,
1308 1511 1393 1565 ἵνα,
1423 1509 1508 1552 εἴτε
1532 1507 1733 1564 βούλεται
1743 1541 1760 1563 ,

307 1644 510 1684 mulanter,
547 1648 590 1676 ut
614 1642 652 1676 id
679 1653 784 1687 agere
821 1643 868 1676 ab
908 1644 997 1690 ipsis
1029 1655 1104 1678 non
1138 1643 1469 1690 deprehendantur.
1524 1641 1763 1689 Ducici1hoc

308 1695 364 1723 est
389 1689 556 1723 homines
583 1690 630 1723 ad
655 1691 815 1723 osticium
856 1690 988 1724 ducum
1014 1691 1163 1725 illorum
1186 1691 1409 1733 thematum,
1444 1701 1511 1737 per
1534 1701 1630 1736 quae
1650 1690 1762 1723 traie-

308 1742 386 1770 ctus
413 1738 474 1778 fit,
512 1738 765 1785 pertinentes]
804 1737 985 1783 impensas
1019 1738 1162 1772 itineris
1198 1739 1245 1772 ad
1270 1739 1365 1773 hanc
1395 1748 1512 1784 usque
1537 1737 1671 1771 Urbem
1694 1748 1760 1770 au-

307 1789 447 1829 gustam
474 1784 514 1816 in
546 1790 690 1817 centum
729 1790 766 1817 ct
788 1789 862 1817 tres
888 1785 965 1818 dics
999 1790 1196 1830 praestant.
1245 1787 1318 1821 Tot
1349 1786 1446 1819 enim
1471 1784 1517 1818 ab
1550 1785 1659 1818 initio
1684 1789 1759 1817 sta-

306 1831 374 1864 tim
400 1836 437 1864 et
461 1831 533 1863 iam
559 1842 579 1863 a
605 1831 712 1876 longo
737 1837 901 1876 tempore
948 1833 1075 1865 statuti
1100 1832 1250 1867 fuerunt
1274 1838 1311 1872 et
1332 1832 1503 1878 imputati
1535 1831 1613 1864 dies
1636 1831 1758 1876 legato

307 1884 384 1912 tam
411 1878 517 1911 illinc
545 1878 636 1920 huc,
669 1889 779 1924 quam
808 1877 895 1911 hinc
931 1879 1021 1912 illuc
1051 1879 1229 1914 tendenti.
1278 1879 1465 1914 Interdum
1490 1884 1614 1913 tamen
1637 1888 1757 1911 moras

307 1925 346 1957 in
369 1925 428 1958 via
445 1925 559 1958 trahit
578 1931 616 1960 et
637 1925 719 1970 plus
742 1925 916 1970 temporis
936 1927 1136 1971 impendit;
1169 1927 1336 1974 adeoque
1354 1926 1503 1959 indultu
1521 1924 1756 1971 Imperatoris

307 1971 476 2012 additur,
509 1972 609 2019 quod
634 1967 795 2005 excurrit
821 1973 1077 2017 impensarum.
1128 1974 1271 2008 Notitia
1298 1984 1384 2007 vero
1411 1973 1470 2007 vel
1498 1971 1683 2004 indiculus
1715 1971 1757 2006 in

307 2029 391 2051 eum
435 2020 683 2064 impensorum
722 2018 921 2063 deponitur
957 2020 1194 2054 asservandus
1239 2021 1280 2054 in
1329 2020 1463 2053 scrinio
1503 2018 1756 2052 barbarorum.

304 2065 566 2099 Attribuuntur
586 2067 704 2110 legato
726 2065 925 2098 secundum
950 2072 1055 2111 pacta
1081 2066 1148 2100 sub
1169 2067 1412 2102 Constantino
1432 2065 1617 2111 praefecto
1647 2075 1756 2110 prae-

303 2111 484 2145 toriorum
524 2112 671 2146 condita
689 2112 819 2145 vereda
843 2113 1008 2158 quinque
1032 2118 1070 2146 et
1088 2113 1180 2146 muli
1207 2114 1366 2158 triginta.
1390 2113 1526 2146 Verum
1554 2113 1756 2157 Imperator

305 2158 453 2204 quando
471 2159 590 2203 ipsum
610 2159 787 2191 demereri
798 2159 878 2192 vult
894 2158 1095 2199 beneficiis,
1121 2160 1227 2194 iubet
1241 2161 1313 2205 ipsi
1342 2159 1448 2205 plura
1473 2157 1754 2192 subministrari.

305 2205 442 2240 sivero
460 2205 631 2250 insignite
647 2206 765 2250 ipsum
782 2204 962 2239 honorare
973 2206 1065 2247 vult,
1091 2206 1201 2240 debet
1217 2206 1288 2252 ipsi
1303 2206 1464 2252 aliquem
1474 2207 1592 2240 virum
1601 2216 1752 2250 magnae

305 2253 533 2287 auctoritatis
553 2257 590 2285 et
612 2251 750 2297 probae
773 2253 1054 2287 existimationis
1076 2255 1116 2286 in
1137 2253 1319 2288 Galatiam
1339 2259 1376 2286 et
1400 2252 1667 2298 Cappadociam
1685 2253 1754 2286 ob-

304 2301 400 2334 viam
427 2301 592 2340 mittere,
618 2299 683 2345 qui
705 2299 739 2332 ei
763 2299 898 2332 victum
925 2301 1138 2346 cultumque
1165 2312 1307 2333 omnem
1333 2300 1578 2333 necessarium
1603 2304 1641 2334 et
1658 2298 1753 2332 refe-

303 2346 443 2380 ctiones
470 2351 639 2391 praestet.
688 2346 810 2379 Alium
846 2347 959 2379 simili
995 2347 1104 2381 modo
1141 2346 1253 2380 debet
1282 2347 1453 2381 Nicaeam
1484 2347 1653 2387 mittere,
1684 2345 1750 2392 qui

302 2393 495 2438 splendide
530 2394 648 2438 ipsum
677 2392 730 2425 ibi
761 2393 902 2425 nutriat
927 2394 1106 2440 colatque.
1154 2395 1327 2440 Magister
1347 2400 1468 2427 autem
1495 2393 1606 2426 debet
1628 2394 1749 2437 legato

300 2451 417 2485 prope
437 2439 485 2473 ad
502 2439 732 2474 Antiochiam
753 2439 939 2473 accedenti
961 2441 1233 2487 magistrianum
1259 2442 1420 2488 aliquem
1440 2440 1585 2475 obviam
1601 2441 1748 2473 mittere

301 2487 486 2522 salutandi
519 2497 625 2519 causa
652 2492 689 2520 et
707 2486 933 2528 sciscitandi,
960 2488 1094 2534 quibus
1118 2489 1256 2530 modis,
1279 2495 1317 2522 et
1341 2489 1437 2522 satin
1463 2499 1507 2522 ex
1531 2486 1644 2520 animi
1665 2495 1749 2519 sen-

298 2535 418 2568 tentia
449 2545 515 2579 per
531 2534 627 2566 viam
645 2534 856 2578 excipiatur.
906 2534 1006 2568 Idem
1025 2536 1241 2579 Imperator,
1281 2537 1311 2568 si
1331 2536 1430 2576 vult,
1456 2534 1564 2576 facit,
1589 2538 1626 2566 et
1645 2532 1748 2566 litte-

298 2581 349 2614 ris
370 2581 508 2626 pariter
534 2580 727 2626 verbisque
760 2580 940 2614 mandatis
970 2582 1129 2627 legatum
1158 2583 1270 2616 semel
1298 2584 1506 2628 iterumque
1533 2581 1686 2620 salutat,
1710 2582 1749 2611 et

299 2629 514 2669 sciscitatur,
540 2627 724 2674 quomodo
737 2628 971 2662 conducatur.
1004 2629 1150 2662 Debent
1157 2641 1265 2674 porro
1279 2630 1349 2675 ipsi
1363 2631 1402 2662 in
1418 2627 1637 2673 Helenopoli
1654 2625 1748 2662 muli

303 2675 424 2721 parati
437 2675 555 2710 teneri
569 2681 607 2710 ct
619 2674 810 2708 dromones
823 2686 886 2709 seu
899 2675 1116 2719 liburnicae,
1136 2682 1188 2719 ut,
1206 2678 1279 2712 sive
1291 2687 1356 2723 per
1373 2675 1620 2710 continentem
1636 2671 1747 2719 profi-
