1748 3126
60 125 79 137 z

610 130 1026 174 PRAEFATloNss.
1417 129 1527 168 xvn

89 236 425 292 quinquagesimi,
449 235 562 274 cuius
587 234 795 287 inscriptio
834 239 892 273 est
931 231 983 271 de
1010 229 1157 272 indolis
1181 230 1382 286 probitate
1408 241 1529 287 atque

91 306 290 358 pravitate
306 333 320 356 ,
368 314 438 342 seu
477 301 528 341 de
563 301 781 341 virtutibus
814 307 854 338 et
890 300 999 338 vitiis
1019 327 1032 349 ,
1070 298 1268 352 particula
1283 328 1295 350 ‚
1336 298 1528 339 beneficio

94 371 294 410 Pmmcn
321 376 363 408 et
391 368 564 408 Hernici
590 367 772 407 vimsn.
830 364 988 418 Reliqui
1012 371 1073 404 tot
1093 379 1261 405 numero
1285 365 1391 405 tituli
1412 379 1528 420 gran·

94 436 156 476 dis
173 465 190 486 ,
227 435 298 475 sed
331 442 372 474 et
410 433 641 484 utilissimi,
670 434 802 486 operis
841 431 1060 470 creduntur
1088 433 1242 471 iactura
1278 431 1530 485 irreparabili

93 503 273 557 periisse.
330 499 443 552 Quid
473 501 507 539 si
530 512 627 538 vero
655 498 895 538 contendam
921 512 986 536 me
1018 511 1110 536 cum
1140 497 1218 537 hoc
1233 527 1245 550 ,
1276 497 1386 552 quod
1423 512 1531 538 nunc

94 567 192 619 edo,
220 566 427 607 volumine
459 567 636 618 primum
670 564 820 604 laudati
848 567 980 618 operis
1015 562 1178 603 titulum
1195 594 1209 615 ,
1244 566 1278 603 si
1312 579 1394 604 non
1427 567 1531 605 inte-

92 647 211 687 grum
227 662 241 684 ,
276 640 319 672 at
359 630 492 671 saltim
531 642 716 682 magnam
757 632 843 670 eius
879 637 1037 682 partem
1077 632 1118 668 in
1150 645 1292 670 manus
1321 631 1533 671 doctorum

45 730 50 734 .
89 699 301 739 hominum
341 697 500 736 tradere
520 698 540 735 7
576 695 672 748 Egit
698 693 767 733 ille
798 693 896 733 olim
933 690 1033 747 περὶ
1059 694 1269 744 βασιλέων
1305 693 1535 750 ἀναγορεύ-

91 778 199 812 σεως
216 794 229 816 ,
269 762 323 802 de
349 763 662 816 Imperatorum
689 773 911 814 regumque
941 760 1278 810 renuntiatione,
1317 771 1363 800 ut
1391 777 1413 801 e
1447 764 1535 803 Fi-

93 844 212 870 imicii
238 829 348 870 Bibl.
384 827 537 868 Graec.
566 826 682 866 Tom.
711 825 756 865 V
753 825 788 864 Ι.
830 839 933 879 pag,
963 824 1043 880 492
1074 833 1245 866 constat.
1301 827 1429 881 Atqui
1458 843 1534 868 vo-

93 895 256 934 luminis
282 894 402 934 huius
421 893 550 946 capita
578 892 674 931 XCI
706 899 746 931 et
777 893 1011 946 sequentia,
1043 905 1066 931 a
1095 906 1184 946 pag.
1211 892 1291 933 238
1324 907 1451 948 usque
1482 895 1534 935 ad

97 974 189 1015 pag.
202 959 275 1000 251
302 973 384 999 non
407 965 564 998 tantum
582 960 624 998 in
641 959 786 998 univer
786 972 876 997 siim
888 959 1124 998 cerimonias
1143 958 1330 999 distincte·
1355 960 1536 1013 tradunt,

15 1059 38 1070 ‚v
99 1026 245 1080 quibus
270 1027 402 1080 prima
442 1024 596 1065 CPlcos
628 1031 757 1064 aetate
786 1025 1051 1079 Imperatores
1086 1023 1142 1063 ihi
1172 1025 1354 1065 solebant
1378 1031 1706 1067 nuncu-Ed.L1V

98 1093 215 1146 pari,
249 1091 319 1131 sed
347 1099 387 1132 et
415 1093 458 1131 in
490 1092 621 1144 specie
649 1091 796 1131 Leonis
826 1093 983 1145 magni,
1013 1091 1159 1130 Leonis
1186 1093 1383 1144 minoris,
1424 1093 1540 1134 Ana-

99 1159 208 1199 stasii
234 1150 404 1209 Dicor-i,
435 1158 579 1197 Iustini
606 1158 774 1197 senioris
801 1165 841 1197 et
862 1158 1072 1197 Iustiniani
1101 1159 1236 1211 magni
1267 1122 1540 1200 renuiiciatio-

90 1237 163 1265 nes
194 1231 279 1263 iam
299 1187 521 1264 luculenter
546 1231 832 1278 exsequuntur,
861 1231 907 1263 ut
933 1222 1035 1263 nihil
1065 1223 1280 1263 desiderari
1310 1233 1447 1279 queat,
1474 1225 1540 1266 lu-

87 1304 260 1344 cemque
283 1290 534 1344 praeclaram
559 1289 619 1329 illi
645 1290 903 1330 historiarum
933 1292 1039 1344 parti
1066 1289 1301 1330 accendant.
1339 1292 1427 1346 Ego
1447 1295 1541 1347 qui-

91 1356 184 1396 dem
224 1370 307 1396 uon
338 1356 484 1408 credo,
525 1370 695 1411 usquam
727 1358 987 1410 antiquorum
1020 1364 1373 1397 monumentorum
1403 1358 1539 1398 locum

92 1430 244 1462 exstare
265 1452 280 1475 ‚
336 1424 407 1477 qui
449 1425 550 1462 ritus
602 1423 968 1476 nuncupandorum
1012 1422 1290 1477 Augustorum
1323 1453 1336 1475 ,
1382 1432 1540 1465 veteres

92 1502 237 1542 nempe
285 1487 375 1528 illos
420 1503 608 1544 mereque
647 1491 851 1529 Romanos
869 1519 881 1540 ,
921 1502 1047 1542 aeque
1088 1488 1295 1542 splendide
1333 1499 1537 1544 exponat,

92 1561 213 1607 atque
242 1553 440 1608 particula
469 1557 596 1596 nostri
629 1556 760 1610 operis
775 1585 787 1607 ,
816 1555 867 1594 de
897 1569 977 1609 qua
1008 1554 1108 1593 mihi
1149 1569 1281 1595 sermo
1314 1571 1421 1596 nunc
1460 1565 1537 1597 est.

93 1619 387 1673 Antiquitatem
430 1622 514 1661 eius
554 1623 708 1675 spirant
743 1624 879 1661 omnia
910 1652 923 1673 ,
965 1622 1165 1660 orationes
1207 1622 1260 1660 ad
1299 1623 1538 1664 fortissimos

93 1687 284 1725 exercitus
301 1715 314 1736 ‚
354 1685 615 1740 Augustatica
651 1690 847 1739 promissa
867 1717 879 1737 ‚
917 1687 1092 1726 militum
1141 1694 1263 1739 atque
1294 1688 1540 1741 populor-iun

95 1749 415 1790 acclamationes.
472 1752 587 1802 Quae
610 1752 680 1803 qui
707 1764 800 1789 cum
837 1751 1098 1802 scriptoribus
1125 1751 1316 1790 historiae
1346 1761 1538 1806 augustae

26 1847 28 1849 v
62 1846 66 1849 -
91 1815 215 1870 vulgo
251 1816 308 1855 sic
345 1815 462 1855 dictis
496 1823 700 1870 comparet
713 1845 726 1868 ‚
764 1829 846 1855 non
881 1816 1029 1868 poterit
1065 1815 1100 1853 is
1138 1815 1289 1870 absque
1329 1817 1538 1872 voluptate

91 1883 308 1935 imaginem
351 1884 498 1922 veteris
541 1883 693 1922 Romae
732 1883 775 1921 in
825 1895 931 1920 nova
968 1880 1245 1934 contemplari.
1324 1885 1536 1939 Quidquid

90 1947 253 1988 tandem
285 1947 406 1988 fuerit
435 1948 486 1988 de
514 1950 743 1988 coniectura
776 1961 902 1999 mea,
932 1949 1016 1987 sive
1048 1947 1246 2001 particula
1272 1963 1346 2001 ea,
1376 1951 1426 1990 de
1455 1967 1535 2005 qua

90 2013 235 2067 loquor
250 2042 263 2064 ‚
291 2013 389 2053 olim
414 2014 465 2054 ad
492 2014 656 2055 titulum
683 2015 862 2069 primum
890 1977 1062 2068 ingentis
1100 2014 1208 2054 illius
1240 2023 1280 2056 et
1311 2016 1534 2058 celebratae

89 2079 385 2132 Bibliothecae,
413 2087 459 2120 ut
495 2082 552 2121 ita
583 2081 714 2120 dicam
729 2111 742 2132 ‚
772 2082 1123 2121 Constantinianae
1138 2111 1150 2132 ,
1187 2089 1258 2121 aut
1273 2111 1285 2133 ‚
1329 2085 1362 2122 si
1390 2084 1531 2134 malis,
1599 2135 1603 2139 ἱ

88 2145 466 2186 Penteoontateuchi
479 2176 492 2198 ‚
526 2149 767 2200 pertinuerit
784 2177 796 2198 ‚
820 2149 910 2188 sive
939 2149 1071 2186 minus
1092 2161 1104 2199 3
1146 2162 1220 2202 ego
1249 2149 1414 2202 quidem
1447 2165 1530 2191 non

90 2210 230 2251 dubito
246 2239 259 2264 ‚
286 2225 376 2252 eam
410 2212 638 2266 decerptam
666 2213 787 2252 fuisse
814 2227 860 2252 ex
886 2212 964 2252 alio
994 2214 1171 2266 quodam
1202 2223 1359 2255 vetusto
1385 2218 1529 2271 insigni

91 2275 195 2315 libro
215 2306 228 2328 ,
272 2279 384 2317 cuius
422 2280 614 2318 iacturam
649 2279 815 2319 studiosi
846 2281 1102 2334 antiquarum
1135 2295 1271 2320 rerum
1314 2287 1534 2337 aegerrime

92 2341 257 2394 ferunt3
286 2344 435 2384 scilicet
473 2359 518 2384 ex
551 2345 663 2384 Petri
698 2346 916 2399 Magistri,
956 2347 1035 2384 viri
1072 2346 1355 2399 illustrissimi,
1395 2364 1532 2388 sacro-

91 2421 184 2446 rum
217 2407 439 2449 officiorum
480 2411 587 2464 apud
628 2411 894 2451 Iustinianum
930 2413 1125 2466 Magnum
1156 2416 1362 2467 magistri,
1403 2423 1443 2454 et
1478 2416 1531 2455 ad

93 2473 318 2514 Gothorum
351 2477 394 2515 in
430 2476 545 2516 Italia
571 2491 706 2531 reges,
735 2484 774 2516 et
807 2477 858 2516 ad
891 2478 1084 2519 Cosroem
1116 2479 1334 2519 Persarum
1369 2497 1531 2536 quoque

93 2537 278 2592 deinceps
317 2540 460 2595 legati,
501 2543 615 2582 libris
633 2573 644 2594 ,
688 2558 788 2597 quos
824 2543 966 2583 Suidas
1004 2544 1141 2584 laudat
1178 2547 1276 2600 περὶ
1317 2549 1530 2600 πολιτικῆς

93 2599 382 2653 καταστάσεὼς
402 2636 414 2658 ,
454 2608 506 2647 de
539 2610 828 2649 constitutione
856 2610 993 2648 civilis
1012 2611 1334 2662 gubernationis.
1363 2614 1529 2666 Saepius

18 2700 21 2702 .
93 2669 173 2708 viri
199 2671 380 2713 meminit
407 2673 657 2726 Pnocorrus,
686 2676 867 2715 meminit
885 2690 1045 2730 quoque
1074 2678 1529 2719 Ciss1on0ncs.Neoue

143 2752 405 2788 Constantinus
425 2753 599 2799 Porphyr.
631 2755 704 2788 Vol.
729 2755 757 2788 I.
1300 2760 1354 2787 *a
