<?xml version="1.0" encoding="UTF-8"?>
<!DOCTYPE html PUBLIC "-//W3C//DTD XHTML 1.0 Transitional//EN"
    "http://www.w3.org/TR/xhtml1/DTD/xhtml1-transitional.dtd">
<html xmlns="http://www.w3.org/1999/xhtml" xml:lang="en" lang="en">
 <head>
  <title>
</title>
<meta http-equiv="Content-Type" content="text/html;charset=utf-8" />
  <meta name='ocr-system' content='tesseract 3.04.00' />
  <meta name='ocr-capabilities' content='ocr_page ocr_carea ocr_par ocr_line ocrx_word'/>
</head>
<body>
  <div class='ocr_page' id='page_1' title='image "./corpusscriptorum07niebuoft_0846.png"; bbox 0 0 1878 3112; ppageno 0'>
   <div class='ocr_carea' id='block_1_1' title="bbox 314 121 1472 195">
    <p class='ocr_par' dir='ltr' id='par_1_1' title="bbox 314 121 1472 195">
     <span class='ocr_line' id='line_1_1' title="bbox 314 121 1472 195; baseline 0.009 -18"><span class='ocrx_word' id='word_1_1' title='bbox 314 121 421 195; x_wconf 79' lang='lat'>780</span> <span class='ocrx_word' id='word_1_2' title='bbox 593 139 948 183; x_wconf 75' lang='lat' dir='ltr'>CONSTANTml</span> <span class='ocrx_word' id='word_1_3' title='bbox 989 141 1472 187; x_wconf 71' lang='lat' dir='ltr'>PoRPnYRoemm</span> 
     </span>
    </p>
   </div>
   <div class='ocr_carea' id='block_1_2' title="bbox 113 237 1821 1750">
    <p class='ocr_par' dir='ltr' id='par_1_2' title="bbox 113 237 1821 1750">
     <span class='ocr_line' id='line_1_2' title="bbox 311 237 1753 303; baseline 0.004 -19"><span class='ocrx_word' id='word_1_4' title='bbox 311 244 356 284; x_wconf 72' lang='grc' dir='ltr'>δὲ</span> <span class='ocrx_word' id='word_1_5' title='bbox 386 241 459 284; x_wconf 75' lang='grc' dir='ltr'><strong><em>καί</em></strong></span> <span class='ocrx_word' id='word_1_6' title='bbox 484 242 695 301; x_wconf 73' lang='grc' dir='ltr'><strong><em>ἐξάγονται</em></strong></span> <span class='ocrx_word' id='word_1_7' title='bbox 724 237 868 291; x_wconf 74' lang='grc' dir='ltr'><strong><em>οὕτως·</em></strong></span> <span class='ocrx_word' id='word_1_8' title='bbox 927 242 964 285; x_wconf 79' lang='grc' dir='ltr'><strong><em>οἱ</em></strong></span> <span class='ocrx_word' id='word_1_9' title='bbox 992 245 1070 296; x_wconf 79' lang='grc' dir='ltr'>μὲν</span> <span class='ocrx_word' id='word_1_10' title='bbox 1088 243 1327 301; x_wconf 73' lang='grc' dir='ltr'><strong><em>μάγιστροι,</em></strong></span> <span class='ocrx_word' id='word_1_11' title='bbox 1357 244 1643 303; x_wconf 74' lang='grc' dir='ltr'><strong><em>πραιπόσιτοι,</em></strong></span> <span class='ocrx_word' id='word_1_12' title='bbox 1669 261 1753 290; x_wconf 77' lang='grc' dir='ltr'><strong><em>πα·-</em></strong></span> 
     </span>
     <span class='ocr_line' id='line_1_3' title="bbox 308 305 1754 366; baseline 0.005 -17"><span class='ocrx_word' id='word_1_13' title='bbox 308 309 486 363; x_wconf 83' lang='grc' dir='ltr'><strong><em>τρίκιοι,</em></strong></span> <span class='ocrx_word' id='word_1_14' title='bbox 516 305 784 363; x_wconf 82' lang='grc' dir='ltr'><strong><em>ὄφφικιάλιοι</em></strong></span> <span class='ocrx_word' id='word_1_15' title='bbox 811 311 886 351; x_wconf 73' lang='grc' dir='ltr'><strong><em>καὶ</em></strong></span> <span class='ocrx_word' id='word_1_16' title='bbox 924 308 963 351; x_wconf 82' lang='grc' dir='ltr'><strong><em>οἱ</em></strong></span> <span class='ocrx_word' id='word_1_17' title='bbox 989 309 1074 352; x_wconf 78' lang='grc' dir='ltr'>ὑπὸ</span> <span class='ocrx_word' id='word_1_18' title='bbox 1104 309 1338 366; x_wconf 83' lang='grc' dir='ltr'><strong><em>καμπάγιον</em></strong></span> <span class='ocrx_word' id='word_1_19' title='bbox 1365 312 1512 362; x_wconf 82' lang='grc' dir='ltr'><strong><em>πάντες</em></strong></span> <span class='ocrx_word' id='word_1_20' title='bbox 1535 311 1640 366; x_wconf 71' lang='grc' dir='ltr'><strong><em>μετὰ</em></strong></span> <span class='ocrx_word' id='word_1_21' title='bbox 1668 315 1754 356; x_wconf 77' lang='grc' dir='ltr'>τῶν</span> 
     </span>
     <span class='ocr_line' id='line_1_4' title="bbox 311 373 1752 432; baseline 0.005 -18"><span class='ocrx_word' id='word_1_22' title='bbox 311 374 473 415; x_wconf 79' lang='grc' dir='ltr'><em>οἰκείων</em></span> <span class='ocrx_word' id='word_1_23' title='bbox 513 374 827 427; x_wconf 81' lang='grc' dir='ltr'><strong><em>α’λλαξιμάτων·</em></strong></span> <span class='ocrx_word' id='word_1_24' title='bbox 885 373 924 417; x_wconf 77' lang='grc' dir='ltr'><strong><em>οἶ</em></strong></span> <span class='ocrx_word' id='word_1_25' title='bbox 962 376 1009 418; x_wconf 78' lang='grc' dir='ltr'>δὲ</span> <span class='ocrx_word' id='word_1_26' title='bbox 1037 378 1178 418; x_wconf 76' lang='grc' dir='ltr'><strong><em>λοιποὶ</em></strong></span> <span class='ocrx_word' id='word_1_27' title='bbox 1203 376 1414 431; x_wconf 82' lang='grc' dir='ltr'><strong><em>βασιλικοὶ</em></strong></span> <span class='ocrx_word' id='word_1_28' title='bbox 1437 376 1548 432; x_wconf 79' lang='grc' dir='ltr'><strong><em>μετὰ</em></strong></span> <span class='ocrx_word' id='word_1_29' title='bbox 1575 379 1662 421; x_wconf 74' lang='grc' dir='ltr'>τῶν</span> <span class='ocrx_word' id='word_1_30' title='bbox 1689 380 1752 421; x_wconf 73' lang='grc' dir='ltr'><strong><em>οἷ-</em></strong></span> 
     </span>
     <span class='ocr_line' id='line_1_5' title="bbox 307 439 1752 501; baseline 0.005 -22"><span class='ocrx_word' id='word_1_31' title='bbox 307 439 428 480; x_wconf 88' lang='grc' dir='ltr'><strong><em>κείων</em></strong></span> <span class='ocrx_word' id='word_1_32' title='bbox 454 442 779 495; x_wconf 86' lang='grc' dir='ltr'><strong><em>σκαραμαγγίων</em></strong></span> <span class='ocrx_word' id='word_1_33' title='bbox 805 442 878 482; x_wconf 84' lang='grc' dir='ltr'><strong><em>καί</em></strong></span> <span class='ocrx_word' id='word_1_34' title='bbox 896 439 1036 494; x_wconf 90' lang='grc' dir='ltr'><strong><em>μόνον.</em></strong></span> <span class='ocrx_word' id='word_1_35' title='bbox 1091 443 1137 484; x_wconf 78' lang='grc' dir='ltr'><strong><em>ἐν</em></strong></span> <span class='ocrx_word' id='word_1_36' title='bbox 1165 444 1212 485; x_wconf 78' lang='grc' dir='ltr'>δὲ</span> <span class='ocrx_word' id='word_1_37' title='bbox 1235 445 1284 499; x_wconf 83' lang='grc' dir='ltr'>τῇ</span> <span class='ocrx_word' id='word_1_38' title='bbox 1311 443 1423 501; x_wconf 71' lang='grc' dir='ltr'><strong><em>αὐτῇ</em></strong></span> <span class='ocrx_word' id='word_1_39' title='bbox 1449 442 1587 501; x_wconf 74' lang='grc' dir='ltr'><strong><em>ἧμέρᾳ</em></strong></span> <span class='ocrx_word' id='word_1_40' title='bbox 1614 444 1752 499; x_wconf 71' lang='grc' dir='ltr'><strong><em>δειλης</em></strong></span> 
     </span>
     <span class='ocr_line' id='line_1_6' title="bbox 113 503 1777 565; baseline 0.002 -18"><span class='ocrx_word' id='word_1_41' title='bbox 113 513 298 559; x_wconf 72' lang='lat' dir='ltr'>Ms.257.b</span> <span class='ocrx_word' id='word_1_42' title='bbox 313 503 542 561; x_wconf 72' lang='grc' dir='ltr'><em>ἀπέρχεται</em></span> <span class='ocrx_word' id='word_1_43' title='bbox 569 504 594 547; x_wconf 79' lang='grc' dir='ltr'><em>ὅ</em></span> <span class='ocrx_word' id='word_1_44' title='bbox 622 504 824 560; x_wconf 74' lang='grc' dir='ltr'><strong><em>βασιλεύς</em></strong></span> <span class='ocrx_word' id='word_1_45' title='bbox 852 507 914 556; x_wconf 88' lang='grc' dir='ltr'>εἰς</span> <span class='ocrx_word' id='word_1_46' title='bbox 937 506 1010 549; x_wconf 79' lang='grc' dir='ltr'>τὸν</span> <span class='ocrx_word' id='word_1_47' title='bbox 1027 505 1130 551; x_wconf 84' lang='grc' dir='ltr'>ναόν</span> <span class='ocrx_word' id='word_1_48' title='bbox 1156 510 1233 551; x_wconf 81' lang='grc' dir='ltr'>τοῦ</span> <span class='ocrx_word' id='word_1_49' title='bbox 1256 507 1376 564; x_wconf 79' lang='grc' dir='ltr'><strong><em>ἅγίου</em></strong></span> <span class='ocrx_word' id='word_1_50' title='bbox 1395 507 1652 565; x_wconf 74' lang='grc' dir='ltr'><strong><em>Διομήδους,</em></strong></span> <span class='ocrx_word' id='word_1_51' title='bbox 1677 509 1777 554; x_wconf 72' lang='grc' dir='ltr'><strong><em>καὶὸ</em></strong></span> 
     </span>
     <span class='ocr_line' id='line_1_7' title="bbox 305 569 1753 632; baseline 0.003 -19"><span class='ocrx_word' id='word_1_52' title='bbox 305 573 359 629; x_wconf 83' lang='grc' dir='ltr'>τῇ</span> <span class='ocrx_word' id='word_1_53' title='bbox 379 569 590 626; x_wconf 80' lang='grc' dir='ltr'><strong><em>’ἐπαύριον</em></strong></span> <span class='ocrx_word' id='word_1_54' title='bbox 625 574 875 628; x_wconf 80' lang='grc' dir='ltr'><strong><em>τελουμένης</em></strong></span> <span class='ocrx_word' id='word_1_55' title='bbox 901 575 975 629; x_wconf 83' lang='grc' dir='ltr'>τῆς</span> <span class='ocrx_word' id='word_1_56' title='bbox 1003 575 1282 630; x_wconf 87' lang='grc' dir='ltr'><strong><em>λειτουργιάς,</em></strong></span> <span class='ocrx_word' id='word_1_57' title='bbox 1322 576 1566 631; x_wconf 75' lang='grc' dir='ltr'><strong><em>προτίθεται</em></strong></span> <span class='ocrx_word' id='word_1_58' title='bbox 1592 574 1753 632; x_wconf 75' lang='grc' dir='ltr'><strong><em>κλητοί-</em></strong></span> 
     </span>
     <span class='ocr_line' id='line_1_8' title="bbox 305 634 1752 697; baseline 0.004 -19"><span class='ocrx_word' id='word_1_59' title='bbox 305 652 398 694; x_wconf 87' lang='grc' dir='ltr'><strong><em>ριον</em></strong></span> <span class='ocrx_word' id='word_1_60' title='bbox 425 634 529 679; x_wconf 75' lang='grc' dir='ltr'><strong><em>κατὰ</em></strong></span> <span class='ocrx_word' id='word_1_61' title='bbox 559 638 711 691; x_wconf 83' lang='grc' dir='ltr'><strong><em>τύπον,</em></strong></span> <span class='ocrx_word' id='word_1_62' title='bbox 750 639 824 680; x_wconf 80' lang='grc' dir='ltr'><strong><em>καί</em></strong></span> <span class='ocrx_word' id='word_1_63' title='bbox 860 641 1132 682; x_wconf 76' lang='grc' dir='ltr'><strong><em>συνεσθίουσι</em></strong></span> <span class='ocrx_word' id='word_1_64' title='bbox 1169 641 1227 697; x_wconf 77' lang='grc' dir='ltr'>τῷ</span> <span class='ocrx_word' id='word_1_65' title='bbox 1253 642 1426 694; x_wconf 76' lang='grc' dir='ltr'><strong><em>βασιλεῖ</em></strong></span> <span class='ocrx_word' id='word_1_66' title='bbox 1454 637 1609 694; x_wconf 77' lang='grc' dir='ltr'><strong><em>ὁμοίως</em></strong></span> <span class='ocrx_word' id='word_1_67' title='bbox 1637 639 1677 682; x_wconf 81' lang='grc' dir='ltr'><strong><em>οἱ</em></strong></span> <span class='ocrx_word' id='word_1_68' title='bbox 1705 643 1752 684; x_wconf 76' lang='grc' dir='ltr'>ἐκ</span> 
     </span>
     <span class='ocr_line' id='line_1_9' title="bbox 304 700 1753 765; baseline 0.002 -19"><span class='ocrx_word' id='word_1_69' title='bbox 304 705 378 763; x_wconf 77' lang='grc' dir='ltr'>τῆς</span> <span class='ocrx_word' id='word_1_70' title='bbox 415 700 643 759; x_wconf 79' lang='grc' dir='ltr'><strong><em>συγκλήτου</em></strong></span> <span class='ocrx_word' id='word_1_71' title='bbox 681 702 844 754; x_wconf 78' lang='grc' dir='ltr'><strong><em>πάντες.</em></strong></span> <span class='ocrx_word' id='word_1_72' title='bbox 898 707 952 762; x_wconf 82' lang='grc' dir='ltr'>τῇ</span> <span class='ocrx_word' id='word_1_73' title='bbox 981 706 1027 747; x_wconf 82' lang='grc' dir='ltr'>δὲ</span> <span class='ocrx_word' id='word_1_74' title='bbox 1062 705 1126 748; x_wconf 52' lang='grc' dir='ltr'>κθ</span> <span class='ocrx_word' id='word_1_75' title='bbox 1169 706 1245 748; x_wconf 77' lang='grc' dir='ltr'>τοῦ</span> <span class='ocrx_word' id='word_1_76' title='bbox 1282 706 1414 748; x_wconf 54' lang='lat' dir='ltr'>aaron?</span> <span class='ocrx_word' id='word_1_77' title='bbox 1449 703 1578 762; x_wconf 78' lang='grc' dir='ltr'><strong><em>μηνὸς</em></strong></span> <span class='ocrx_word' id='word_1_78' title='bbox 1615 703 1753 765; x_wconf 69' lang='grc' dir='ltr'><strong><em>ἡμέρᾳ</em></strong></span> 
     </span>
     <span class='ocr_line' id='line_1_10' title="bbox 304 768 1752 828; baseline 0.001 -16"><span class='ocrx_word' id='word_1_79' title='bbox 304 771 533 812; x_wconf 78' lang='grc' dir='ltr'><strong><em>ἔκτελεΐται</em></strong></span> <span class='ocrx_word' id='word_1_80' title='bbox 559 770 586 825; x_wconf 81' lang='grc' dir='ltr'><em>ἦ</em></span> <span class='ocrx_word' id='word_1_81' title='bbox 614 768 757 826; x_wconf 85' lang='grc' dir='ltr'><strong><em>μνήμη</em></strong></span> <span class='ocrx_word' id='word_1_82' title='bbox 784 771 859 813; x_wconf 77' lang='grc' dir='ltr'>τοῦ</span> <span class='ocrx_word' id='word_1_83' title='bbox 888 769 1008 826; x_wconf 74' lang='grc' dir='ltr'><strong><em>ἁγίου</em></strong></span> <span class='ocrx_word' id='word_1_84' title='bbox 1040 773 1115 814; x_wconf 83' lang='grc' dir='ltr'><strong><em>καί</em></strong></span> <span class='ocrx_word' id='word_1_85' title='bbox 1149 771 1382 827; x_wconf 77' lang='grc' dir='ltr'><strong><em>ὄρθοδόξου</em></strong></span> <span class='ocrx_word' id='word_1_86' title='bbox 1408 772 1591 828; x_wconf 77' lang='grc' dir='ltr'><strong><em>μεγάλου</em></strong></span> <span class='ocrx_word' id='word_1_87' title='bbox 1627 775 1752 827; x_wconf 86' lang='grc' dir='ltr'><strong><em>βασι-</em></strong></span> 
     </span>
     <span class='ocr_line' id='line_1_11' title="bbox 272 828 1821 895; baseline -0.001 -16"><span class='ocrx_word' id='word_1_88' title='bbox 272 838 414 887; x_wconf 67' lang='grc' dir='ltr'><strong><em>(ἕλε’ως</em></strong></span> <span class='ocrx_word' id='word_1_89' title='bbox 440 834 560 892; x_wconf 73' lang='grc' dir='ltr'><strong><em>ἡμῶν</em></strong></span> <span class='ocrx_word' id='word_1_90' title='bbox 587 839 838 891; x_wconf 80' lang='grc' dir='ltr'><strong><em>Βασιλείου,</em></strong></span> <span class='ocrx_word' id='word_1_91' title='bbox 885 838 958 880; x_wconf 81' lang='grc' dir='ltr'><strong><em>καί</em></strong></span> <span class='ocrx_word' id='word_1_92' title='bbox 984 828 1262 895; x_wconf 65' lang='grc' dir='ltr'><strong><em>προέρχονται</em></strong></span> <span class='ocrx_word' id='word_1_93' title='bbox 1296 837 1399 893; x_wconf 76' lang='grc' dir='ltr'><strong><em>μετὰ</em></strong></span> <span class='ocrx_word' id='word_1_94' title='bbox 1429 838 1821 894; x_wconf 82' lang='grc' dir='ltr'><strong><em>σκαραμαγγίωνιο-</em></strong></span> 
     </span>
     <span class='ocr_line' id='line_1_12' title="bbox 303 901 1786 962; baseline 0 -16"><span class='ocrx_word' id='word_1_95' title='bbox 303 904 350 946; x_wconf 76' lang='grc' dir='ltr'><strong><em>ἓν</em></strong></span> <span class='ocrx_word' id='word_1_96' title='bbox 375 904 434 962; x_wconf 73' lang='grc' dir='ltr'>τῷ</span> <span class='ocrx_word' id='word_1_97' title='bbox 461 906 548 961; x_wconf 61' lang='lat' dir='ltr'>vargi</span> <span class='ocrx_word' id='word_1_98' title='bbox 572 904 653 945; x_wconf 76' lang='grc' dir='ltr'>τῶν</span> <span class='ocrx_word' id='word_1_99' title='bbox 681 901 809 958; x_wconf 79' lang='grc' dir='ltr'><strong><em>ἁγίων</em></strong></span> <span class='ocrx_word' id='word_1_100' title='bbox 839 901 1080 947; x_wconf 81' lang='grc' dir='ltr'><strong><em>α’ποστόλων</em></strong></span> <span class='ocrx_word' id='word_1_101' title='bbox 1108 903 1148 946; x_wconf 84' lang='grc' dir='ltr'><strong><em>οἱ</em></strong></span> <span class='ocrx_word' id='word_1_102' title='bbox 1175 907 1364 958; x_wconf 80' lang='grc' dir='ltr'><strong><em>βασιλεῖς</em></strong></span> <span class='ocrx_word' id='word_1_103' title='bbox 1394 903 1649 960; x_wconf 77' lang='grc' dir='ltr'><strong><em>ἐμπράπως,</em></strong></span> <span class='ocrx_word' id='word_1_104' title='bbox 1682 906 1755 947; x_wconf 75' lang='grc' dir='ltr'><strong><em>καὶ</em></strong></span> <span class='ocrx_word' id='word_1_105' title='bbox 1784 921 1786 923; x_wconf 69' lang='grc'>’</span> 
     </span>
     <span class='ocr_line' id='line_1_13' title="bbox 302 967 1753 1027; baseline 0 -17"><span class='ocrx_word' id='word_1_106' title='bbox 302 971 546 1024; x_wconf 84' lang='grc' dir='ltr'><strong><em>τελουμένης</em></strong></span> <span class='ocrx_word' id='word_1_107' title='bbox 572 969 645 1023; x_wconf 79' lang='grc' dir='ltr'><strong><em>τῆς</em></strong></span> <span class='ocrx_word' id='word_1_108' title='bbox 672 967 792 1026; x_wconf 80' lang='grc' dir='ltr'><strong><em>ἱεροῖς</em></strong></span> <span class='ocrx_word' id='word_1_109' title='bbox 820 972 1102 1026; x_wconf 82' lang='grc' dir='ltr'><strong><em>λειτουργίας,</em></strong></span> <span class='ocrx_word' id='word_1_110' title='bbox 1146 970 1480 1027; x_wconf 75' lang='grc' dir='ltr'><strong><em>ὑποστρέφουσιν</em></strong></span> <span class='ocrx_word' id='word_1_111' title='bbox 1506 967 1663 1022; x_wconf 79' lang='grc' dir='ltr'><strong><em>ὅμοίως</em></strong></span> <span class='ocrx_word' id='word_1_112' title='bbox 1690 967 1753 1011; x_wconf 84' lang='grc' dir='ltr'><strong><em>οἴ-</em></strong></span> 
     </span>
     <span class='ocr_line' id='line_1_14' title="bbox 304 1034 1752 1093; baseline 0.001 -17"><span class='ocrx_word' id='word_1_113' title='bbox 304 1036 405 1076; x_wconf 78' lang='grc' dir='ltr'><strong><em>καδε</em></strong></span> <span class='ocrx_word' id='word_1_114' title='bbox 431 1034 539 1088; x_wconf 80' lang='grc' dir='ltr'><strong><em>μετά</em></strong></span> <span class='ocrx_word' id='word_1_115' title='bbox 570 1035 704 1090; x_wconf 75' lang='grc' dir='ltr'><strong><em>δόξης,</em></strong></span> <span class='ocrx_word' id='word_1_116' title='bbox 735 1037 808 1078; x_wconf 81' lang='grc' dir='ltr'><strong><em>καί</em></strong></span> <span class='ocrx_word' id='word_1_117' title='bbox 824 1037 1068 1091; x_wconf 72' lang='grc' dir='ltr'><strong><em>προτίθεται</em></strong></span> <span class='ocrx_word' id='word_1_118' title='bbox 1099 1035 1328 1092; x_wconf 81' lang='grc' dir='ltr'><strong><em>κλητώριον</em></strong></span> <span class='ocrx_word' id='word_1_119' title='bbox 1355 1037 1401 1078; x_wconf 78' lang='grc' dir='ltr'><strong><em>ἐν</em></strong></span> <span class='ocrx_word' id='word_1_120' title='bbox 1427 1038 1486 1093; x_wconf 72' lang='grc' dir='ltr'>τῷ</span> <span class='ocrx_word' id='word_1_121' title='bbox 1510 1035 1752 1078; x_wconf 81' lang='grc' dir='ltr'><strong><em>Ἱουστινια-</em></strong></span> 
     </span>
     <span class='ocr_line' id='line_1_15' title="bbox 303 1099 1748 1158; baseline -0.001 -15"><span class='ocrx_word' id='word_1_122' title='bbox 303 1103 379 1143; x_wconf 79' lang='grc' dir='ltr'>νοῦ</span> <span class='ocrx_word' id='word_1_123' title='bbox 405 1102 623 1158; x_wconf 76' lang='grc' dir='ltr'><strong><em>τρικλίνῳ,</em></strong></span> <span class='ocrx_word' id='word_1_124' title='bbox 659 1102 734 1143; x_wconf 77' lang='grc' dir='ltr'><strong><em>καί</em></strong></span> <span class='ocrx_word' id='word_1_125' title='bbox 761 1102 832 1143; x_wconf 75' lang='grc' dir='ltr'><strong><em>δεῖ</em></strong></span> <span class='ocrx_word' id='word_1_126' title='bbox 854 1099 968 1156; x_wconf 76' lang='grc' dir='ltr'><strong><em>ἡμᾶς</em></strong></span> <span class='ocrx_word' id='word_1_127' title='bbox 998 1102 1256 1158; x_wconf 76' lang='grc' dir='ltr'><strong><em>εὔτρεπίζειν</em></strong></span> <span class='ocrx_word' id='word_1_128' title='bbox 1283 1102 1342 1152; x_wconf 89' lang='grc' dir='ltr'>εἰς</span> <span class='ocrx_word' id='word_1_129' title='bbox 1368 1103 1633 1145; x_wconf 85' lang='grc' dir='ltr'><strong><em>συνεστίασιν</em></strong></span> <span class='ocrx_word' id='word_1_130' title='bbox 1659 1105 1748 1150; x_wconf 83' lang='grc' dir='ltr'><strong><em>τοῖς</em></strong></span> 
     </span>
     <span class='ocr_line' id='line_1_16' title="bbox 303 1163 1801 1223; baseline -0.001 -15"><span class='ocrx_word' id='word_1_131' title='bbox 303 1166 524 1221; x_wconf 83' lang='grc' dir='ltr'><strong><em>βασιλεῦσι</em></strong></span> <span class='ocrx_word' id='word_1_132' title='bbox 561 1167 712 1222; x_wconf 83' lang='grc' dir='ltr'><strong><em>φίλους</em></strong></span> <span class='ocrx_word' id='word_1_133' title='bbox 739 1163 821 1207; x_wconf 79' lang='grc' dir='ltr'>ἆπό</span> <span class='ocrx_word' id='word_1_134' title='bbox 850 1168 924 1222; x_wconf 84' lang='grc' dir='ltr'>τῆς</span> <span class='ocrx_word' id='word_1_135' title='bbox 949 1164 1103 1218; x_wconf 79' lang='grc' dir='ltr'><strong><em>τάξεως</em></strong></span> <span class='ocrx_word' id='word_1_136' title='bbox 1129 1169 1210 1210; x_wconf 76' lang='grc' dir='ltr'>τῶν</span> <span class='ocrx_word' id='word_1_137' title='bbox 1235 1169 1496 1223; x_wconf 86' lang='grc' dir='ltr'><strong><em>μαγίοτρων,</em></strong></span> <span class='ocrx_word' id='word_1_138' title='bbox 1533 1169 1617 1210; x_wconf 77' lang='grc' dir='ltr'>τῶν</span> <span class='ocrx_word' id='word_1_139' title='bbox 1645 1165 1801 1222; x_wconf 66' lang='lat' dir='ltr'>any-15</span> 
     </span>
     <span class='ocr_line' id='line_1_17' title="bbox 303 1228 1754 1289; baseline 0 -15"><span class='ocrx_word' id='word_1_140' title='bbox 303 1233 504 1288; x_wconf 82' lang='grc' dir='ltr'><strong><em>κλητικῶν</em></strong></span> <span class='ocrx_word' id='word_1_141' title='bbox 529 1233 761 1285; x_wconf 75' lang='grc' dir='ltr'><strong><em>βασιλικῶν</em></strong></span> <span class='ocrx_word' id='word_1_142' title='bbox 810 1228 1072 1288; x_wconf 72' lang='grc' dir='ltr'><strong><em>ἀνθρώπων,</em></strong></span> <span class='ocrx_word' id='word_1_143' title='bbox 1113 1231 1217 1274; x_wconf 85' lang='grc' dir='ltr'><strong><em>κατά</em></strong></span> <span class='ocrx_word' id='word_1_144' title='bbox 1257 1231 1303 1274; x_wconf 88' lang='grc' dir='ltr'>τὸ</span> <span class='ocrx_word' id='word_1_145' title='bbox 1335 1232 1465 1277; x_wconf 79' lang='grc' dir='ltr'><strong><em>ποσὸν</em></strong></span> <span class='ocrx_word' id='word_1_146' title='bbox 1501 1234 1577 1288; x_wconf 78' lang='grc' dir='ltr'><strong><em>τῆς</em></strong></span> <span class='ocrx_word' id='word_1_147' title='bbox 1598 1233 1754 1289; x_wconf 79' lang='grc' dir='ltr'><strong><em>τραπέ-</em></strong></span> 
     </span>
     <span class='ocr_line' id='line_1_18' title="bbox 303 1295 1752 1353; baseline 0.001 -14"><span class='ocrx_word' id='word_1_148' title='bbox 303 1299 400 1353; x_wconf 85' lang='grc' dir='ltr'><strong><em>ζης·</em></strong></span> <span class='ocrx_word' id='word_1_149' title='bbox 456 1297 636 1352; x_wconf 81' lang='grc' dir='ltr'><strong><em>εἰσάγειν</em></strong></span> <span class='ocrx_word' id='word_1_150' title='bbox 665 1299 711 1339; x_wconf 74' lang='grc' dir='ltr'>δὲ</span> <span class='ocrx_word' id='word_1_151' title='bbox 739 1296 898 1347; x_wconf 74' lang='grc' dir='ltr'><strong><em>αὕτούς</em></strong></span> <span class='ocrx_word' id='word_1_152' title='bbox 924 1300 995 1340; x_wconf 81' lang='grc' dir='ltr'><strong><em>καί</em></strong></span> <span class='ocrx_word' id='word_1_153' title='bbox 1024 1295 1187 1353; x_wconf 79' lang='grc' dir='ltr'><strong><em>ἐξάγειν</em></strong></span> <span class='ocrx_word' id='word_1_154' title='bbox 1211 1297 1320 1351; x_wconf 82' lang='grc' dir='ltr'><strong><em>μετά</em></strong></span> <span class='ocrx_word' id='word_1_155' title='bbox 1351 1300 1436 1340; x_wconf 75' lang='grc' dir='ltr'>τῶν</span> <span class='ocrx_word' id='word_1_156' title='bbox 1464 1297 1624 1341; x_wconf 80' lang='grc' dir='ltr'><strong><em>οἰκείων</em></strong></span> <span class='ocrx_word' id='word_1_157' title='bbox 1650 1314 1752 1341; x_wconf 87' lang='grc' dir='ltr'><strong><em>σκα-</em></strong></span> 
     </span>
     <span class='ocr_line' id='line_1_19' title="bbox 304 1362 1752 1421; baseline -0.001 -16"><span class='ocrx_word' id='word_1_158' title='bbox 304 1365 546 1420; x_wconf 88' lang='grc' dir='ltr'><strong><em>ραμαγγίων</em></strong></span> <span class='ocrx_word' id='word_1_159' title='bbox 573 1364 646 1405; x_wconf 83' lang='grc' dir='ltr'><strong><em>καί</em></strong></span> <span class='ocrx_word' id='word_1_160' title='bbox 705 1362 834 1417; x_wconf 84' lang='grc' dir='ltr'><strong><em>μόνον</em></strong></span> <span class='ocrx_word' id='word_1_161' title='bbox 881 1363 953 1405; x_wconf 78' lang='grc' dir='ltr'>διά</span> <span class='ocrx_word' id='word_1_162' title='bbox 993 1362 1041 1405; x_wconf 89' lang='grc' dir='ltr'><em>τό</em></span> <span class='ocrx_word' id='word_1_163' title='bbox 1071 1362 1146 1406; x_wconf 81' lang='grc' dir='ltr'><strong><em>καί</em></strong></span> <span class='ocrx_word' id='word_1_164' title='bbox 1179 1362 1275 1413; x_wconf 83' lang='grc' dir='ltr'>τούς</span> <span class='ocrx_word' id='word_1_165' title='bbox 1300 1367 1488 1419; x_wconf 83' lang='grc' dir='ltr'><strong><em>βασιλεῖς</em></strong></span> <span class='ocrx_word' id='word_1_166' title='bbox 1514 1365 1559 1406; x_wconf 81' lang='grc' dir='ltr'><strong><em>ἐν</em></strong></span> <span class='ocrx_word' id='word_1_167' title='bbox 1583 1366 1641 1421; x_wconf 71' lang='grc' dir='ltr'>τῷ</span> <span class='ocrx_word' id='word_1_168' title='bbox 1666 1378 1752 1405; x_wconf 80' lang='grc' dir='ltr'><strong><em>τοι·-</em></strong></span> 
     </span>
     <span class='ocr_line' id='line_1_20' title="bbox 305 1426 1748 1487; baseline -0.001 -16"><span class='ocrx_word' id='word_1_169' title='bbox 305 1431 409 1487; x_wconf 75' lang='grc' dir='ltr'><strong><em>οὑτῳ</em></strong></span> <span class='ocrx_word' id='word_1_170' title='bbox 452 1427 638 1484; x_wconf 83' lang='grc' dir='ltr'><strong><em>σχήματι</em></strong></span> <span class='ocrx_word' id='word_1_171' title='bbox 677 1429 964 1483; x_wconf 78' lang='grc' dir='ltr'><strong><em>ἄκουμβίζειν.</em></strong></span> <span class='ocrx_word' id='word_1_172' title='bbox 1016 1431 1067 1486; x_wconf 82' lang='grc' dir='ltr'>τῇ</span> <span class='ocrx_word' id='word_1_173' title='bbox 1097 1431 1143 1472; x_wconf 71' lang='grc' dir='ltr'>δὲ</span> <span class='ocrx_word' id='word_1_174' title='bbox 1179 1429 1384 1486; x_wconf 78' lang='grc' dir='ltr'><strong><em>ἐπαύριον</em></strong></span> <span class='ocrx_word' id='word_1_175' title='bbox 1421 1430 1645 1472; x_wconf 79' lang='grc' dir='ltr'><strong><em>ἐκτελεῖται</em></strong></span> <span class='ocrx_word' id='word_1_176' title='bbox 1673 1426 1748 1471; x_wconf 80' lang='grc' dir='ltr'><strong><em>διοὶ</em></strong></span> 
     </span>
     <span class='ocr_line' id='line_1_21' title="bbox 263 1494 1806 1554; baseline -0.001 -16"><span class='ocrx_word' id='word_1_177' title='bbox 263 1498 472 1549; x_wconf 76' lang='grc' dir='ltr'><strong><em>Βὸεξίμου</em></strong></span> <span class='ocrx_word' id='word_1_178' title='bbox 510 1494 537 1552; x_wconf 79' lang='grc' dir='ltr'><em>ἦ</em></span> <span class='ocrx_word' id='word_1_179' title='bbox 575 1497 620 1537; x_wconf 80' lang='grc' dir='ltr'><strong><em>ἐν</em></strong></span> <span class='ocrx_word' id='word_1_180' title='bbox 648 1497 823 1554; x_wconf 74' lang='grc' dir='ltr'><strong><em>Χριστῷ</em></strong></span> <span class='ocrx_word' id='word_1_181' title='bbox 852 1496 1171 1552; x_wconf 74' lang='grc' dir='ltr'><strong><em>αὖτοκρατωρία</em></strong></span> <span class='ocrx_word' id='word_1_182' title='bbox 1197 1497 1278 1538; x_wconf 78' lang='grc' dir='ltr'>τῶν</span> <span class='ocrx_word' id='word_1_183' title='bbox 1317 1496 1475 1538; x_wconf 72' lang='grc' dir='ltr'><strong><em>πιστῶν</em></strong></span> <span class='ocrx_word' id='word_1_184' title='bbox 1511 1497 1720 1548; x_wconf 83' lang='grc' dir='ltr'><strong><em>βασιλέων</em></strong></span> <span class='ocrx_word' id='word_1_185' title='bbox 1735 1509 1806 1547; x_wconf 71' lang='lat' dir='ltr'>‚no</span> 
     </span>
     <span class='ocr_line' id='line_1_22' title="bbox 304 1559 1752 1618; baseline -0.002 -13"><span class='ocrx_word' id='word_1_186' title='bbox 304 1564 488 1611; x_wconf 83' lang='grc' dir='ltr'><strong><em>Λέοντος</em></strong></span> <span class='ocrx_word' id='word_1_187' title='bbox 514 1561 590 1603; x_wconf 76' lang='grc' dir='ltr'><strong><em>καί</em></strong></span> <span class='ocrx_word' id='word_1_188' title='bbox 606 1559 899 1618; x_wconf 75' lang='grc' dir='ltr'><strong><em>Ἀλεξάνδρου,</em></strong></span> <span class='ocrx_word' id='word_1_189' title='bbox 927 1561 1001 1603; x_wconf 79' lang='grc' dir='ltr'><strong><em>καί</em></strong></span> <span class='ocrx_word' id='word_1_190' title='bbox 1020 1562 1267 1614; x_wconf 87' lang='grc' dir='ltr'><strong><em>τελουμένου</em></strong></span> <span class='ocrx_word' id='word_1_191' title='bbox 1297 1562 1442 1610; x_wconf 83' lang='grc' dir='ltr'><strong><em>αἰσίως</em></strong></span> <span class='ocrx_word' id='word_1_192' title='bbox 1466 1561 1542 1602; x_wconf 77' lang='grc' dir='ltr'>τοῦ</span> <span class='ocrx_word' id='word_1_193' title='bbox 1570 1560 1752 1615; x_wconf 75' lang='grc' dir='ltr'><strong><em>δεξίμου,</em></strong></span> 
     </span>
     <span class='ocr_line' id='line_1_23' title="bbox 306 1622 1754 1685; baseline -0.001 -14"><span class='ocrx_word' id='word_1_194' title='bbox 306 1629 641 1685; x_wconf 71' lang='grc' dir='ltr'><strong><em>προκαθέζονται</em></strong></span> <span class='ocrx_word' id='word_1_195' title='bbox 678 1628 802 1670; x_wconf 89' lang='grc' dir='ltr'><strong><em>πάλιν</em></strong></span> <span class='ocrx_word' id='word_1_196' title='bbox 836 1626 876 1669; x_wconf 82' lang='grc' dir='ltr'><strong><em>οἱ</em></strong></span> <span class='ocrx_word' id='word_1_197' title='bbox 905 1624 1090 1681; x_wconf 72' lang='grc' dir='ltr'><strong><em>εὐσεβεῖς</em></strong></span> <span class='ocrx_word' id='word_1_198' title='bbox 1128 1625 1327 1669; x_wconf 72' lang='grc' dir='ltr'><strong><em>δεσπόται</em></strong></span> <span class='ocrx_word' id='word_1_199' title='bbox 1353 1628 1412 1675; x_wconf 85' lang='grc' dir='ltr'>εἰς</span> <span class='ocrx_word' id='word_1_200' title='bbox 1449 1627 1611 1668; x_wconf 78' lang='grc' dir='ltr'><strong><em>πολλῶν</em></strong></span> <span class='ocrx_word' id='word_1_201' title='bbox 1640 1622 1754 1669; x_wconf 76' lang='grc' dir='ltr'><strong><em>ἄντί-</em></strong></span> 
     </span>
     <span class='ocr_line' id='line_1_24' title="bbox 308 1689 1753 1750; baseline -0.001 -14"><span class='ocrx_word' id='word_1_202' title='bbox 308 1697 436 1750; x_wconf 82' lang='grc' dir='ltr'><strong><em>ληψιν</em></strong></span> <span class='ocrx_word' id='word_1_203' title='bbox 464 1693 536 1736; x_wconf 74' lang='grc' dir='ltr'>ἐπὶ</span> <span class='ocrx_word' id='word_1_204' title='bbox 569 1695 644 1736; x_wconf 85' lang='grc' dir='ltr'>τοῦ</span> <span class='ocrx_word' id='word_1_205' title='bbox 680 1691 868 1750; x_wconf 76' lang='grc' dir='ltr'><strong><em>θρόνου,</em></strong></span> <span class='ocrx_word' id='word_1_206' title='bbox 906 1694 979 1736; x_wconf 80' lang='grc' dir='ltr'><strong><em>καί</em></strong></span> <span class='ocrx_word' id='word_1_207' title='bbox 1013 1689 1144 1742; x_wconf 73' lang='grc' dir='ltr'><strong><em>αὖθις</em></strong></span> <span class='ocrx_word' id='word_1_208' title='bbox 1175 1696 1405 1746; x_wconf 81' lang='grc' dir='ltr'><strong><em>στοιχεΐται</em></strong></span> <span class='ocrx_word' id='word_1_209' title='bbox 1442 1691 1489 1734; x_wconf 86' lang='grc' dir='ltr'>τὸ</span> <span class='ocrx_word' id='word_1_210' title='bbox 1529 1691 1753 1748; x_wconf 77' lang='grc' dir='ltr'><strong><em>κλητώριον</em></strong></span> 
     </span>
    </p>
   </div>
   <div class='ocr_carea' id='block_1_3' title="bbox 1866 1371 1878 1435">
    <p class='ocr_par' dir='ltr' id='par_1_3' title="bbox 1866 1371 1878 1435">
     <span class='ocr_line' id='line_1_25' title="bbox 1866 1371 1878 1435; baseline 0 0"><span class='ocrx_word' id='word_1_211' title='bbox 1866 1371 1878 1435; x_wconf 68' lang='lat' dir='ltr'>l</span> 
     </span>
    </p>
   </div>
   <div class='ocr_carea' id='block_1_4' title="bbox 278 1825 1754 2760">
    <p class='ocr_par' dir='ltr' id='par_1_4' title="bbox 278 1825 1754 2760">
     <span class='ocr_line' id='line_1_26' title="bbox 313 1825 1754 1876; baseline -0.001 -14"><span class='ocrx_word' id='word_1_212' title='bbox 313 1828 436 1875; x_wconf 78' lang='lat' dir='ltr'>gistri,</span> <span class='ocrx_word' id='word_1_213' title='bbox 461 1830 681 1876; x_wconf 78' lang='lat' dir='ltr'><strong>praepositi,</strong></span> <span class='ocrx_word' id='word_1_214' title='bbox 705 1828 872 1875; x_wconf 86' lang='lat' dir='ltr'>patricii,</span> <span class='ocrx_word' id='word_1_215' title='bbox 898 1825 1071 1863; x_wconf 78' lang='lat' dir='ltr'>officiales</span> <span class='ocrx_word' id='word_1_216' title='bbox 1098 1832 1135 1862; x_wconf 85' lang='lat' dir='ltr'>et</span> <span class='ocrx_word' id='word_1_217' title='bbox 1158 1826 1224 1873; x_wconf 84' lang='lat' dir='ltr'>qui</span> <span class='ocrx_word' id='word_1_218' title='bbox 1248 1827 1433 1873; x_wconf 78' lang='lat' dir='ltr'>campagia</span> <span class='ocrx_word' id='word_1_219' title='bbox 1458 1830 1587 1873; x_wconf 84' lang='lat' dir='ltr'>gerunt</span> <span class='ocrx_word' id='word_1_220' title='bbox 1603 1837 1726 1861; x_wconf 89' lang='lat' dir='ltr'>omnes</span> <span class='ocrx_word' id='word_1_221' title='bbox 1741 1850 1754 1868; x_wconf 89' lang='lat'>‚</span> 
     </span>
     <span class='ocr_line' id='line_1_27' title="bbox 313 1874 1752 1923; baseline -0.003 -12"><span class='ocrx_word' id='word_1_222' title='bbox 313 1879 354 1911; x_wconf 89' lang='lat' dir='ltr'>in</span> <span class='ocrx_word' id='word_1_223' title='bbox 387 1877 461 1909; x_wconf 85' lang='lat' dir='ltr'>suis</span> <span class='ocrx_word' id='word_1_224' title='bbox 497 1877 727 1920; x_wconf 48' lang='lat' dir='ltr'>mutator-iim</span> <span class='ocrx_word' id='word_1_225' title='bbox 768 1877 902 1923; x_wconf 86' lang='lat' dir='ltr'>reliqui</span> <span class='ocrx_word' id='word_1_226' title='bbox 933 1875 1076 1908; x_wconf 84' lang='lat' dir='ltr'>basilici</span> <span class='ocrx_word' id='word_1_227' title='bbox 1116 1880 1257 1908; x_wconf 85' lang='lat' dir='ltr'>tantum</span> <span class='ocrx_word' id='word_1_228' title='bbox 1298 1876 1338 1907; x_wconf 90' lang='lat' dir='ltr'>in</span> <span class='ocrx_word' id='word_1_229' title='bbox 1376 1874 1450 1907; x_wconf 84' lang='lat' dir='ltr'>suis</span> <span class='ocrx_word' id='word_1_230' title='bbox 1489 1874 1752 1920; x_wconf 81' lang='lat' dir='ltr'>scaramangiis.</span> 
     </span>
     <span class='ocr_line' id='line_1_28' title="bbox 313 1918 1754 1970; baseline -0.002 -13"><span class='ocrx_word' id='word_1_231' title='bbox 313 1922 485 1958; x_wconf 86' lang='lat' dir='ltr'>Eiusdem</span> <span class='ocrx_word' id='word_1_232' title='bbox 510 1924 624 1968; x_wconf 89' lang='lat' dir='ltr'>ipsius</span> <span class='ocrx_word' id='word_1_233' title='bbox 650 1922 724 1956; x_wconf 81' lang='lat' dir='ltr'>‹liei</span> <span class='ocrx_word' id='word_1_234' title='bbox 742 1935 891 1968; x_wconf 83' lang='lat' dir='ltr'>vespera</span> <span class='ocrx_word' id='word_1_235' title='bbox 920 1922 999 1970; x_wconf 86' lang='lat' dir='ltr'>[seu</span> <span class='ocrx_word' id='word_1_236' title='bbox 1025 1921 1124 1955; x_wconf 89' lang='lat' dir='ltr'>horis</span> <span class='ocrx_word' id='word_1_237' title='bbox 1148 1918 1424 1968; x_wconf 84' lang='lat' dir='ltr'>pomeridianis]</span> <span class='ocrx_word' id='word_1_238' title='bbox 1453 1920 1532 1954; x_wconf 83' lang='lat' dir='ltr'>abit</span> <span class='ocrx_word' id='word_1_239' title='bbox 1555 1922 1754 1966; x_wconf 76' lang='lat' dir='ltr'><strong>Imperator</strong></span> 
     </span>
     <span class='ocr_line' id='line_1_29' title="bbox 316 1967 1752 2014; baseline -0.003 -11"><span class='ocrx_word' id='word_1_240' title='bbox 316 1971 357 2003; x_wconf 89' lang='lat' dir='ltr'>in</span> <span class='ocrx_word' id='word_1_241' title='bbox 385 1971 561 2014; x_wconf 85' lang='lat' dir='ltr'>templum</span> <span class='ocrx_word' id='word_1_242' title='bbox 585 1970 618 2004; x_wconf 94' lang='lat' dir='ltr'>S.</span> <span class='ocrx_word' id='word_1_243' title='bbox 646 1970 853 2012; x_wconf 88' lang='lat' dir='ltr'>Diomedis;</span> <span class='ocrx_word' id='word_1_244' title='bbox 892 1977 931 2004; x_wconf 86' lang='lat' dir='ltr'>et</span> <span class='ocrx_word' id='word_1_245' title='bbox 954 1970 1068 2003; x_wconf 89' lang='lat' dir='ltr'>altero</span> <span class='ocrx_word' id='word_1_246' title='bbox 1094 1968 1152 2001; x_wconf 85' lang='lat' dir='ltr'>die</span> <span class='ocrx_word' id='word_1_247' title='bbox 1176 1973 1282 2012; x_wconf 83' lang='lat' dir='ltr'>post,</span> <span class='ocrx_word' id='word_1_248' title='bbox 1311 1973 1458 2013; x_wconf 87' lang='lat' dir='ltr'>peracto</span> <span class='ocrx_word' id='word_1_249' title='bbox 1483 1978 1582 2000; x_wconf 80' lang='lat' dir='ltr'>sacro</span> <span class='ocrx_word' id='word_1_250' title='bbox 1607 1967 1727 2000; x_wconf 81' lang='lat' dir='ltr'>officio</span> <span class='ocrx_word' id='word_1_251' title='bbox 1742 1991 1752 2007; x_wconf 94' lang='lat'><strong>,</strong></span> 
     </span>
     <span class='ocr_line' id='line_1_30' title="bbox 315 2013 1754 2062; baseline -0.002 -13"><span class='ocrx_word' id='word_1_252' title='bbox 315 2022 569 2061; x_wconf 85' lang='lat' dir='ltr'>proponuntur</span> <span class='ocrx_word' id='word_1_253' title='bbox 602 2017 711 2062; x_wconf 83' lang='lat' dir='ltr'>dapes</span> <span class='ocrx_word' id='word_1_254' title='bbox 752 2028 851 2052; x_wconf 84' lang='lat' dir='ltr'>more</span> <span class='ocrx_word' id='word_1_255' title='bbox 895 2021 1088 2056; x_wconf 86' lang='lat' dir='ltr'>consueto,</span> <span class='ocrx_word' id='word_1_256' title='bbox 1125 2020 1163 2048; x_wconf 84' lang='lat' dir='ltr'>et</span> <span class='ocrx_word' id='word_1_257' title='bbox 1194 2015 1428 2048; x_wconf 82' lang='lat' dir='ltr'>convivantur</span> <span class='ocrx_word' id='word_1_258' title='bbox 1460 2014 1617 2048; x_wconf 86' lang='lat' dir='ltr'>Domino</span> <span class='ocrx_word' id='word_1_259' title='bbox 1642 2013 1754 2046; x_wconf 83' lang='lat' dir='ltr'>etiam</span> 
     </span>
     <span class='ocr_line' id='line_1_31' title="bbox 316 2059 1753 2106; baseline -0.003 -10"><span class='ocrx_word' id='word_1_260' title='bbox 316 2068 404 2096; x_wconf 85' lang='lat' dir='ltr'>tunc</span> <span class='ocrx_word' id='word_1_261' title='bbox 445 2062 490 2096; x_wconf 89' lang='lat' dir='ltr'>de</span> <span class='ocrx_word' id='word_1_262' title='bbox 527 2068 604 2097; x_wconf 89' lang='lat' dir='ltr'>toto</span> <span class='ocrx_word' id='word_1_263' title='bbox 638 2069 765 2098; x_wconf 85' lang='lat' dir='ltr'>senatu</span> <span class='ocrx_word' id='word_1_264' title='bbox 804 2064 936 2097; x_wconf 86' lang='lat' dir='ltr'>delecti</span> <span class='ocrx_word' id='word_1_265' title='bbox 971 2063 1087 2096; x_wconf 87' lang='lat' dir='ltr'>amici.</span> <span class='ocrx_word' id='word_1_266' title='bbox 1141 2061 1213 2095; x_wconf 89' lang='lat' dir='ltr'>Die</span> <span class='ocrx_word' id='word_1_267' title='bbox 1246 2061 1417 2106; x_wconf 87' lang='lat' dir='ltr'>vigesimo</span> <span class='ocrx_word' id='word_1_268' title='bbox 1458 2071 1556 2094; x_wconf 90' lang='lat' dir='ltr'>nono</span> <span class='ocrx_word' id='word_1_269' title='bbox 1589 2059 1753 2093; x_wconf 77' lang='lat' dir='ltr'>eiusdem</span> 
     </span>
     <span class='ocr_line' id='line_1_32' title="bbox 315 2105 1753 2155; baseline -0.001 -14"><span class='ocrx_word' id='word_1_270' title='bbox 315 2109 448 2142; x_wconf 87' lang='lat' dir='ltr'>mensis</span> <span class='ocrx_word' id='word_1_271' title='bbox 473 2110 677 2143; x_wconf 86' lang='lat' dir='ltr'>celebratur</span> <span class='ocrx_word' id='word_1_272' title='bbox 699 2111 872 2144; x_wconf 87' lang='lat' dir='ltr'>memoria</span> <span class='ocrx_word' id='word_1_273' title='bbox 899 2109 955 2155; x_wconf 87' lang='lat' dir='ltr'>[et</span> <span class='ocrx_word' id='word_1_274' title='bbox 979 2110 1056 2143; x_wconf 84' lang='lat' dir='ltr'>dies</span> <span class='ocrx_word' id='word_1_275' title='bbox 1082 2107 1312 2154; x_wconf 81' lang='lat' dir='ltr'>emortualis]</span> <span class='ocrx_word' id='word_1_276' title='bbox 1347 2106 1461 2141; x_wconf 88' lang='lat' dir='ltr'>sancti</span> <span class='ocrx_word' id='word_1_277' title='bbox 1485 2111 1523 2139; x_wconf 83' lang='lat' dir='ltr'>et</span> <span class='ocrx_word' id='word_1_278' title='bbox 1559 2105 1753 2140; x_wconf 79' lang='lat' dir='ltr'>&#39;orthodoxi</span> 
     </span>
     <span class='ocr_line' id='line_1_33' title="bbox 314 2151 1752 2201; baseline -0.002 -13"><span class='ocrx_word' id='word_1_279' title='bbox 314 2157 435 2199; x_wconf 86' lang='lat' dir='ltr'>magni</span> <span class='ocrx_word' id='word_1_280' title='bbox 464 2157 579 2189; x_wconf 82' lang='lat' dir='ltr'>nostri</span> <span class='ocrx_word' id='word_1_281' title='bbox 616 2158 846 2201; x_wconf 82' lang='lat' dir='ltr'>Imperatoris</span> <span class='ocrx_word' id='word_1_282' title='bbox 879 2156 1006 2189; x_wconf 83' lang='lat' dir='ltr'>Basilii</span> <span class='ocrx_word' id='word_1_283' title='bbox 1041 2157 1110 2198; x_wconf 90' lang='lat' dir='ltr'>[eo</span> <span class='ocrx_word' id='word_1_284' title='bbox 1148 2154 1208 2187; x_wconf 86' lang='lat' dir='ltr'>die</span> <span class='ocrx_word' id='word_1_285' title='bbox 1241 2155 1301 2199; x_wconf 86' lang='lat' dir='ltr'>pie</span> <span class='ocrx_word' id='word_1_286' title='bbox 1336 2151 1535 2200; x_wconf 62' lang='lat' dir='ltr'>defuncti}</span> <span class='ocrx_word' id='word_1_287' title='bbox 1593 2152 1752 2186; x_wconf 81' lang='lat' dir='ltr'>Solenne</span> 
     </span>
     <span class='ocr_line' id='line_1_34' title="bbox 315 2197 1754 2249; baseline -0.002 -14"><span class='ocrx_word' id='word_1_288' title='bbox 315 2206 405 2235; x_wconf 86' lang='lat' dir='ltr'>tune</span> <span class='ocrx_word' id='word_1_289' title='bbox 428 2202 692 2249; x_wconf 84' lang='lat' dir='ltr'>splendidaque</span> <span class='ocrx_word' id='word_1_290' title='bbox 718 2205 757 2236; x_wconf 91' lang='lat' dir='ltr'>in</span> <span class='ocrx_word' id='word_1_291' title='bbox 781 2213 913 2248; x_wconf 85' lang='lat' dir='ltr'>pompa</span> <span class='ocrx_word' id='word_1_292' title='bbox 938 2200 1140 2246; x_wconf 88' lang='lat' dir='ltr'>procedunt</span> <span class='ocrx_word' id='word_1_293' title='bbox 1163 2201 1401 2244; x_wconf 81' lang='lat' dir='ltr'>Imperatores</span> <span class='ocrx_word' id='word_1_294' title='bbox 1434 2198 1550 2241; x_wconf 84' lang='lat' dir='ltr'>nostri</span> <span class='ocrx_word' id='word_1_295' title='bbox 1586 2197 1683 2246; x_wconf 89' lang='lat' dir='ltr'>[Leo</span> <span class='ocrx_word' id='word_1_296' title='bbox 1715 2204 1754 2232; x_wconf 81' lang='lat' dir='ltr'>et</span> 
     </span>
     <span class='ocr_line' id='line_1_35' title="bbox 315 2246 1752 2295; baseline -0.001 -14"><span class='ocrx_word' id='word_1_297' title='bbox 315 2247 532 2295; x_wconf 73' lang='lat' dir='ltr'>Alexander]</span> <span class='ocrx_word' id='word_1_298' title='bbox 559 2249 680 2282; x_wconf 84' lang='lat' dir='ltr'>induti</span> <span class='ocrx_word' id='word_1_299' title='bbox 714 2249 964 2294; x_wconf 81' lang='lat' dir='ltr'>scaramangiis</span> <span class='ocrx_word' id='word_1_300' title='bbox 999 2250 1039 2281; x_wconf 89' lang='lat' dir='ltr'>in</span> <span class='ocrx_word' id='word_1_301' title='bbox 1071 2248 1246 2291; x_wconf 87' lang='lat' dir='ltr'>templum</span> <span class='ocrx_word' id='word_1_302' title='bbox 1271 2247 1330 2280; x_wconf 91' lang='lat' dir='ltr'>SS.</span> <span class='ocrx_word' id='word_1_303' title='bbox 1355 2246 1637 2290; x_wconf 46' lang='lat' dir='ltr'>Apostolorumq</span> <span class='ocrx_word' id='word_1_304' title='bbox 1669 2257 1752 2279; x_wconf 80' lang='lat' dir='ltr'>san-</span> 
     </span>
     <span class='ocr_line' id='line_1_36' title="bbox 318 2292 1754 2341; baseline -0.001 -13"><span class='ocrx_word' id='word_1_305' title='bbox 318 2301 450 2341; x_wconf 85' lang='lat' dir='ltr'>ctoque</span> <span class='ocrx_word' id='word_1_306' title='bbox 472 2295 592 2328; x_wconf 80' lang='lat' dir='ltr'>officio</span> <span class='ocrx_word' id='word_1_307' title='bbox 618 2292 720 2329; x_wconf 79' lang='lat' dir='ltr'>finito</span> <span class='ocrx_word' id='word_1_308' title='bbox 737 2321 746 2336; x_wconf 89' lang='lat'>,</span> <span class='ocrx_word' id='word_1_309' title='bbox 772 2295 927 2329; x_wconf 85' lang='lat' dir='ltr'>redeunt</span> <span class='ocrx_word' id='word_1_310' title='bbox 951 2294 1078 2327; x_wconf 87' lang='lat' dir='ltr'>eodem</span> <span class='ocrx_word' id='word_1_311' title='bbox 1111 2292 1219 2326; x_wconf 88' lang='lat' dir='ltr'>modo</span> <span class='ocrx_word' id='word_1_312' title='bbox 1251 2303 1330 2326; x_wconf 90' lang='lat' dir='ltr'>cum</span> <span class='ocrx_word' id='word_1_313' title='bbox 1364 2293 1479 2337; x_wconf 86' lang='lat' dir='ltr'>gloria</span> <span class='ocrx_word' id='word_1_314' title='bbox 1511 2292 1678 2335; x_wconf 86' lang='lat' dir='ltr'>domum,</span> <span class='ocrx_word' id='word_1_315' title='bbox 1715 2298 1754 2327; x_wconf 77' lang='lat' dir='ltr'>et</span> 
     </span>
     <span class='ocr_line' id='line_1_37' title="bbox 318 2339 1751 2387; baseline 0 -13"><span class='ocrx_word' id='word_1_316' title='bbox 318 2347 551 2387; x_wconf 83' lang='lat' dir='ltr'>apponuntur</span> <span class='ocrx_word' id='word_1_317' title='bbox 578 2343 706 2387; x_wconf 87' lang='lat' dir='ltr'>epulae</span> <span class='ocrx_word' id='word_1_318' title='bbox 731 2344 771 2376; x_wconf 92' lang='lat' dir='ltr'>in</span> <span class='ocrx_word' id='word_1_319' title='bbox 787 2341 980 2376; x_wconf 82' lang='lat' dir='ltr'>Iustiniani</span> <span class='ocrx_word' id='word_1_320' title='bbox 1005 2340 1164 2375; x_wconf 85' lang='lat' dir='ltr'>triclinio</span> <span class='ocrx_word' id='word_1_321' title='bbox 1180 2364 1190 2379; x_wconf 88' lang='lat'>‚</span> <span class='ocrx_word' id='word_1_322' title='bbox 1216 2339 1263 2373; x_wconf 85' lang='lat' dir='ltr'>ad</span> <span class='ocrx_word' id='word_1_323' title='bbox 1282 2351 1435 2385; x_wconf 83' lang='lat' dir='ltr'>quarum</span> <span class='ocrx_word' id='word_1_324' title='bbox 1458 2339 1751 2376; x_wconf 80' lang='lat' dir='ltr'>communionem</span> 
     </span>
     <span class='ocr_line' id='line_1_38' title="bbox 317 2385 1752 2432; baseline -0.003 -10"><span class='ocrx_word' id='word_1_325' title='bbox 317 2387 498 2422; x_wconf 84' lang='lat' dir='ltr'>invitandi</span> <span class='ocrx_word' id='word_1_326' title='bbox 522 2388 627 2422; x_wconf 88' lang='lat' dir='ltr'>nobis</span> <span class='ocrx_word' id='word_1_327' title='bbox 644 2393 728 2422; x_wconf 88' lang='lat' dir='ltr'>sunt</span> <span class='ocrx_word' id='word_1_328' title='bbox 750 2389 876 2430; x_wconf 88' lang='lat' dir='ltr'>amici,</span> <span class='ocrx_word' id='word_1_329' title='bbox 902 2393 943 2422; x_wconf 86' lang='lat' dir='ltr'>ut</span> <span class='ocrx_word' id='word_1_330' title='bbox 969 2387 1152 2432; x_wconf 83' lang='lat' dir='ltr'>magistri,</span> <span class='ocrx_word' id='word_1_331' title='bbox 1175 2385 1341 2420; x_wconf 85' lang='lat' dir='ltr'>homines</span> <span class='ocrx_word' id='word_1_332' title='bbox 1367 2386 1561 2427; x_wconf 87' lang='lat' dir='ltr'>senatorii,</span> <span class='ocrx_word' id='word_1_333' title='bbox 1585 2385 1752 2419; x_wconf 87' lang='lat' dir='ltr'>homines</span> 
     </span>
     <span class='ocr_line' id='line_1_39' title="bbox 320 2431 1752 2480; baseline -0.001 -12"><span class='ocrx_word' id='word_1_334' title='bbox 320 2435 550 2480; x_wconf 76' lang='lat' dir='ltr'>imperiales,</span> <span class='ocrx_word' id='word_1_335' title='bbox 574 2445 639 2479; x_wconf 86' lang='lat' dir='ltr'>pro</span> <span class='ocrx_word' id='word_1_336' title='bbox 665 2436 780 2480; x_wconf 83' lang='lat' dir='ltr'>spatio</span> <span class='ocrx_word' id='word_1_337' title='bbox 806 2446 963 2472; x_wconf 85' lang='lat' dir='ltr'>mensae.</span> <span class='ocrx_word' id='word_1_338' title='bbox 1011 2433 1293 2468; x_wconf 84' lang='lat' dir='ltr'>Introducuntur</span> <span class='ocrx_word' id='word_1_339' title='bbox 1325 2438 1361 2466; x_wconf 82' lang='lat' dir='ltr'>et</span> <span class='ocrx_word' id='word_1_340' title='bbox 1385 2432 1588 2466; x_wconf 83' lang='lat' dir='ltr'>educuntur</span> <span class='ocrx_word' id='word_1_341' title='bbox 1611 2431 1651 2464; x_wconf 89' lang='lat' dir='ltr'>in</span> <span class='ocrx_word' id='word_1_342' title='bbox 1678 2432 1752 2466; x_wconf 77' lang='lat' dir='ltr'>suis</span> 
     </span>
     <span class='ocr_line' id='line_1_40' title="bbox 321 2477 1752 2527; baseline -0.002 -13"><span class='ocrx_word' id='word_1_343' title='bbox 321 2486 464 2515; x_wconf 81' lang='lat' dir='ltr'>tantum</span> <span class='ocrx_word' id='word_1_344' title='bbox 498 2484 769 2526; x_wconf 84' lang='lat' dir='ltr'>scaramangiis‚</span> <span class='ocrx_word' id='word_1_345' title='bbox 792 2488 984 2527; x_wconf 85' lang='lat' dir='ltr'>propterea</span> <span class='ocrx_word' id='word_1_346' title='bbox 1009 2479 1108 2527; x_wconf 86' lang='lat' dir='ltr'>quod</span> <span class='ocrx_word' id='word_1_347' title='bbox 1138 2485 1175 2513; x_wconf 84' lang='lat' dir='ltr'>et</span> <span class='ocrx_word' id='word_1_348' title='bbox 1207 2479 1436 2524; x_wconf 83' lang='lat' dir='ltr'>ipsiDomini</span> <span class='ocrx_word' id='word_1_349' title='bbox 1469 2479 1535 2512; x_wconf 79' lang='lat' dir='ltr'>tali</span> <span class='ocrx_word' id='word_1_350' title='bbox 1559 2478 1598 2511; x_wconf 86' lang='lat' dir='ltr'>in</span> <span class='ocrx_word' id='word_1_351' title='bbox 1622 2477 1752 2512; x_wconf 85' lang='lat' dir='ltr'>habitu</span> 
     </span>
     <span class='ocr_line' id='line_1_41' title="bbox 322 2524 1753 2574; baseline -0.002 -14"><span class='ocrx_word' id='word_1_352' title='bbox 322 2527 549 2562; x_wconf 85' lang='lat' dir='ltr'>accumbunt.</span> <span class='ocrx_word' id='word_1_353' title='bbox 609 2529 731 2563; x_wconf 82' lang='lat' dir='ltr'>Altero</span> <span class='ocrx_word' id='word_1_354' title='bbox 767 2529 825 2561; x_wconf 88' lang='lat' dir='ltr'>die</span> <span class='ocrx_word' id='word_1_355' title='bbox 861 2534 944 2574; x_wconf 81' lang='lat' dir='ltr'>post</span> <span class='ocrx_word' id='word_1_356' title='bbox 978 2528 1179 2562; x_wconf 81' lang='lat' dir='ltr'>celebratur</span> <span class='ocrx_word' id='word_1_357' title='bbox 1215 2537 1296 2558; x_wconf 85' lang='lat' dir='ltr'>cum</span> <span class='ocrx_word' id='word_1_358' title='bbox 1331 2526 1474 2560; x_wconf 73' lang='lat' dir='ltr'>‹leximo</span> <span class='ocrx_word' id='word_1_359' title='bbox 1512 2536 1575 2558; x_wconf 88' lang='lat' dir='ltr'>seu</span> <span class='ocrx_word' id='word_1_360' title='bbox 1609 2524 1753 2558; x_wconf 77' lang='lat' dir='ltr'>solenni</span> 
     </span>
     <span class='ocr_line' id='line_1_42' title="bbox 278 2571 1753 2648; baseline -0.003 -38"><span class='ocrx_word' id='word_1_361' title='bbox 278 2579 303 2610; x_wconf 86' lang='lat'>&gt;</span> <span class='ocrx_word' id='word_1_362' title='bbox 322 2575 559 2608; x_wconf 84' lang='lat' dir='ltr'>salutantium</span> <span class='ocrx_word' id='word_1_363' title='bbox 584 2579 621 2607; x_wconf 86' lang='lat' dir='ltr'>et</span> <span class='ocrx_word' id='word_1_364' title='bbox 644 2576 900 2621; x_wconf 79' lang='lat' dir='ltr'>gratulantium</span> <span class='ocrx_word' id='word_1_365' title='bbox 926 2575 1137 2619; x_wconf 83' lang='lat' dir='ltr'>exceptione</span> <span class='ocrx_word' id='word_1_366' title='bbox 1174 2573 1415 2607; x_wconf 82' lang='lat' dir='ltr'>autocratoria</span> <span class='ocrx_word' id='word_1_367' title='bbox 1454 2582 1517 2605; x_wconf 87' lang='lat' dir='ltr'>seu</span> <span class='ocrx_word' id='word_1_368' title='bbox 1541 2571 1673 2604; x_wconf 83' lang='lat' dir='ltr'>natalis</span> <span class='ocrx_word' id='word_1_369' title='bbox 1698 2571 1753 2648; x_wconf 52' lang='lat' dir='ltr'>plii</span> 
     </span>
     <span class='ocr_line' id='line_1_43' title="bbox 322 2617 1752 2668; baseline -0.003 -15"><span class='ocrx_word' id='word_1_370' title='bbox 322 2622 361 2654; x_wconf 91' lang='lat' dir='ltr'>in</span> <span class='ocrx_word' id='word_1_371' title='bbox 387 2621 528 2655; x_wconf 82' lang='lat' dir='ltr'>Christo</span> <span class='ocrx_word' id='word_1_372' title='bbox 555 2623 700 2668; x_wconf 88' lang='lat' dir='ltr'>imperii</span> <span class='ocrx_word' id='word_1_373' title='bbox 733 2622 896 2656; x_wconf 82' lang='lat' dir='ltr'>fidelium</span> <span class='ocrx_word' id='word_1_374' title='bbox 931 2624 1190 2666; x_wconf 84' lang='lat' dir='ltr'>Imperatorum</span> <span class='ocrx_word' id='word_1_375' title='bbox 1216 2620 1347 2652; x_wconf 75' lang='lat' dir='ltr'>Leoni³</span> <span class='ocrx_word' id='word_1_376' title='bbox 1374 2625 1412 2652; x_wconf 85' lang='lat' dir='ltr'>et</span> <span class='ocrx_word' id='word_1_377' title='bbox 1434 2617 1650 2660; x_wconf 78' lang='lat' dir='ltr'>Alexandri3</span> <span class='ocrx_word' id='word_1_378' title='bbox 1683 2627 1703 2649; x_wconf 81' lang='lat' dir='ltr'>a</span> <span class='ocrx_word' id='word_1_379' title='bbox 1733 2636 1752 2643; x_wconf 88' lang='lat'><em>-</em></span> 
     </span>
     <span class='ocr_line' id='line_1_44' title="bbox 322 2661 1752 2721; baseline -0.003 -21"><span class='ocrx_word' id='word_1_380' title='bbox 322 2668 515 2721; x_wconf 80' lang='lat' dir='ltr'>solutoque</span> <span class='ocrx_word' id='word_1_381' title='bbox 541 2680 620 2709; x_wconf 77' lang='lat' dir='ltr'>eum</span> <span class='ocrx_word' id='word_1_382' title='bbox 646 2670 857 2703; x_wconf 82' lang='lat' dir='ltr'>solennibus</span> <span class='ocrx_word' id='word_1_383' title='bbox 885 2669 1090 2702; x_wconf 80' lang='lat' dir='ltr'>cerimoniis</span> <span class='ocrx_word' id='word_1_384' title='bbox 1116 2666 1278 2706; x_wconf 82' lang='lat' dir='ltr'>deximo,</span> <span class='ocrx_word' id='word_1_385' title='bbox 1316 2677 1437 2701; x_wconf 87' lang='lat' dir='ltr'>rursus</span> <span class='ocrx_word' id='word_1_386' title='bbox 1461 2663 1669 2710; x_wconf 83' lang='lat' dir='ltr'>praesident</span> <span class='ocrx_word' id='word_1_387' title='bbox 1697 2661 1752 2708; x_wconf 82' lang='lat' dir='ltr'>pii</span> 
     </span>
     <span class='ocr_line' id='line_1_45' title="bbox 322 2709 1752 2760; baseline -0.003 -13"><span class='ocrx_word' id='word_1_388' title='bbox 322 2715 469 2749; x_wconf 85' lang='lat' dir='ltr'>Domim</span> <span class='ocrx_word' id='word_1_389' title='bbox 494 2716 533 2750; x_wconf 87' lang='lat' dir='ltr'>in</span> <span class='ocrx_word' id='word_1_390' title='bbox 556 2715 688 2750; x_wconf 83' lang='lat' dir='ltr'>throno</span> <span class='ocrx_word' id='word_1_391' title='bbox 715 2716 891 2749; x_wconf 81' lang='lat' dir='ltr'>auxilium</span> <span class='ocrx_word' id='word_1_392' title='bbox 915 2713 1162 2760; x_wconf 80' lang='lat' dir='ltr'>flagitantibus</span> <span class='ocrx_word' id='word_1_393' title='bbox 1198 2713 1360 2749; x_wconf 81' lang='lat' dir='ltr'>oblatum</span> <span class='ocrx_word' id='word_1_394' title='bbox 1386 2718 1422 2746; x_wconf 78' lang='lat' dir='ltr'>et</span> <span class='ocrx_word' id='word_1_395' title='bbox 1443 2711 1602 2757; x_wconf 78' lang='lat' dir='ltr'>praemia</span> <span class='ocrx_word' id='word_1_396' title='bbox 1635 2709 1752 2744; x_wconf 78' lang='lat' dir='ltr'>hono-</span> 
     </span>
    </p>
   </div>
   <div class='ocr_carea' id='block_1_5' title="bbox 1835 1437 1878 3112">
    <p class='ocr_par' dir='ltr' id='par_1_5' title="bbox 1835 1437 1878 3112">
     <span class='ocr_line' id='line_1_46' title="bbox 1835 1437 1878 3112; baseline 0 0"><span class='ocrx_word' id='word_1_397' title='bbox 1835 1437 1878 3112; x_wconf 95' lang='lat' dir='ltr'> </span> 
     </span>
    </p>
   </div>
  </div>
 </body>
</html>
