1878 3112
269 110 382 167 628
538 126 899 171 coNsrAmlm
941 123 1429 167 PORPHYROGENITI

268 231 472 284 καίσαρος
498 228 558 279 εἷς
585 226 632 269 τὸ
664 228 811 282 σχῆμα
837 228 910 282 τῆς
933 228 1177 280 βασιλείας,
1216 226 1411 281 ἐποίησεν
1439 220 1584 276 οὕτως.
1637 242 1714 280 με·

268 295 444 349 τεστάλη
473 292 496 336 ὅ
525 294 790 349 πατριάρχης
827 295 901 335 καί
934 291 973 334 οῖ
999 294 1071 348 τῆς
1107 291 1339 347 συγκλήτου
1377 288 1539 342 πάντες.
1592 292 1665 336 καὶ
1691 293 1716 335 ὅ

269 361 348 415 μὲν
385 356 650 414 πατριάρχης
689 358 881 414 εἰσῆλθεν
922 356 1028 413 πρὸς
1065 355 1138 399 τὸν
1164 358 1373 412 βασιλέα,
1413 355 1617 413 παρόντος
1645 360 1719 400 καί

272 426 595 469 Κωνσταντίνου
627 421 834 466 δεσπότου
873 426 950 466 τοῦ
993 423 1126 465 αὐτοῦ
1151 426 1322 479 γνησίου
1353 424 1560 480 ἀδελφοῦ.
1614 423 1641 479 ἧ
1670 425 1718 465 δὲ

272 489 375 546 εὖχὴ
405 491 562 545 ἐγένετο
593 490 638 532 ἒν
665 491 722 548 τῷ
753 489 855 548 ἁγίῳ
884 486 1082 547 Στεφάνῳ
1110 490 1185 544 τῆς
1212 486 1409 546 Δάφνης,
1441 488 1515 532 καὶ
1539 487 1744 547 ἒπῄρθη,5

274 553 374 613 ὅπερ
404 552 551 613 ἐφόρει
581 557 859 610 καμελαύκιον
890 553 911 598 ὁ
940 561 1116 611 καῖσαρ,
1147 553 1228 596 άπὸ
1257 558 1330 610 τῆς
1356 557 1542 612 κεφαλῆς
1570 556 1718 609 αὐτοῦ,

272 625 345 666 καί
388 623 610 678 περιετέθη
651 618 765 678 αὐτῷ
788 621 829 663 '0‘
867 620 1085 676 βασιλικὸς
1125 624 1355 677 στέφανος,
1399 623 1542 675 Δαβίδ
1577 622 1624 662 δὲ
1662 622 1721 678 τῷ

277 686 454 747 δεσπότῃ
491 686 638 744 ἐτέρας
665 684 795 743 εὗχῆς
822 690 1068 743 γενομένης,
1110 685 1311 742 ἀνήγαγεν
1338 688 1398 738 εἷς
1425 685 1502 743 τὴν
1525 687 1602 730 τοῦ
1629 689 1722 728 καί-

84 771 192 808 1341„
204 771 269 806 363
281 771 410 813 σαρος
457 755 599 809 α’ξίαν,
648 756 810 803 ἐπιθείς
839 756 954 811 αὐτῷ
981 752 1026 796 τὸ
1060 751 1164 795 αὐτὸ
1192 751 1486 806 καμελαύκιον.
1539 748 1617 794 εἶθ’
1646 750 1722 794 οῧ-

81 834 364 873 Με.αι3.ατως
411 819 726 876 μετεστάλησαν
762 819 868 862 κατά
911 818 956 863 τὸ
987 819 1086 870 ἔθος
1123 821 1163 862 οἱ
1200 817 1463 870 ἐνδοξότατοι
1490 818 1699 876 πατρίκιοι
1710 841 1777 874 ,to

278 891 353 931 καί
384 887 582 943 εἰσῆλθον
621 889 665 930 ἐν
705 888 764 945 τῷ
792 887 1050 945 αὕγουστέᾳ,
1092 888 1165 928 καί
1203 887 1395 937 ἐδέξαντο
1422 883 1495 928 τόν
1521 901 1567 928 τε
1593 887 1725 942 μέγαν

278 955 482 1011 βασιλέα,
529 951 682 1006 ὁμοίως
720 954 794 995 καί
826 951 926 1002 τούς
963 953 1096 995 αὕτοῦ
1123 950 1266 1004 υἱούς,
1305 949 1509 1009 παρόντος
1545 952 1619 994 καὶ
1647 952 1726 995 τοῦ

281 1021 496 1075 καίσαρος.
550 1017 672 1073 ἡνίκα
695 1013 771 1061 οὖν
798 1021 975 1075 ἐξῆλθον
1001 1018 1150 1068 πάντες
1179 1017 1218 1061 οἶ
1247 1016 1330 1061 α’πό
1349 1015 1520 1060 ὑπάτων
1546 1016 1621 1060 καί
1647 1019 1727 1067 ἕως

282 1087 367 1128 ταῖν
394 1086 679 1140 ἰλλουστρίων,
709 1083 888 1140 ἔστησαν
916 1086 976 1133 εἷς
1002 1084 1055 1127 τὰ
1084 1081 1293 1141 γραδὴλια
1320 1085 1392 1140 τῆς
1419 1079 1558 1139 ἆρέας.
1613 1083 1728 1138 η’νοί-

280 1153 452 1206 χθησαν
488 1151 535 1191 δὲ
574 1148 648 1192 καί
684 1149 729 1192 αἱ
763 1149 894 1192 πύλαι
931 1152 1007 1192 τοῦ
1039 1145 1227 1206 ἅρματος
1261 1151 1336 1191 καί
1370 1150 1566 1204 εἰσῆλθον
1591 1144 1781 1200 πάνται5

284 1215 339 1258 τά
368 1217 489 1271 σι’γνα
529 1218 605 1257 καί
645 1216 691 1258 αἱ
726 1217 880 1270 σχολαί
915 1218 990 1258 καί
1025 1216 1064 1257 οἱ
1103 1218 1242 1271 δῆμοι.
1296 1217 1546 1270 συνεξῆλθεν
1574 1216 1621 1257 δὲ
1649 1213 1730 1256 αὖ-

284 1288 371 1333 τοῖς
404 1284 478 1324 καί
503 1281 526 1324 ὅ
557 1279 847 1338 πατριάρχης,
885 1281 958 1324 καί
994 1279 1158 1324 πάντων
1186 1279 1531 1338 εὖφημησάντων,
1570 1277 1730 1329 εὖθέως

289 1347 416 1406 ἀπῄει
443 1350 488 1391 ἐν
513 1351 566 1406 τῇ
594 1349 801 1406 ἁγιωτάτῃ
829 1347 988 1406 μεγάλῃ
1015 1349 1208 1406 ἐκκλησίᾳ
1233 1346 1340 1402 μετὰ
1366 1349 1448 1389 ταῖν
1473 1347 1622 1388 τέκνων
1650 1345 1732 1388 αὖ-

254 1418 392 1469 Βτοῦ,
433 1416 507 1461 καὶ
535 1412 671 1458 πάντα
699 1414 805 1457 κατὰ
835 1413 882 1456 τὸ
917 1413 1015 1464 ἔθος
1042 1415 1197 1469 ἐγένετο
1225 1412 1300 1456 καὶ
1316 1415 1361 1456 ἐν
1387 1414 1439 1471 τῇ
1466 1414 1575 1470 αὐτῇ
1599 1410 1732 1468 μεγά-

288 1484 340 1538 λῃ
366 1480 571 1539 ἐκκλησίᾳ.
1735 1490 1787 1530 20

897 1560 1036 1601 ΚΕΦ.
1064 1556 1137 1613 κη’.

540 1639 642 1684 Περὶ
666 1637 884 1683 προκένσου
907 1638 975 1671 τοῦ
1004 1636 1045 1671 ἐν
1068 1638 1111 1682 τῇ
1134 1635 1280 1682 μεγάλῃ
1305 1634 1494 1681 ἐκκλησίᾳ.

406 1701 503 1760 Χρὴ
531 1705 699 1758 εἰδέναι,
729 1704 786 1755 ὦς
815 1706 869 1761 τῇ
897 1702 1039 1762 πρώτῃ
1067 1705 1143 1745 τοῦ
1166 1699 1450 1758 Ἰαννουαρίου
1477 1700 1625 1757 μηνὸς,
1654 1702 1735 1744 ι’νδ.

298 1807 581 1842 Arcessebantur
617 1805 817 1850 patriarcha
854 1810 1028 1851 totusque
1064 1810 1221 1840 senatus.
1281 1804 1485 1839 Patriarcha
1509 1804 1555 1838 ad
1578 1803 1737 1849 Impera-

296 1858 411 1888 torem
437 1852 695 1894 conveniebat,
731 1858 920 1898 praesente
946 1854 1022 1886 eius
1059 1852 1233 1899 [Heraclii
1257 1851 1430 1899 Iunioris]
1468 1851 1606 1891 fratre,
1639 1850 1737 1884 Con-

297 1902 458 1934 stantino
498 1900 659 1944 despota.
719 1900 841 1934 Oratio
876 1905 914 1933 et
943 1900 1152 1934 benedictio
1190 1910 1297 1944 super
1333 1898 1486 1932 creando
1515 1899 1741 1942 Imperatore

297 1947 412 1981 fiebat
435 1948 474 1979 in
494 1946 583 1981 aede
609 1947 642 1980 S.
668 1946 843 1991 Stephani
871 1946 1053 1991 Daphnes.
1087 1947 1179 1980 Tum
1205 1945 1446 1980 aufferebatur
1468 1945 1738 1983 camelaucium,

300 1994 400 2039 quod
431 1994 586 2033 Caesar,
619 1993 828 2033 Heraclius,
860 1994 1030 2038 gerebat,
1065 2005 1109 2026 ex
1135 1994 1212 2026 eius
1238 1993 1378 2036 capite,
1416 1997 1454 2024 et
1487 1992 1738 2034 circumpone-

298 2039 407 2073 batur
439 2041 510 2085 ipsi
541 2051 672 2073 corona
698 2041 904 2083 imperialis.
961 2040 1057 2073 Illud
1082 2041 1199 2084 ipsum
1224 2050 1307 2072 vero
1333 2038 1589 2071 camelaucium
1618 2038 1738 2080 impo-

300 2085 415 2120 nebat
447 2086 650 2131 patriarcha
686 2085 816 2118 Davidi
857 2086 1046 2130 despotae‚
1082 2086 1194 2119 altera
1225 2085 1400 2128 peculiari
1434 2094 1516 2116 eum
1549 2084 1588 2116 in
1629 2083 1739 2115 finem

301 2131 399 2165 dicta
424 2134 611 2174 oratione3
649 2143 764 2177 eoque
789 2132 900 2164 fiebat
923 2133 952 2164 is
976 2133 1115 2165 Caesar.
1174 2133 1225 2164 Eo
1258 2132 1350 2164 facto
1384 2129 1658 2163 arcessebantur
1689 2128 1740 2160 il-

299 2178 509 2212 lustrissimi
543 2179 687 2222 patricii
733 2189 796 2221 pro
828 2188 949 2217 more,
979 2179 1042 2223 qui
1066 2182 1276 2223 augusteum
1301 2176 1451 2220 ingressi
1475 2186 1642 2220 magnum
1666 2176 1740 2208 Im-

304 2230 509 2270 peratorem
531 2231 567 2258 et
589 2226 665 2257 eius
691 2224 798 2263 filios,
818 2225 997 2257 iuniorem
1023 2225 1278 2269 Imperatorem
1300 2228 1409 2267 atque
1441 2221 1628 2256 Caesarem
1643 2246 1654 2262 ‚
1675 2231 1741 2255 ve-

306 2271 539 2305 nerabantur.
595 2272 732 2315 Egressi
767 2269 936 2313 deinceps
973 2281 1095 2303 omnes
1129 2282 1149 2303 a
1181 2268 1390 2303 consulibus
1428 2269 1514 2303 inde
1548 2279 1664 2314 usque
1696 2266 1753 2301 ad.

309 2318 469 2352 illustres
495 2316 744 2351 consistebant
767 2317 805 2349 in
829 2316 997 2360 gradibus
1031 2327 1159 2358 areae3
1193 2316 1449 2361 aperiebantur
1479 2320 1604 2360 portae
1627 2326 1742 2348 arma-

306 2365 374 2406 tis,
408 2370 445 2398 et
469 2363 654 2398 intrabant
677 2364 797 2397 omnia
823 2364 922 2407 signa
950 2368 987 2396 et
1016 2363 1159 2397 scholae
1184 2368 1221 2396 et
1245 2362 1432 2399 factiones.
1479 2362 1596 2395 Simul
1621 2360 1745 2396 exibat

307 2422 455 2465 quoque
492 2409 697 2455 patriarcha
737 2420 815 2442 cum
851 2410 1069 2453 Imperatore
1109 2415 1147 2443 et
1182 2410 1258 2443 eius
1296 2409 1405 2449 filiis,
1437 2412 1475 2442 et
1512 2408 1580 2442 sub
1616 2408 1743 2441 faustis

306 2469 470 2492 omnium
493 2456 808 2491 acclamationibus
844 2455 970 2490 abibat
993 2457 1165 2491 continuo
1194 2456 1233 2489 in
1261 2466 1424 2502 magnam
1447 2454 1656 2497 ecclesiam,
1677 2454 1744 2489 ubi

306 2506 444 2550 pariter
478 2504 601 2539 omnia
625 2514 670 2538 ex
695 2503 769 2537 ritu
801 2502 948 2536 fiebant.

934 2569 1030 2605 CAP.
1062 2571 1118 2606 28-

627 2641 681 2676 De
702 2641 933 2687 processione
957 2641 998 2674 ἰη
1021 2651 1189 2686 magnam
1212 2640 1414 2675 ecclesiam.

405 2709 573 2747 Calendis
596 2710 792 2754 Ianuariis,
830 2709 1032 2746 indictione
1060 2708 1272 2745 duodecima
1287 2734 1297 2753 ,
1332 2708 1386 2760 [A.
1409 2708 1448 2745 C.
1467 2706 1561 2759 639]
1588 2707 1758 2762 faciebat.
