<?xml version="1.0" encoding="UTF-8"?>
<!DOCTYPE html PUBLIC "-//W3C//DTD XHTML 1.0 Transitional//EN"
    "http://www.w3.org/TR/xhtml1/DTD/xhtml1-transitional.dtd">
<html xmlns="http://www.w3.org/1999/xhtml" xml:lang="en" lang="en">
 <head>
  <title>
</title>
<meta http-equiv="Content-Type" content="text/html;charset=utf-8" />
  <meta name='ocr-system' content='tesseract 3.04.00' />
  <meta name='ocr-capabilities' content='ocr_page ocr_carea ocr_par ocr_line ocrx_word'/>
</head>
<body>
  <div class='ocr_page' id='page_1' title='image "./corpusscriptorum07niebuoft_0082.png"; bbox 0 0 1832 3112; ppageno 0'>
   <div class='ocr_carea' id='block_1_1' title="bbox 301 86 1492 145">
    <p class='ocr_par' dir='ltr' id='par_1_1' title="bbox 301 86 1492 145">
     <span class='ocr_line' id='line_1_1' title="bbox 301 86 1492 145; baseline -0.003 -4"><span class='ocrx_word' id='word_1_1' title='bbox 301 107 319 141; x_wconf 89' lang='lat'>1</span> <span class='ocrx_word' id='word_1_2' title='bbox 331 86 365 142; x_wconf 88' lang='lat'>6</span> <span class='ocrx_word' id='word_1_3' title='bbox 563 101 917 145; x_wconf 79' lang='lat' dir='ltr'>CONSTANTlNl</span> <span class='ocrx_word' id='word_1_4' title='bbox 969 98 1450 142; x_wconf 79' lang='lat' dir='ltr'>PORPHYROGENlTl</span> <span class='ocrx_word' id='word_1_5' title='bbox 1487 113 1492 117; x_wconf 92' lang='lat'><em>-</em></span> 
     </span>
    </p>
   </div>
   <div class='ocr_carea' id='block_1_2' title="bbox 264 198 1832 1890">
    <p class='ocr_par' dir='ltr' id='par_1_2' title="bbox 264 198 1832 1890">
     <span class='ocr_line' id='line_1_2' title="bbox 296 198 1723 263; baseline -0.006 -16"><span class='ocrx_word' id='word_1_6' title='bbox 296 208 341 248; x_wconf 75' lang='grc' dir='ltr'><em>ἐν</em></span> <span class='ocrx_word' id='word_1_7' title='bbox 362 198 395 263; x_wconf 66' lang='grc' dir='ltr'><em>«ᾗ</em></span> <span class='ocrx_word' id='word_1_8' title='bbox 422 204 636 261; x_wconf 80' lang='grc' dir='ltr'><em>ΐδρυταιῆ</em></span> <span class='ocrx_word' id='word_1_9' title='bbox 661 204 887 257; x_wconf 81' lang='grc' dir='ltr'><em>διὰχρυσος</em></span> <span class='ocrx_word' id='word_1_10' title='bbox 923 201 1019 255; x_wconf 53' lang='lat' dir='ltr'><strong>&amp;tyla</strong></span> <span class='ocrx_word' id='word_1_11' title='bbox 1053 200 1303 256; x_wconf 76' lang='grc' dir='ltr'><em>σταύρωσις,</em></span> <span class='ocrx_word' id='word_1_12' title='bbox 1333 199 1404 242; x_wconf 83' lang='grc' dir='ltr'><em>καί</em></span> <span class='ocrx_word' id='word_1_13' title='bbox 1434 198 1558 242; x_wconf 80' lang='grc' dir='ltr'><em>πάλιν</em></span> <span class='ocrx_word' id='word_1_14' title='bbox 1593 199 1723 241; x_wconf 80' lang='grc' dir='ltr'><em>ε’κεῖσε</em></span> 
     </span>
     <span class='ocr_line' id='line_1_3' title="bbox 294 264 1725 321; baseline -0.005 -8"><span class='ocrx_word' id='word_1_15' title='bbox 294 269 399 313; x_wconf 77' lang='grc' dir='ltr'><em>κατὰ</em></span> <span class='ocrx_word' id='word_1_16' title='bbox 437 269 484 311; x_wconf 86' lang='grc' dir='ltr'><em>τὸ</em></span> <span class='ocrx_word' id='word_1_17' title='bbox 518 267 666 318; x_wconf 73' lang='grc' dir='ltr'><em>εἰωθός</em></span> <span class='ocrx_word' id='word_1_18' title='bbox 694 267 765 309; x_wconf 83' lang='grc' dir='ltr'><em>διὰ</em></span> <span class='ocrx_word' id='word_1_19' title='bbox 797 268 870 321; x_wconf 83' lang='grc' dir='ltr'><em>τῆς</em></span> <span class='ocrx_word' id='word_1_20' title='bbox 895 268 1064 321; x_wconf 77' lang='grc' dir='ltr'><em>τρισσῆς</em></span> <span class='ocrx_word' id='word_1_21' title='bbox 1093 265 1199 318; x_wconf 78' lang='grc' dir='ltr'><em>μετα</em></span> <span class='ocrx_word' id='word_1_22' title='bbox 1228 268 1310 308; x_wconf 74' lang='grc' dir='ltr'><em>τῶν</em></span> <span class='ocrx_word' id='word_1_23' title='bbox 1334 266 1470 321; x_wconf 72' lang='grc' dir='ltr'><em>κηρῶν</em></span> <span class='ocrx_word' id='word_1_24' title='bbox 1495 264 1725 320; x_wconf 84' lang='grc' dir='ltr'><em>προσκυνή-</em></span> 
     </span>
     <span class='ocr_line' id='line_1_4' title="bbox 293 328 1725 388; baseline -0.006 -10"><span class='ocrx_word' id='word_1_25' title='bbox 293 351 397 385; x_wconf 88' lang='grc' dir='ltr'><em>σεως</em></span> <span class='ocrx_word' id='word_1_26' title='bbox 436 331 791 387; x_wconf 77' lang='grc' dir='ltr'><em>ἆπευχαριστοῦσι</em></span> <span class='ocrx_word' id='word_1_27' title='bbox 813 333 868 388; x_wconf 78' lang='grc' dir='ltr'><em>τῷ</em></span> <span class='ocrx_word' id='word_1_28' title='bbox 901 333 993 388; x_wconf 75' lang='grc' dir='ltr'><em>Θεῷ</em></span> <span class='ocrx_word' id='word_1_29' title='bbox 1007 365 1020 383; x_wconf 93' lang='grc'><em>,</em></span> <span class='ocrx_word' id='word_1_30' title='bbox 1048 330 1120 372; x_wconf 80' lang='grc' dir='ltr'><em>καὶ</em></span> <span class='ocrx_word' id='word_1_31' title='bbox 1150 332 1393 373; x_wconf 79' lang='grc' dir='ltr'><em>ἐπιδίδωσιν</em></span> <span class='ocrx_word' id='word_1_32' title='bbox 1416 329 1439 370; x_wconf 82' lang='grc' dir='ltr'>ὅ</span> <span class='ocrx_word' id='word_1_33' title='bbox 1462 328 1725 385; x_wconf 78' lang='grc' dir='ltr'><em>πατριάρχης</em></span> 
     </span>
     <span class='ocr_line' id='line_1_5' title="bbox 264 393 1725 459; baseline -0.005 -17"><span class='ocrx_word' id='word_1_34' title='bbox 264 404 355 459; x_wconf 72' lang='grc' dir='ltr'><em>Βτῷ</em></span> <span class='ocrx_word' id='word_1_35' title='bbox 380 399 547 457; x_wconf 75' lang='grc' dir='ltr'><em>μεγάλῳ</em></span> <span class='ocrx_word' id='word_1_36' title='bbox 569 401 739 451; x_wconf 83' lang='grc' dir='ltr'><em>βασιλεῖ’</em></span> <span class='ocrx_word' id='word_1_37' title='bbox 755 396 824 439; x_wconf 84' lang='grc' dir='ltr'><em>τὸν</em></span> <span class='ocrx_word' id='word_1_38' title='bbox 845 396 1065 450; x_wconf 80' lang='grc' dir='ltr'><em>θυμιατόν,</em></span> <span class='ocrx_word' id='word_1_39' title='bbox 1093 395 1166 438; x_wconf 76' lang='grc' dir='ltr'><em>καὶ</em></span> <span class='ocrx_word' id='word_1_40' title='bbox 1182 398 1319 453; x_wconf 73' lang='grc' dir='ltr'><em>θυμιᾷ</em></span> <span class='ocrx_word' id='word_1_41' title='bbox 1347 394 1424 450; x_wconf 75' lang='grc' dir='ltr'><em>τήν</em></span> <span class='ocrx_word' id='word_1_42' title='bbox 1452 393 1584 450; x_wconf 73' lang='grc' dir='ltr'><em>αὐτὴν</em></span> <span class='ocrx_word' id='word_1_43' title='bbox 1605 394 1725 448; x_wconf 79' lang='grc' dir='ltr'><em>ἇγιάν</em></span> 
     </span>
     <span class='ocr_line' id='line_1_6' title="bbox 297 456 1750 520; baseline -0.005 -13"><span class='ocrx_word' id='word_1_44' title='bbox 297 465 555 520; x_wconf 83' lang='grc' dir='ltr'><em>σταύρωσιν,</em></span> <span class='ocrx_word' id='word_1_45' title='bbox 600 461 672 504; x_wconf 79' lang='grc' dir='ltr'><em>καὶ</em></span> <span class='ocrx_word' id='word_1_46' title='bbox 705 456 987 515; x_wconf 74' lang='grc' dir='ltr'><em>ἀσπαζόμενοι</em></span> <span class='ocrx_word' id='word_1_47' title='bbox 1039 460 1112 504; x_wconf 87' lang='grc' dir='ltr'><em>τὸν</em></span> <span class='ocrx_word' id='word_1_48' title='bbox 1151 460 1413 517; x_wconf 82' lang='grc' dir='ltr'><em>πατριάρχην</em></span> <span class='ocrx_word' id='word_1_49' title='bbox 1458 459 1750 516; x_wconf 57' lang='grc' dir='ltr'><em>οἷποχαιρετιίὄ</em></span> 
     </span>
     <span class='ocr_line' id='line_1_7' title="bbox 297 525 1726 584; baseline -0.005 -11"><span class='ocrx_word' id='word_1_50' title='bbox 297 534 439 582; x_wconf 83' lang='grc' dir='ltr'><em>ζουσιν</em></span> <span class='ocrx_word' id='word_1_51' title='bbox 475 525 628 581; x_wconf 72' lang='grc' dir='ltr'><em>αὐτὸν,</em></span> <span class='ocrx_word' id='word_1_52' title='bbox 670 526 743 569; x_wconf 79' lang='grc' dir='ltr'><em>καί</em></span> <span class='ocrx_word' id='word_1_53' title='bbox 767 528 1047 583; x_wconf 48' lang='grc' dir='ltr'><em>εἰσέρχονται,</em></span> <span class='ocrx_word' id='word_1_54' title='bbox 1065 528 1111 568; x_wconf 81' lang='grc' dir='ltr'><em>ἐν</em></span> <span class='ocrx_word' id='word_1_55' title='bbox 1143 528 1201 584; x_wconf 78' lang='grc' dir='ltr'><em>τῷ</em></span> <span class='ocrx_word' id='word_1_56' title='bbox 1235 525 1316 581; x_wconf 82' lang='grc' dir='ltr'><em>πρὸ</em></span> <span class='ocrx_word' id='word_1_57' title='bbox 1353 529 1431 568; x_wconf 74' lang='grc' dir='ltr'><em>τοῦ</em></span> <span class='ocrx_word' id='word_1_58' title='bbox 1461 525 1726 582; x_wconf 80' lang='grc' dir='ltr'><em>μητατωρίου</em></span> 
     </span>
     <span class='ocr_line' id='line_1_8' title="bbox 296 588 1727 650; baseline -0.003 -14"><span class='ocrx_word' id='word_1_59' title='bbox 296 591 386 638; x_wconf 66' lang='grc' dir='ltr'><em>ὄντι</em></span> <span class='ocrx_word' id='word_1_60' title='bbox 411 588 623 650; x_wconf 71' lang='grc' dir='ltr'><em>εὗκτηρίῳ,</em></span> <span class='ocrx_word' id='word_1_61' title='bbox 641 592 807 634; x_wconf 84' lang='grc' dir='ltr'><em>κοῖκεΐσε</em></span> <span class='ocrx_word' id='word_1_62' title='bbox 830 592 901 634; x_wconf 72' lang='grc' dir='ltr'><em>διὰ</em></span> <span class='ocrx_word' id='word_1_63' title='bbox 921 594 995 647; x_wconf 83' lang='grc' dir='ltr'><em>τῆς</em></span> <span class='ocrx_word' id='word_1_64' title='bbox 1014 592 1181 647; x_wconf 83' lang='grc' dir='ltr'><em>τρισσῆς</em></span> <span class='ocrx_word' id='word_1_65' title='bbox 1204 589 1308 644; x_wconf 77' lang='grc' dir='ltr'><em>μετὰ</em></span> <span class='ocrx_word' id='word_1_66' title='bbox 1330 593 1415 634; x_wconf 74' lang='grc' dir='ltr'><em>τῶν</em></span> <span class='ocrx_word' id='word_1_67' title='bbox 1440 591 1577 648; x_wconf 76' lang='grc' dir='ltr'><em>κηρῶν</em></span> <span class='ocrx_word' id='word_1_68' title='bbox 1596 604 1727 646; x_wconf 87' lang='grc' dir='ltr'><em>προσ·-</em></span> 
     </span>
     <span class='ocr_line' id='line_1_9' title="bbox 295 654 1727 715; baseline -0.003 -13"><span class='ocrx_word' id='word_1_69' title='bbox 295 656 499 715; x_wconf 82' lang='grc' dir='ltr'><em>κυνὴσεως</em></span> <span class='ocrx_word' id='word_1_70' title='bbox 532 658 910 712; x_wconf 76' lang='grc' dir='ltr'><em>α’πευχαριοτοῦσιν</em></span> <span class='ocrx_word' id='word_1_71' title='bbox 953 658 1011 714; x_wconf 77' lang='grc' dir='ltr'><em>τῷ</em></span> <span class='ocrx_word' id='word_1_72' title='bbox 1048 658 1164 714; x_wconf 75' lang='grc' dir='ltr'><em>Θεῷ,</em></span> <span class='ocrx_word' id='word_1_73' title='bbox 1215 659 1288 698; x_wconf 79' lang='grc' dir='ltr'><em>καί</em></span> <span class='ocrx_word' id='word_1_74' title='bbox 1333 655 1615 710; x_wconf 77' lang='grc' dir='ltr'><em>ἆσπαζόμενοι</em></span> <span class='ocrx_word' id='word_1_75' title='bbox 1653 654 1727 698; x_wconf 86' lang='grc' dir='ltr'><em>τόν</em></span> 
     </span>
     <span class='ocr_line' id='line_1_10' title="bbox 293 715 1729 779; baseline -0.003 -14"><span class='ocrx_word' id='word_1_76' title='bbox 293 724 430 777; x_wconf 65' lang='grc' dir='ltr'><em>τιζαιον</em></span> <span class='ocrx_word' id='word_1_77' title='bbox 454 721 657 778; x_wconf 80' lang='grc' dir='ltr'><em>σταυρόν,</em></span> <span class='ocrx_word' id='word_1_78' title='bbox 686 724 730 764; x_wconf 79' lang='grc' dir='ltr'><em>ἐν</em></span> <span class='ocrx_word' id='word_1_79' title='bbox 751 715 782 779; x_wconf 77' lang='grc' dir='ltr'><em>ᾧ</em></span> <span class='ocrx_word' id='word_1_80' title='bbox 807 721 938 763; x_wconf 79' lang='grc' dir='ltr'><em>πάντα</em></span> <span class='ocrx_word' id='word_1_81' title='bbox 960 722 1010 764; x_wconf 80' lang='grc' dir='ltr'><em>τὰ</em></span> <span class='ocrx_word' id='word_1_82' title='bbox 1037 721 1230 775; x_wconf 72' lang='grc' dir='ltr'><em>σύμβολα</em></span> <span class='ocrx_word' id='word_1_83' title='bbox 1252 723 1326 763; x_wconf 80' lang='grc' dir='ltr'><em>τοῦ</em></span> <span class='ocrx_word' id='word_1_84' title='bbox 1351 717 1513 770; x_wconf 78' lang='grc' dir='ltr'><em>πάθους</em></span> <span class='ocrx_word' id='word_1_85' title='bbox 1534 722 1611 762; x_wconf 81' lang='grc' dir='ltr'><em>τοῦ</em></span> <span class='ocrx_word' id='word_1_86' title='bbox 1632 722 1729 762; x_wconf 86' lang='grc' dir='ltr'><em>Κυ-</em></span> 
     </span>
     <span class='ocr_line' id='line_1_11' title="bbox 296 786 1819 845; baseline 0 -15"><span class='ocrx_word' id='word_1_87' title='bbox 296 791 389 845; x_wconf 74' lang='grc' dir='ltr'><em>ρίου</em></span> <span class='ocrx_word' id='word_1_88' title='bbox 412 787 532 842; x_wconf 75' lang='grc' dir='ltr'><em>ἡμῶν</em></span> <span class='ocrx_word' id='word_1_89' title='bbox 554 789 626 828; x_wconf 83' lang='grc' dir='ltr'><em>καί</em></span> <span class='ocrx_word' id='word_1_90' title='bbox 647 787 770 839; x_wconf 82' lang='grc' dir='ltr'><em>Θεοῦ,</em></span> <span class='ocrx_word' id='word_1_91' title='bbox 798 787 1053 842; x_wconf 85' lang='grc' dir='ltr'><em>ε’μφέρονται</em></span> <span class='ocrx_word' id='word_1_92' title='bbox 1075 788 1147 828; x_wconf 82' lang='grc' dir='ltr'>καί</span> <span class='ocrx_word' id='word_1_93' title='bbox 1170 787 1431 842; x_wconf 78' lang='grc' dir='ltr'><em>εἰσέρχονται</em></span> <span class='ocrx_word' id='word_1_94' title='bbox 1450 786 1496 828; x_wconf 80' lang='grc' dir='ltr'><em>έν</em></span> <span class='ocrx_word' id='word_1_95' title='bbox 1518 787 1574 842; x_wconf 75' lang='grc' dir='ltr'><em>τῷ</em></span> <span class='ocrx_word' id='word_1_96' title='bbox 1592 801 1781 840; x_wconf 79' lang='grc' dir='ltr'><em>μητα-ιο</em></span> <span class='ocrx_word' id='word_1_97' title='bbox 1815 791 1819 793; x_wconf 51' lang='grc'><strong>“</strong></span> 
     </span>
     <span class='ocr_line' id='line_1_12' title="bbox 294 848 1731 910; baseline -0.003 -13"><span class='ocrx_word' id='word_1_98' title='bbox 294 856 447 910; x_wconf 76' lang='grc' dir='ltr'><em>τωρίῳ.</em></span> <span class='ocrx_word' id='word_1_99' title='bbox 504 854 625 909; x_wconf 88' lang='grc' dir='ltr'><em>(ΙΑ.)</em></span> <span class='ocrx_word' id='word_1_100' title='bbox 648 849 753 894; x_wconf 70' lang='lat' dir='ltr'><strong>“Ore</strong></span> <span class='ocrx_word' id='word_1_101' title='bbox 779 853 826 893; x_wconf 82' lang='grc' dir='ltr'><em>δὲ</em></span> <span class='ocrx_word' id='word_1_102' title='bbox 847 853 1047 905; x_wconf 88' lang='grc' dir='ltr'><em>μέλλουσι</em></span> <span class='ocrx_word' id='word_1_103' title='bbox 1065 850 1115 894; x_wconf 78' lang='grc' dir='ltr'><em>τὰ</em></span> <span class='ocrx_word' id='word_1_104' title='bbox 1150 849 1252 906; x_wconf 73' lang='grc' dir='ltr'><em>ἅγια</em></span> <span class='ocrx_word' id='word_1_105' title='bbox 1281 852 1396 907; x_wconf 78' lang='grc' dir='ltr'><em>δῶρα</em></span> <span class='ocrx_word' id='word_1_106' title='bbox 1424 853 1475 908; x_wconf 80' lang='grc' dir='ltr'><em>τῇ</em></span> <span class='ocrx_word' id='word_1_107' title='bbox 1502 848 1599 909; x_wconf 73' lang='grc' dir='ltr'><em>ἁγίᾳ</em></span> <span class='ocrx_word' id='word_1_108' title='bbox 1628 866 1731 906; x_wconf 87' lang='grc' dir='ltr'><em>τρα-</em></span> 
     </span>
     <span class='ocr_line' id='line_1_13' title="bbox 295 913 1732 977; baseline -0.003 -15"><span class='ocrx_word' id='word_1_109' title='bbox 295 921 398 977; x_wconf 80' lang='grc' dir='ltr'><em>πέζῃ</em></span> <span class='ocrx_word' id='word_1_110' title='bbox 417 918 726 975; x_wconf 75' lang='grc' dir='ltr'><em>προσαχθῆναι,</em></span> <span class='ocrx_word' id='word_1_111' title='bbox 755 918 1014 973; x_wconf 81' lang='grc' dir='ltr'><em>εἰσέρχονται</em></span> <span class='ocrx_word' id='word_1_112' title='bbox 1041 916 1079 959; x_wconf 83' lang='grc' dir='ltr'><em>οἱ</em></span> <span class='ocrx_word' id='word_1_113' title='bbox 1100 917 1385 973; x_wconf 87' lang='grc' dir='ltr'><em>πραιπόσιτοι,</em></span> <span class='ocrx_word' id='word_1_114' title='bbox 1407 915 1480 958; x_wconf 81' lang='grc' dir='ltr'><em>καί</em></span> <span class='ocrx_word' id='word_1_115' title='bbox 1497 913 1732 970; x_wconf 70' lang='grc' dir='ltr'><em>ὑπομιμνή-</em></span> 
     </span>
     <span class='ocr_line' id='line_1_14' title="bbox 299 979 1732 1038; baseline -0.003 -10"><span class='ocrx_word' id='word_1_116' title='bbox 299 1000 448 1028; x_wconf 86' lang='grc' dir='ltr'><em>σκουσι</em></span> <span class='ocrx_word' id='word_1_117' title='bbox 481 982 579 1031; x_wconf 80' lang='grc' dir='ltr'><em>τοὺς</em></span> <span class='ocrx_word' id='word_1_118' title='bbox 617 981 841 1036; x_wconf 76' lang='grc' dir='ltr'><em>δεσπότας,</em></span> <span class='ocrx_word' id='word_1_119' title='bbox 882 984 955 1024; x_wconf 81' lang='grc' dir='ltr'><em>καί</em></span> <span class='ocrx_word' id='word_1_120' title='bbox 977 985 1259 1038; x_wconf 73' lang='grc' dir='ltr'><em>περιτιθέασιν</em></span> <span class='ocrx_word' id='word_1_121' title='bbox 1286 980 1442 1030; x_wconf 68' lang='grc' dir='ltr'><em>αὖτοὺς</em></span> <span class='ocrx_word' id='word_1_122' title='bbox 1469 981 1545 1031; x_wconf 81' lang='grc' dir='ltr'><em>τὰς</em></span> <span class='ocrx_word' id='word_1_123' title='bbox 1569 979 1732 1024; x_wconf 73' lang='grc' dir='ltr'><em>ἑαυτῶν</em></span> 
     </span>
     <span class='ocr_line' id='line_1_15' title="bbox 298 1045 1727 1103; baseline -0.002 -12"><span class='ocrx_word' id='word_1_124' title='bbox 298 1048 577 1103; x_wconf 77' lang='grc' dir='ltr'><em>χλαμμύδας,</em></span> <span class='ocrx_word' id='word_1_125' title='bbox 622 1046 694 1090; x_wconf 80' lang='grc' dir='ltr'><em>καί</em></span> <span class='ocrx_word' id='word_1_126' title='bbox 730 1047 968 1103; x_wconf 73' lang='grc' dir='ltr'><em>ἐξέρχονται</em></span> <span class='ocrx_word' id='word_1_127' title='bbox 996 1046 1034 1089; x_wconf 84' lang='grc' dir='ltr'><em>οἱ</em></span> <span class='ocrx_word' id='word_1_128' title='bbox 1058 1048 1256 1090; x_wconf 86' lang='grc' dir='ltr'><em>δεσπόται</em></span> <span class='ocrx_word' id='word_1_129' title='bbox 1289 1046 1396 1101; x_wconf 80' lang='grc' dir='ltr'><em>μετὰ</em></span> <span class='ocrx_word' id='word_1_130' title='bbox 1422 1047 1506 1089; x_wconf 74' lang='grc' dir='ltr'><em>τῶν</em></span> <span class='ocrx_word' id='word_1_131' title='bbox 1532 1045 1727 1100; x_wconf 77' lang='grc' dir='ltr'><em>χλαμμύ-</em></span> 
     </span>
     <span class='ocr_line' id='line_1_16' title="bbox 265 1109 1832 1170; baseline -0.001 -14"><span class='ocrx_word' id='word_1_132' title='bbox 265 1116 385 1156; x_wconf 72' lang='grc' dir='ltr'><em>(Ξδων</em></span> <span class='ocrx_word' id='word_1_133' title='bbox 426 1114 564 1155; x_wconf 74' lang='grc' dir='ltr'><em>αὐτῶν</em></span> <span class='ocrx_word' id='word_1_134' title='bbox 607 1109 935 1166; x_wconf 80' lang='grc' dir='ltr'><em>ἆποσκέπαστοι,</em></span> <span class='ocrx_word' id='word_1_135' title='bbox 990 1112 1061 1155; x_wconf 77' lang='grc' dir='ltr'><em>καὶ</em></span> <span class='ocrx_word' id='word_1_136' title='bbox 1095 1115 1331 1170; x_wconf 84' lang='grc' dir='ltr'><em>διέρχονται</em></span> <span class='ocrx_word' id='word_1_137' title='bbox 1378 1111 1448 1154; x_wconf 78' lang='grc' dir='ltr'><em>διὰ</em></span> <span class='ocrx_word' id='word_1_138' title='bbox 1481 1114 1557 1154; x_wconf 78' lang='grc' dir='ltr'><em>τοῦ</em></span> <span class='ocrx_word' id='word_1_139' title='bbox 1593 1113 1784 1164; x_wconf 81' lang='grc' dir='ltr'><em>δεξιοῢι5</em></span> <span class='ocrx_word' id='word_1_140' title='bbox 1830 1133 1832 1138; x_wconf 72' lang='grc'><strong>’</strong></span> 
     </span>
     <span class='ocr_line' id='line_1_17' title="bbox 294 1174 1731 1235; baseline -0.001 -14"><span class='ocrx_word' id='word_1_141' title='bbox 294 1181 451 1235; x_wconf 87' lang='grc' dir='ltr'><em>μέρους</em></span> <span class='ocrx_word' id='word_1_142' title='bbox 476 1179 548 1233; x_wconf 79' lang='grc' dir='ltr'><em>τῆς</em></span> <span class='ocrx_word' id='word_1_143' title='bbox 581 1174 713 1233; x_wconf 76' lang='grc' dir='ltr'><em>αὖτῆς</em></span> <span class='ocrx_word' id='word_1_144' title='bbox 749 1177 965 1233; x_wconf 76' lang='grc' dir='ltr'><em>ἐκκλησίας</em></span> <span class='ocrx_word' id='word_1_145' title='bbox 1004 1177 1106 1232; x_wconf 77' lang='grc' dir='ltr'><em>μετὰ</em></span> <span class='ocrx_word' id='word_1_146' title='bbox 1139 1181 1214 1221; x_wconf 81' lang='grc' dir='ltr'><em>τοῦ</em></span> <span class='ocrx_word' id='word_1_147' title='bbox 1244 1178 1533 1232; x_wconf 80' lang='grc' dir='ltr'><em>κουβουκλείου</em></span> <span class='ocrx_word' id='word_1_148' title='bbox 1558 1177 1632 1220; x_wconf 78' lang='grc' dir='ltr'><em>καὶ</em></span> <span class='ocrx_word' id='word_1_149' title='bbox 1656 1179 1731 1232; x_wconf 82' lang='grc' dir='ltr'><em>τῆς</em></span> 
     </span>
     <span class='ocr_line' id='line_1_18' title="bbox 296 1239 1731 1300; baseline -0.001 -13"><span class='ocrx_word' id='word_1_150' title='bbox 296 1243 550 1298; x_wconf 77' lang='grc' dir='ltr'><em>συγκλήτου,</em></span> <span class='ocrx_word' id='word_1_151' title='bbox 578 1239 864 1296; x_wconf 81' lang='grc' dir='ltr'><em>όψικευὸμενοι</em></span> <span class='ocrx_word' id='word_1_152' title='bbox 891 1243 975 1285; x_wconf 74' lang='grc' dir='ltr'><em>ὑπὸ</em></span> <span class='ocrx_word' id='word_1_153' title='bbox 1005 1245 1088 1287; x_wconf 77' lang='grc' dir='ltr'><em>τῶν</em></span> <span class='ocrx_word' id='word_1_154' title='bbox 1119 1243 1336 1300; x_wconf 81' lang='grc' dir='ltr'><em>σκήπτρων</em></span> <span class='ocrx_word' id='word_1_155' title='bbox 1360 1244 1433 1286; x_wconf 83' lang='grc' dir='ltr'><strong><em>καί</em></strong></span> <span class='ocrx_word' id='word_1_156' title='bbox 1459 1245 1540 1286; x_wconf 78' lang='grc' dir='ltr'><em>τῶν</em></span> <span class='ocrx_word' id='word_1_157' title='bbox 1574 1244 1731 1286; x_wconf 75' lang='grc' dir='ltr'><em>λοιπῶν</em></span> 
     </span>
     <span class='ocr_line' id='line_1_19' title="bbox 297 1303 1729 1364; baseline 0 -14"><span class='ocrx_word' id='word_1_158' title='bbox 297 1310 454 1350; x_wconf 81' lang='grc' dir='ltr'><em>σκευῶν</em></span> <span class='ocrx_word' id='word_1_159' title='bbox 468 1341 481 1360; x_wconf 92' lang='grc'><em>,</em></span> <span class='ocrx_word' id='word_1_160' title='bbox 509 1306 582 1350; x_wconf 77' lang='grc' dir='ltr'><em>καὶ</em></span> <span class='ocrx_word' id='word_1_161' title='bbox 603 1308 860 1364; x_wconf 75' lang='grc' dir='ltr'><em>ἀπέρχονται</em></span> <span class='ocrx_word' id='word_1_162' title='bbox 882 1303 1055 1352; x_wconf 70' lang='grc' dir='ltr'><em>ὄπισθεν</em></span> <span class='ocrx_word' id='word_1_163' title='bbox 1075 1311 1150 1352; x_wconf 88' lang='grc' dir='ltr'><strong><em>τοῦ</em></strong></span> <span class='ocrx_word' id='word_1_164' title='bbox 1175 1305 1387 1363; x_wconf 78' lang='grc' dir='ltr'><em>ἇμβωνος·</em></span> <span class='ocrx_word' id='word_1_165' title='bbox 1415 1310 1548 1351; x_wconf 77' lang='grc' dir='ltr'><em>ἐκεῖσε</em></span> <span class='ocrx_word' id='word_1_166' title='bbox 1572 1305 1652 1364; x_wconf 78' lang='grc' dir='ltr'><em>γὰρ</em></span> <span class='ocrx_word' id='word_1_167' title='bbox 1674 1307 1729 1350; x_wconf 77' lang='grc' dir='ltr'><em>τὰ</em></span> 
     </span>
     <span class='ocr_line' id='line_1_20' title="bbox 302 1370 1832 1428; baseline 0 -13"><span class='ocrx_word' id='word_1_168' title='bbox 302 1370 403 1427; x_wconf 74' lang='grc' dir='ltr'><em>ἅγια</em></span> <span class='ocrx_word' id='word_1_169' title='bbox 431 1371 556 1427; x_wconf 78' lang='grc' dir='ltr'><em>σκεύη</em></span> <span class='ocrx_word' id='word_1_170' title='bbox 579 1374 766 1414; x_wconf 77' lang='grc' dir='ltr'><em>ἵστανται</em></span> <span class='ocrx_word' id='word_1_171' title='bbox 787 1374 1054 1428; x_wconf 79' lang='grc' dir='ltr'><em>ἐκδεχόμενα,</em></span> <span class='ocrx_word' id='word_1_172' title='bbox 1082 1375 1155 1417; x_wconf 79' lang='grc' dir='ltr'><strong><em>καί</em></strong></span> <span class='ocrx_word' id='word_1_173' title='bbox 1172 1374 1216 1416; x_wconf 84' lang='grc' dir='ltr'><em>αἱ</em></span> <span class='ocrx_word' id='word_1_174' title='bbox 1235 1377 1319 1416; x_wconf 77' lang='grc' dir='ltr'><em>τῶν</em></span> <span class='ocrx_word' id='word_1_175' title='bbox 1341 1374 1545 1416; x_wconf 74' lang='grc' dir='ltr'><em>δεσποτῶν</em></span> <span class='ocrx_word' id='word_1_176' title='bbox 1563 1372 1731 1426; x_wconf 77' lang='grc' dir='ltr'><em>λαμπά-</em></span> <span class='ocrx_word' id='word_1_177' title='bbox 1776 1421 1781 1424; x_wconf 72' lang='lat'><em>,</em></span> <span class='ocrx_word' id='word_1_178' title='bbox 1824 1398 1832 1402; x_wconf 92' lang='lat'><em>-</em></span> 
     </span>
     <span class='ocr_line' id='line_1_21' title="bbox 299 1433 1786 1494; baseline 0.001 -15"><span class='ocrx_word' id='word_1_179' title='bbox 299 1440 368 1486; x_wconf 83' lang='grc' dir='ltr'><em>δες</em></span> <span class='ocrx_word' id='word_1_180' title='bbox 389 1438 518 1479; x_wconf 80' lang='grc' dir='ltr'><em>ἐκεῖσε</em></span> <span class='ocrx_word' id='word_1_181' title='bbox 541 1433 673 1485; x_wconf 76' lang='grc' dir='ltr'><em>οὕτως</em></span> <span class='ocrx_word' id='word_1_182' title='bbox 704 1439 897 1480; x_wconf 78' lang='grc' dir='ltr'><em>ἵστανται</em></span> <span class='ocrx_word' id='word_1_183' title='bbox 925 1436 1149 1482; x_wconf 78' lang='grc' dir='ltr'><em>ἅπτουσαι.</em></span> <span class='ocrx_word' id='word_1_184' title='bbox 1203 1441 1275 1480; x_wconf 78' lang='grc' dir='ltr'><em>καί</em></span> <span class='ocrx_word' id='word_1_185' title='bbox 1299 1436 1352 1494; x_wconf 79' lang='grc' dir='ltr'><em>δὴ</em></span> <span class='ocrx_word' id='word_1_186' title='bbox 1388 1439 1786 1493; x_wconf 60' lang='grc' dir='ltr'><em>παραγενομένωνᾌο</em></span> 
     </span>
     <span class='ocr_line' id='line_1_22' title="bbox 300 1501 1733 1560; baseline -0.001 -16"><span class='ocrx_word' id='word_1_187' title='bbox 300 1505 391 1545; x_wconf 74' lang='grc' dir='ltr'><em>ἐκεῖ</em></span> <span class='ocrx_word' id='word_1_188' title='bbox 411 1504 493 1544; x_wconf 81' lang='grc' dir='ltr'><em>τῶν</em></span> <span class='ocrx_word' id='word_1_189' title='bbox 532 1503 759 1556; x_wconf 77' lang='grc' dir='ltr'><em>δεσποτῶν,</em></span> <span class='ocrx_word' id='word_1_190' title='bbox 790 1501 990 1560; x_wconf 37' lang='grc' dir='ltr'><em>,αἴρουσιν</em></span> <span class='ocrx_word' id='word_1_191' title='bbox 1018 1503 1058 1546; x_wconf 82' lang='grc' dir='ltr'><em>οἷ</em></span> <span class='ocrx_word' id='word_1_192' title='bbox 1089 1504 1362 1559; x_wconf 89' lang='grc' dir='ltr'><em>πραιπόσιτοι</em></span> <span class='ocrx_word' id='word_1_193' title='bbox 1393 1501 1470 1552; x_wconf 80' lang='grc' dir='ltr'><em>τὰς</em></span> <span class='ocrx_word' id='word_1_194' title='bbox 1497 1501 1733 1556; x_wconf 81' lang='grc' dir='ltr'><em>λαμπάδας,</em></span> 
     </span>
     <span class='ocr_line' id='line_1_23' title="bbox 302 1565 1734 1625; baseline 0 -17"><span class='ocrx_word' id='word_1_195' title='bbox 302 1566 376 1609; x_wconf 75' lang='grc' dir='ltr'><em>καὶ</em></span> <span class='ocrx_word' id='word_1_196' title='bbox 402 1567 661 1609; x_wconf 78' lang='grc' dir='ltr'><em>ἑπιδιδοῧσιν</em></span> <span class='ocrx_word' id='word_1_197' title='bbox 688 1568 732 1610; x_wconf 82' lang='grc' dir='ltr'><em>ἑν</em></span> <span class='ocrx_word' id='word_1_198' title='bbox 753 1573 842 1618; x_wconf 85' lang='grc' dir='ltr'><em>ταῖς</em></span> <span class='ocrx_word' id='word_1_199' title='bbox 862 1571 988 1625; x_wconf 85' lang='grc' dir='ltr'><em>χερσί</em></span> <span class='ocrx_word' id='word_1_200' title='bbox 1005 1574 1086 1612; x_wconf 80' lang='grc' dir='ltr'><em>τῶν</em></span> <span class='ocrx_word' id='word_1_201' title='bbox 1114 1570 1344 1621; x_wconf 74' lang='grc' dir='ltr'><em>δεσποτῶν,</em></span> <span class='ocrx_word' id='word_1_202' title='bbox 1371 1565 1444 1610; x_wconf 79' lang='grc' dir='ltr'><em>καὶ</em></span> <span class='ocrx_word' id='word_1_203' title='bbox 1466 1565 1734 1621; x_wconf 75' lang='grc' dir='ltr'><em>ὄψικεῦουσιν</em></span> 
     </span>
     <span class='ocr_line' id='line_1_24' title="bbox 301 1628 1734 1688; baseline 0.001 -17"><span class='ocrx_word' id='word_1_204' title='bbox 301 1630 342 1674; x_wconf 85' lang='grc' dir='ltr'><em>οἱ</em></span> <span class='ocrx_word' id='word_1_205' title='bbox 363 1628 560 1674; x_wconf 86' lang='grc' dir='ltr'><em>δεσπόται</em></span> <span class='ocrx_word' id='word_1_206' title='bbox 587 1631 693 1685; x_wconf 74' lang='grc' dir='ltr'><em>μετὰ</em></span> <span class='ocrx_word' id='word_1_207' title='bbox 725 1634 807 1675; x_wconf 73' lang='grc' dir='ltr'><em>τῶν</em></span> <span class='ocrx_word' id='word_1_208' title='bbox 825 1635 1056 1687; x_wconf 80' lang='grc' dir='ltr'><em>λαμπάδων</em></span> <span class='ocrx_word' id='word_1_209' title='bbox 1091 1633 1142 1677; x_wconf 78' lang='grc' dir='ltr'><em>τὰ</em></span> <span class='ocrx_word' id='word_1_210' title='bbox 1166 1631 1278 1688; x_wconf 76' lang='grc' dir='ltr'><em>ἅγια,</em></span> <span class='ocrx_word' id='word_1_211' title='bbox 1303 1631 1410 1687; x_wconf 74' lang='grc' dir='ltr'><em>μετὰ</em></span> <span class='ocrx_word' id='word_1_212' title='bbox 1435 1633 1509 1674; x_wconf 85' lang='grc' dir='ltr'><strong><em>καί</em></strong></span> <span class='ocrx_word' id='word_1_213' title='bbox 1537 1633 1734 1687; x_wconf 77' lang='grc' dir='ltr'><em>τῆςσυγ-</em></span> 
     </span>
     <span class='ocr_line' id='line_1_25' title="bbox 306 1695 1832 1755; baseline 0.006 -18"><span class='ocrx_word' id='word_1_214' title='bbox 306 1695 456 1752; x_wconf 78' lang='grc' dir='ltr'><em>κλήτου</em></span> <span class='ocrx_word' id='word_1_215' title='bbox 490 1697 563 1739; x_wconf 84' lang='grc' dir='ltr'><strong><em>καί</em></strong></span> <span class='ocrx_word' id='word_1_216' title='bbox 589 1698 664 1738; x_wconf 75' lang='grc' dir='ltr'><em>τοῦ</em></span> <span class='ocrx_word' id='word_1_217' title='bbox 684 1699 988 1752; x_wconf 81' lang='grc' dir='ltr'><em>κουβουκλείου.</em></span> <span class='ocrx_word' id='word_1_218' title='bbox 1040 1701 1114 1742; x_wconf 83' lang='grc' dir='ltr'><strong><em>καί</em></strong></span> <span class='ocrx_word' id='word_1_219' title='bbox 1148 1698 1202 1742; x_wconf 80' lang='grc' dir='ltr'><em>τὰ</em></span> <span class='ocrx_word' id='word_1_220' title='bbox 1231 1699 1417 1755; x_wconf 81' lang='grc' dir='ltr'><em>σκῆπτρα</em></span> <span class='ocrx_word' id='word_1_221' title='bbox 1450 1695 1589 1739; x_wconf 75' lang='grc' dir='ltr'><em>καὶτὰ</em></span> <span class='ocrx_word' id='word_1_222' title='bbox 1609 1695 1732 1745; x_wconf 69' lang='grc' dir='ltr'><em>λοιπὰ.</em></span> <span class='ocrx_word' id='word_1_223' title='bbox 1817 1698 1832 1739; x_wconf 64' lang='lat' dir='ltr'><em>T}</em></span> 
     </span>
     <span class='ocr_line' id='line_1_26' title="bbox 268 1752 1832 1827; baseline 0.001 -23"><span class='ocrx_word' id='word_1_224' title='bbox 268 1759 436 1816; x_wconf 76' lang='grc' dir='ltr'><em>Ὡσκεύη</em></span> <span class='ocrx_word' id='word_1_225' title='bbox 461 1761 654 1804; x_wconf 80' lang='grc' dir='ltr'><em>ἵστανται</em></span> <span class='ocrx_word' id='word_1_226' title='bbox 680 1763 725 1804; x_wconf 78' lang='grc' dir='ltr'><em>ἐν</em></span> <span class='ocrx_word' id='word_1_227' title='bbox 743 1769 836 1812; x_wconf 86' lang='grc' dir='ltr'><em>ταῖς</em></span> <span class='ocrx_word' id='word_1_228' title='bbox 855 1763 1023 1814; x_wconf 79' lang='grc' dir='ltr'><em>οἰκείαις</em></span> <span class='ocrx_word' id='word_1_229' title='bbox 1046 1767 1200 1818; x_wconf 82' lang='grc' dir='ltr'><em>τάξεσι,</em></span> <span class='ocrx_word' id='word_1_230' title='bbox 1228 1766 1300 1807; x_wconf 80' lang='grc' dir='ltr'><em>καί</em></span> <span class='ocrx_word' id='word_1_231' title='bbox 1324 1762 1363 1807; x_wconf 84' lang='grc' dir='ltr'><em>οἶ</em></span> <span class='ocrx_word' id='word_1_232' title='bbox 1387 1761 1582 1806; x_wconf 87' lang='grc' dir='ltr'><em>δεσπόται</em></span> <span class='ocrx_word' id='word_1_233' title='bbox 1604 1760 1787 1817; x_wconf 63' lang='grc' dir='ltr'><em>ἅπερ-35</em></span> <span class='ocrx_word' id='word_1_234' title='bbox 1816 1752 1832 1827; x_wconf 54' lang='lat'><em>⁸}</em></span> 
     </span>
     <span class='ocr_line' id='line_1_27' title="bbox 401 1839 1188 1890; baseline 0.006 -17"><span class='ocrx_word' id='word_1_235' title='bbox 401 1851 452 1875; x_wconf 91' lang='grc' dir='ltr'><em>ιο.</em></span> <span class='ocrx_word' id='word_1_236' title='bbox 481 1839 576 1873; x_wconf 80' lang='grc' dir='ltr'><em>Θεοῦ·</em></span> <span class='ocrx_word' id='word_1_237' title='bbox 592 1839 844 1887; x_wconf 75' lang='grc' dir='ltr'><em>ἐμφέρονται,</em></span> <span class='ocrx_word' id='word_1_238' title='bbox 871 1843 1105 1890; x_wconf 81' lang='grc' dir='ltr'><em>εἰσέρχονται</em></span> <span class='ocrx_word' id='word_1_239' title='bbox 1133 1843 1188 1879; x_wconf 89' lang='lat' dir='ltr'><em>ed.</em></span> 
     </span>
    </p>
   </div>
   <div class='ocr_carea' id='block_1_3' title="bbox 305 1929 1832 2716">
    <p class='ocr_par' dir='ltr' id='par_1_3' title="bbox 305 1929 1832 2716">
     <span class='ocr_line' id='line_1_28' title="bbox 305 1929 1732 1979; baseline 0.001 -17"><span class='ocrx_word' id='word_1_240' title='bbox 305 1934 428 1963; x_wconf 85' lang='lat' dir='ltr'><strong>sancta</strong></span> <span class='ocrx_word' id='word_1_241' title='bbox 452 1930 635 1964; x_wconf 77' lang='lat' dir='ltr'><strong>crucifixio</strong></span> <span class='ocrx_word' id='word_1_242' title='bbox 670 1936 807 1972; x_wconf 83' lang='lat' dir='ltr'><strong>exstat,</strong></span> <span class='ocrx_word' id='word_1_243' title='bbox 841 1933 998 1973; x_wconf 86' lang='lat' dir='ltr'><strong>intrant,</strong></span> <span class='ocrx_word' id='word_1_244' title='bbox 1036 1937 1144 1979; x_wconf 84' lang='lat' dir='ltr'><strong>atque</strong></span> <span class='ocrx_word' id='word_1_245' title='bbox 1167 1932 1228 1967; x_wconf 88' lang='lat' dir='ltr'><em>hic</em></span> <span class='ocrx_word' id='word_1_246' title='bbox 1253 1934 1385 1967; x_wconf 79' lang='lat' dir='ltr'><strong>iterum</strong></span> <span class='ocrx_word' id='word_1_247' title='bbox 1427 1935 1485 1965; x_wconf 86' lang='lat' dir='ltr'><em>ter</em></span> <span class='ocrx_word' id='word_1_248' title='bbox 1521 1941 1613 1976; x_wconf 87' lang='lat' dir='ltr'><strong>genu</strong></span> <span class='ocrx_word' id='word_1_249' title='bbox 1640 1929 1732 1963; x_wconf 84' lang='lat' dir='ltr'><strong>flexo</strong></span> 
     </span>
     <span class='ocr_line' id='line_1_29' title="bbox 305 1976 1734 2024; baseline 0.002 -17"><span class='ocrx_word' id='word_1_250' title='bbox 305 1987 387 2008; x_wconf 88' lang='lat' dir='ltr'><strong>cum</strong></span> <span class='ocrx_word' id='word_1_251' title='bbox 412 1976 542 2016; x_wconf 63' lang='lat' dir='ltr'><strong>cerei-«1,</strong></span> <span class='ocrx_word' id='word_1_252' title='bbox 581 1980 622 2009; x_wconf 87' lang='lat' dir='ltr'><strong>ut</strong></span> <span class='ocrx_word' id='word_1_253' title='bbox 643 1987 720 2010; x_wconf 86' lang='lat' dir='ltr'><em>mos</em></span> <span class='ocrx_word' id='word_1_254' title='bbox 746 1982 800 2010; x_wconf 89' lang='lat' dir='ltr'><em>est</em></span> <span class='ocrx_word' id='word_1_255' title='bbox 815 2002 825 2018; x_wconf 93' lang='lat'>‚</span> <span class='ocrx_word' id='word_1_256' title='bbox 853 1979 969 2012; x_wconf 89' lang='lat' dir='ltr'><strong>Deum</strong></span> <span class='ocrx_word' id='word_1_257' title='bbox 993 1984 1228 2022; x_wconf 80' lang='lat' dir='ltr'><strong>venerantur;</strong></span> <span class='ocrx_word' id='word_1_258' title='bbox 1264 1984 1347 2024; x_wconf 89' lang='lat' dir='ltr'><strong>post</strong></span> <span class='ocrx_word' id='word_1_259' title='bbox 1368 1988 1495 2022; x_wconf 86' lang='lat' dir='ltr'><strong>magno</strong></span> <span class='ocrx_word' id='word_1_260' title='bbox 1523 1977 1734 2022; x_wconf 61' lang='lat' dir='ltr'><strong>hperatori</strong></span> 
     </span>
     <span class='ocr_line' id='line_1_30' title="bbox 305 2020 1734 2070; baseline 0.001 -17"><span class='ocrx_word' id='word_1_261' title='bbox 305 2021 507 2066; x_wconf 84' lang='lat' dir='ltr'><strong>patriarcha</strong></span> <span class='ocrx_word' id='word_1_262' title='bbox 531 2020 757 2055; x_wconf 86' lang='lat' dir='ltr'><strong>thuribulum</strong></span> <span class='ocrx_word' id='word_1_263' title='bbox 779 2023 902 2065; x_wconf 84' lang='lat' dir='ltr'><strong>tradit,</strong></span> <span class='ocrx_word' id='word_1_264' title='bbox 926 2025 990 2070; x_wconf 88' lang='lat' dir='ltr'><em>qui</em></span> <span class='ocrx_word' id='word_1_265' title='bbox 1014 2030 1171 2058; x_wconf 83' lang='lat' dir='ltr'><strong>sanctam</strong></span> <span class='ocrx_word' id='word_1_266' title='bbox 1194 2026 1291 2058; x_wconf 89' lang='lat' dir='ltr'><strong>cruci</strong></span> <span class='ocrx_word' id='word_1_267' title='bbox 1315 2025 1377 2059; x_wconf 81' lang='lat' dir='ltr'><em>fixi</em></span> <span class='ocrx_word' id='word_1_268' title='bbox 1396 2025 1586 2069; x_wconf 83' lang='lat' dir='ltr'>imaginem</span> <span class='ocrx_word' id='word_1_269' title='bbox 1605 2023 1734 2056; x_wconf 88' lang='lat' dir='ltr'><strong>incen-</strong></span> 
     </span>
     <span class='ocr_line' id='line_1_31' title="bbox 308 2066 1735 2116; baseline 0.002 -17"><span class='ocrx_word' id='word_1_270' title='bbox 308 2071 378 2100; x_wconf 84' lang='lat' dir='ltr'><strong>sat:</strong></span> <span class='ocrx_word' id='word_1_271' title='bbox 407 2066 538 2101; x_wconf 88' lang='lat' dir='ltr'><strong>deinde</strong></span> <span class='ocrx_word' id='word_1_272' title='bbox 561 2068 796 2113; x_wconf 82' lang='lat' dir='ltr'><strong>patriarcham</strong></span> <span class='ocrx_word' id='word_1_273' title='bbox 819 2070 1042 2114; x_wconf 83' lang='lat' dir='ltr'><strong>osculantes,</strong></span> <span class='ocrx_word' id='word_1_274' title='bbox 1077 2071 1157 2104; x_wconf 88' lang='lat' dir='ltr'><strong>vale</strong></span> <span class='ocrx_word' id='word_1_275' title='bbox 1182 2072 1251 2116; x_wconf 90' lang='lat' dir='ltr'><strong>ipsi</strong></span> <span class='ocrx_word' id='word_1_276' title='bbox 1277 2070 1420 2112; x_wconf 85' lang='lat' dir='ltr'><strong>dicunt,</strong></span> <span class='ocrx_word' id='word_1_277' title='bbox 1452 2076 1490 2104; x_wconf 85' lang='lat' dir='ltr'><strong>et</strong></span> <span class='ocrx_word' id='word_1_278' title='bbox 1530 2068 1628 2116; x_wconf 87' lang='lat' dir='ltr'><strong>quod</strong></span> <span class='ocrx_word' id='word_1_279' title='bbox 1649 2073 1735 2102; x_wconf 84' lang='lat' dir='ltr'><strong>ante</strong></span> 
     </span>
     <span class='ocr_line' id='line_1_32' title="bbox 307 2115 1735 2163; baseline 0.001 -16"><span class='ocrx_word' id='word_1_280' title='bbox 307 2115 537 2147; x_wconf 84' lang='lat' dir='ltr'><strong>metatorium</strong></span> <span class='ocrx_word' id='word_1_281' title='bbox 562 2120 616 2148; x_wconf 87' lang='lat' dir='ltr'><em>est</em></span> <span class='ocrx_word' id='word_1_282' title='bbox 646 2116 839 2148; x_wconf 84' lang='lat' dir='ltr'><strong>oratorium</strong></span> <span class='ocrx_word' id='word_1_283' title='bbox 862 2117 1025 2162; x_wconf 83' lang='lat' dir='ltr'><strong>ingressi,</strong></span> <span class='ocrx_word' id='word_1_284' title='bbox 1061 2126 1126 2162; x_wconf 89' lang='lat' dir='ltr'><strong>per</strong></span> <span class='ocrx_word' id='word_1_285' title='bbox 1144 2118 1323 2163; x_wconf 81' lang='lat' dir='ltr'><strong>triplicem</strong></span> <span class='ocrx_word' id='word_1_286' title='bbox 1345 2117 1630 2163; x_wconf 84' lang='lat' dir='ltr'><strong>genuflexionem</strong></span> <span class='ocrx_word' id='word_1_287' title='bbox 1654 2124 1735 2149; x_wconf 83' lang='lat' dir='ltr'><strong>cum</strong></span> 
     </span>
     <span class='ocr_line' id='line_1_33' title="bbox 310 2160 1732 2210; baseline 0.002 -19"><span class='ocrx_word' id='word_1_288' title='bbox 310 2160 422 2193; x_wconf 82' lang='lat' dir='ltr'><strong>cereis</strong></span> <span class='ocrx_word' id='word_1_289' title='bbox 449 2160 563 2194; x_wconf 89' lang='lat' dir='ltr'><strong>Deum</strong></span> <span class='ocrx_word' id='word_1_290' title='bbox 587 2167 813 2202; x_wconf 87' lang='lat' dir='ltr'><strong>venerantur,</strong></span> <span class='ocrx_word' id='word_1_291' title='bbox 847 2174 888 2196; x_wconf 88' lang='lat' dir='ltr'><em>ac</em></span> <span class='ocrx_word' id='word_1_292' title='bbox 909 2163 1139 2197; x_wconf 88' lang='lat' dir='ltr'><strong>reverendam</strong></span> <span class='ocrx_word' id='word_1_293' title='bbox 1162 2175 1327 2205; x_wconf 85' lang='lat' dir='ltr'><strong>crucem,</strong></span> <span class='ocrx_word' id='word_1_294' title='bbox 1350 2175 1423 2210; x_wconf 92' lang='lat' dir='ltr'><em>qua</em></span> <span class='ocrx_word' id='word_1_295' title='bbox 1451 2163 1572 2197; x_wconf 89' lang='lat' dir='ltr'><strong>omnia</strong></span> <span class='ocrx_word' id='word_1_296' title='bbox 1593 2161 1732 2207; x_wconf 85' lang='lat' dir='ltr'><strong>passio-</strong></span> 
     </span>
     <span class='ocr_line' id='line_1_34' title="bbox 311 2205 1732 2252; baseline 0.001 -13"><span class='ocrx_word' id='word_1_297' title='bbox 311 2205 368 2239; x_wconf 88' lang='lat' dir='ltr'><em>nis</em></span> <span class='ocrx_word' id='word_1_298' title='bbox 393 2206 462 2239; x_wconf 87' lang='lat' dir='ltr'><em>Dei</em></span> <span class='ocrx_word' id='word_1_299' title='bbox 485 2218 526 2240; x_wconf 93' lang='lat' dir='ltr'><em>ac</em></span> <span class='ocrx_word' id='word_1_300' title='bbox 550 2208 696 2241; x_wconf 83' lang='lat' dir='ltr'><strong>Domini</strong></span> <span class='ocrx_word' id='word_1_301' title='bbox 725 2209 841 2242; x_wconf 81' lang='lat' dir='ltr'><strong>nostri</strong></span> <span class='ocrx_word' id='word_1_302' title='bbox 865 2209 1024 2252; x_wconf 79' lang='lat' dir='ltr'><strong>symbola</strong></span> <span class='ocrx_word' id='word_1_303' title='bbox 1047 2211 1289 2251; x_wconf 87' lang='lat' dir='ltr'><strong>continentur,</strong></span> <span class='ocrx_word' id='word_1_304' title='bbox 1314 2209 1478 2248; x_wconf 84' lang='lat' dir='ltr'><strong>osculati,</strong></span> <span class='ocrx_word' id='word_1_305' title='bbox 1502 2207 1732 2242; x_wconf 77' lang='lat' dir='ltr'><strong>metatoriam</strong></span> 
     </span>
     <span class='ocr_line' id='line_1_35' title="bbox 313 2252 1832 2301; baseline 0.001 -17"><span class='ocrx_word' id='word_1_306' title='bbox 313 2253 460 2285; x_wconf 81' lang='lat' dir='ltr'><strong>intrant.</strong></span> <span class='ocrx_word' id='word_1_307' title='bbox 508 2252 609 2297; x_wconf 87' lang='lat' dir='ltr'>(xl.)</span> <span class='ocrx_word' id='word_1_308' title='bbox 630 2253 677 2287; x_wconf 84' lang='lat' dir='ltr'><strong>At</strong></span> <span class='ocrx_word' id='word_1_309' title='bbox 699 2265 795 2287; x_wconf 86' lang='lat' dir='ltr'><strong>sacra</strong></span> <span class='ocrx_word' id='word_1_310' title='bbox 819 2254 912 2289; x_wconf 89' lang='lat' dir='ltr'><strong>dona</strong></span> <span class='ocrx_word' id='word_1_311' title='bbox 936 2267 1015 2288; x_wconf 91' lang='lat' dir='ltr'><strong>cum</strong></span> <span class='ocrx_word' id='word_1_312' title='bbox 1037 2261 1157 2290; x_wconf 87' lang='lat' dir='ltr'><strong>sancto</strong></span> <span class='ocrx_word' id='word_1_313' title='bbox 1181 2256 1285 2290; x_wconf 85' lang='lat' dir='ltr'><strong>altari</strong></span> <span class='ocrx_word' id='word_1_314' title='bbox 1309 2254 1526 2301; x_wconf 57' lang='lat' dir='ltr'><strong>Mponenda</strong></span> <span class='ocrx_word' id='word_1_315' title='bbox 1550 2259 1650 2294; x_wconf 89' lang='lat' dir='ltr'><strong>sunt,</strong></span> <span class='ocrx_word' id='word_1_316' title='bbox 1673 2254 1734 2286; x_wconf 91' lang='lat' dir='ltr'><em>in-</em></span> <span class='ocrx_word' id='word_1_317' title='bbox 1818 2268 1832 2294; x_wconf 77' lang='lat'><em>·;</em></span> 
     </span>
     <span class='ocr_line' id='line_1_36' title="bbox 313 2299 1832 2348; baseline 0 -18"><span class='ocrx_word' id='word_1_318' title='bbox 313 2302 449 2331; x_wconf 86' lang='lat' dir='ltr'><strong>trantes</strong></span> <span class='ocrx_word' id='word_1_319' title='bbox 472 2301 669 2343; x_wconf 85' lang='lat' dir='ltr'><strong>praepositi</strong></span> <span class='ocrx_word' id='word_1_320' title='bbox 694 2300 867 2334; x_wconf 89' lang='lat' dir='ltr'><strong>Dominos</strong></span> <span class='ocrx_word' id='word_1_321' title='bbox 894 2301 1099 2343; x_wconf 87' lang='lat' dir='ltr'><strong>admonent,</strong></span> <span class='ocrx_word' id='word_1_322' title='bbox 1125 2303 1188 2348; x_wconf 87' lang='lat' dir='ltr'><em>qui</em></span> <span class='ocrx_word' id='word_1_323' title='bbox 1211 2304 1283 2335; x_wconf 92' lang='lat' dir='ltr'><strong>suis</strong></span> <span class='ocrx_word' id='word_1_324' title='bbox 1307 2301 1551 2345; x_wconf 77' lang='lat' dir='ltr'><strong>chlamydibus</strong></span> <span class='ocrx_word' id='word_1_325' title='bbox 1576 2299 1621 2333; x_wconf 91' lang='lat' dir='ltr'><em>ab</em></span> <span class='ocrx_word' id='word_1_326' title='bbox 1645 2300 1734 2344; x_wconf 87' lang='lat' dir='ltr'><strong>ipsis</strong></span> <span class='ocrx_word' id='word_1_327' title='bbox 1818 2299 1832 2330; x_wconf 67' lang='lat'><em>{⁴</em></span> 
     </span>
     <span class='ocr_line' id='line_1_37' title="bbox 316 2333 1832 2399; baseline 0.001 -23"><span class='ocrx_word' id='word_1_328' title='bbox 316 2343 449 2385; x_wconf 83' lang='lat' dir='ltr'><strong>induti,</strong></span> <span class='ocrx_word' id='word_1_329' title='bbox 475 2344 727 2389; x_wconf 82' lang='lat' dir='ltr'><strong>egrediuntur,</strong></span> <span class='ocrx_word' id='word_1_330' title='bbox 766 2358 902 2394; x_wconf 88' lang='lat' dir='ltr'><strong>perque</strong></span> <span class='ocrx_word' id='word_1_331' title='bbox 925 2347 1090 2382; x_wconf 77' lang='lat' dir='ltr'><strong>dextrum</strong></span> <span class='ocrx_word' id='word_1_332' title='bbox 1115 2348 1283 2382; x_wconf 80' lang='lat' dir='ltr'><strong>ecclesiae</strong></span> <span class='ocrx_word' id='word_1_333' title='bbox 1307 2349 1399 2381; x_wconf 87' lang='lat' dir='ltr'><strong>latus</strong></span> <span class='ocrx_word' id='word_1_334' title='bbox 1445 2358 1523 2380; x_wconf 88' lang='lat' dir='ltr'><strong>cum</strong></span> <span class='ocrx_word' id='word_1_335' title='bbox 1547 2345 1733 2379; x_wconf 85' lang='lat' dir='ltr'><strong>cubicula·</strong></span> <span class='ocrx_word' id='word_1_336' title='bbox 1815 2333 1832 2399; x_wconf 62' lang='grc' dir='ltr'>ξ</span> 
     </span>
     <span class='ocr_line' id='line_1_38' title="bbox 316 2390 1832 2441; baseline 0 -17"><span class='ocrx_word' id='word_1_337' title='bbox 316 2390 381 2424; x_wconf 82' lang='lat' dir='ltr'><strong>riis</strong></span> <span class='ocrx_word' id='word_1_338' title='bbox 409 2396 446 2424; x_wconf 87' lang='lat' dir='ltr'><strong>et</strong></span> <span class='ocrx_word' id='word_1_339' title='bbox 468 2396 615 2432; x_wconf 84' lang='lat' dir='ltr'><strong>senatu,</strong></span> <span class='ocrx_word' id='word_1_340' title='bbox 652 2403 672 2425; x_wconf 88' lang='lat' dir='ltr'><em>a</em></span> <span class='ocrx_word' id='word_1_341' title='bbox 697 2394 824 2426; x_wconf 86' lang='lat' dir='ltr'><strong>turmis</strong></span> <span class='ocrx_word' id='word_1_342' title='bbox 847 2405 888 2427; x_wconf 91' lang='lat' dir='ltr'><em>ac</em></span> <span class='ocrx_word' id='word_1_343' title='bbox 910 2395 1059 2441; x_wconf 87' lang='lat' dir='ltr'><strong>reliquis</strong></span> <span class='ocrx_word' id='word_1_344' title='bbox 1076 2395 1248 2428; x_wconf 82' lang='lat' dir='ltr'><strong>ministris</strong></span> <span class='ocrx_word' id='word_1_345' title='bbox 1274 2395 1417 2439; x_wconf 81' lang='lat' dir='ltr'><strong>stipati,</strong></span> <span class='ocrx_word' id='word_1_346' title='bbox 1452 2397 1657 2433; x_wconf 85' lang='lat' dir='ltr'><strong>transeunt,</strong></span> <span class='ocrx_word' id='word_1_347' title='bbox 1696 2395 1735 2424; x_wconf 83' lang='lat' dir='ltr'><strong>et</strong></span> <span class='ocrx_word' id='word_1_348' title='bbox 1827 2400 1832 2401; x_wconf 51' lang='lat'><em>⁷</em></span> 
     </span>
     <span class='ocr_line' id='line_1_39' title="bbox 315 2437 1735 2485; baseline 0 -15"><span class='ocrx_word' id='word_1_349' title='bbox 315 2441 410 2471; x_wconf 84' lang='lat' dir='ltr'><strong>retro</strong></span> <span class='ocrx_word' id='word_1_350' title='bbox 431 2437 629 2479; x_wconf 87' lang='lat' dir='ltr'><strong>ambonem,</strong></span> <span class='ocrx_word' id='word_1_351' title='bbox 669 2438 733 2471; x_wconf 88' lang='lat' dir='ltr'><em>uhi</em></span> <span class='ocrx_word' id='word_1_352' title='bbox 758 2451 853 2473; x_wconf 86' lang='lat' dir='ltr'><strong>sacra</strong></span> <span class='ocrx_word' id='word_1_353' title='bbox 874 2450 957 2473; x_wconf 84' lang='lat' dir='ltr'><strong>vasa</strong></span> <span class='ocrx_word' id='word_1_354' title='bbox 979 2445 1120 2485; x_wconf 88' lang='lat' dir='ltr'><strong>praesto</strong></span> <span class='ocrx_word' id='word_1_355' title='bbox 1144 2445 1228 2475; x_wconf 83' lang='lat' dir='ltr'><strong>sunt</strong></span> <span class='ocrx_word' id='word_1_356' title='bbox 1246 2441 1484 2485; x_wconf 80' lang='lat' dir='ltr'><strong>lucernaeque</strong></span> <span class='ocrx_word' id='word_1_357' title='bbox 1502 2440 1735 2474; x_wconf 85' lang='lat' dir='ltr'><strong>Dominorum</strong></span> 
     </span>
     <span class='ocr_line' id='line_1_40' title="bbox 314 2483 1832 2532; baseline 0.001 -17"><span class='ocrx_word' id='word_1_358' title='bbox 314 2493 495 2524; x_wconf 83' lang='lat' dir='ltr'><strong>accensae,</strong></span> <span class='ocrx_word' id='word_1_359' title='bbox 519 2483 662 2518; x_wconf 89' lang='lat' dir='ltr'><strong>abeunt.</strong></span> <span class='ocrx_word' id='word_1_360' title='bbox 709 2484 792 2529; x_wconf 85' lang='lat' dir='ltr'><strong>Quo</strong></span> <span class='ocrx_word' id='word_1_361' title='bbox 816 2491 1007 2532; x_wconf 85' lang='lat' dir='ltr'><strong>postquam</strong></span> <span class='ocrx_word' id='word_1_362' title='bbox 1030 2497 1245 2531; x_wconf 85' lang='lat' dir='ltr'><strong>pervenere,</strong></span> <span class='ocrx_word' id='word_1_363' title='bbox 1268 2487 1462 2532; x_wconf 82' lang='lat' dir='ltr'><strong>praepositi</strong></span> <span class='ocrx_word' id='word_1_364' title='bbox 1485 2486 1647 2520; x_wconf 79' lang='lat' dir='ltr'><strong>lucernas</strong></span> <span class='ocrx_word' id='word_1_365' title='bbox 1671 2495 1735 2517; x_wconf 76' lang='lat' dir='ltr'><strong>su—</strong></span> <span class='ocrx_word' id='word_1_366' title='bbox 1826 2517 1832 2522; x_wconf 76' lang='grc'><em>,</em></span> 
     </span>
     <span class='ocr_line' id='line_1_41' title="bbox 313 2531 1832 2578; baseline 0 -17"><span class='ocrx_word' id='word_1_367' title='bbox 313 2534 427 2570; x_wconf 89' lang='lat' dir='ltr'><strong>munt,</strong></span> <span class='ocrx_word' id='word_1_368' title='bbox 451 2541 581 2575; x_wconf 85' lang='lat' dir='ltr'><strong>easque</strong></span> <span class='ocrx_word' id='word_1_369' title='bbox 607 2531 770 2564; x_wconf 88' lang='lat' dir='ltr'><strong>Dominis</strong></span> <span class='ocrx_word' id='word_1_370' title='bbox 794 2533 834 2566; x_wconf 92' lang='lat' dir='ltr'><em>in</em></span> <span class='ocrx_word' id='word_1_371' title='bbox 856 2543 978 2566; x_wconf 89' lang='lat' dir='ltr'><strong>manus</strong></span> <span class='ocrx_word' id='word_1_372' title='bbox 1003 2531 1163 2574; x_wconf 85' lang='lat' dir='ltr'><strong>tradunt,</strong></span> <span class='ocrx_word' id='word_1_373' title='bbox 1187 2533 1250 2578; x_wconf 88' lang='lat' dir='ltr'><em>qui</em></span> <span class='ocrx_word' id='word_1_374' title='bbox 1276 2544 1356 2566; x_wconf 91' lang='lat' dir='ltr'><strong>cum</strong></span> <span class='ocrx_word' id='word_1_375' title='bbox 1380 2533 1467 2577; x_wconf 89' lang='lat' dir='ltr'><strong>ipsis</strong></span> <span class='ocrx_word' id='word_1_376' title='bbox 1491 2542 1604 2570; x_wconf 87' lang='lat' dir='ltr'><strong>sacra,</strong></span> <span class='ocrx_word' id='word_1_377' title='bbox 1629 2539 1737 2564; x_wconf 79' lang='lat' dir='ltr'><strong>sena·</strong></span> <span class='ocrx_word' id='word_1_378' title='bbox 1821 2533 1832 2562; x_wconf 61' lang='grc' dir='ltr'><em>ἓ,</em></span> 
     </span>
     <span class='ocr_line' id='line_1_42' title="bbox 314 2577 1738 2624; baseline 0.002 -17"><span class='ocrx_word' id='word_1_379' title='bbox 314 2580 354 2607; x_wconf 83' lang='lat' dir='ltr'><strong>tu</strong></span> <span class='ocrx_word' id='word_1_380' title='bbox 387 2580 422 2608; x_wconf 85' lang='lat' dir='ltr'><strong>et</strong></span> <span class='ocrx_word' id='word_1_381' title='bbox 446 2577 674 2610; x_wconf 83' lang='lat' dir='ltr'><strong>cubiculariis</strong></span> <span class='ocrx_word' id='word_1_382' title='bbox 696 2578 962 2620; x_wconf 85' lang='lat' dir='ltr'><strong>comitantibus,</strong></span> <span class='ocrx_word' id='word_1_383' title='bbox 988 2584 1195 2624; x_wconf 88' lang='lat' dir='ltr'><strong>sequuntur.</strong></span> <span class='ocrx_word' id='word_1_384' title='bbox 1241 2579 1385 2624; x_wconf 83' lang='lat' dir='ltr'><strong>Sceptra</strong></span> <span class='ocrx_word' id='word_1_385' title='bbox 1413 2586 1450 2613; x_wconf 83' lang='lat' dir='ltr'><strong>et</strong></span> <span class='ocrx_word' id='word_1_386' title='bbox 1474 2580 1635 2624; x_wconf 86' lang='lat' dir='ltr'><strong>reliquae</strong></span> <span class='ocrx_word' id='word_1_387' title='bbox 1659 2583 1738 2610; x_wconf 85' lang='lat' dir='ltr'><strong>tur-</strong></span> 
     </span>
     <span class='ocr_line' id='line_1_43' title="bbox 314 2621 1738 2669; baseline 0.002 -17"><span class='ocrx_word' id='word_1_388' title='bbox 314 2631 391 2653; x_wconf 87' lang='lat' dir='ltr'><strong>mae</strong></span> <span class='ocrx_word' id='word_1_389' title='bbox 414 2633 477 2655; x_wconf 84' lang='lat' dir='ltr'><em>suo</em></span> <span class='ocrx_word' id='word_1_390' title='bbox 502 2622 626 2656; x_wconf 86' lang='lat' dir='ltr'><strong>ordine</strong></span> <span class='ocrx_word' id='word_1_391' title='bbox 649 2621 810 2664; x_wconf 85' lang='lat' dir='ltr'><strong>adstant,</strong></span> <span class='ocrx_word' id='word_1_392' title='bbox 836 2625 982 2657; x_wconf 89' lang='lat' dir='ltr'><strong>Domini</strong></span> <span class='ocrx_word' id='word_1_393' title='bbox 1008 2635 1092 2658; x_wconf 85' lang='lat' dir='ltr'><strong>vero</strong></span> <span class='ocrx_word' id='word_1_394' title='bbox 1115 2635 1180 2669; x_wconf 88' lang='lat' dir='ltr'><strong>per</strong></span> <span class='ocrx_word' id='word_1_395' title='bbox 1205 2626 1338 2659; x_wconf 85' lang='lat' dir='ltr'><strong>soleam</strong></span> <span class='ocrx_word' id='word_1_396' title='bbox 1358 2625 1553 2666; x_wconf 84' lang='lat' dir='ltr'><strong>abeuntes,</strong></span> <span class='ocrx_word' id='word_1_397' title='bbox 1577 2629 1615 2657; x_wconf 85' lang='lat' dir='ltr'><strong>et</strong></span> <span class='ocrx_word' id='word_1_398' title='bbox 1637 2628 1738 2656; x_wconf 80' lang='lat' dir='ltr'><strong>extra</strong></span> 
     </span>
     <span class='ocr_line' id='line_1_44' title="bbox 315 2669 1739 2716; baseline 0.004 -18"><span class='ocrx_word' id='word_1_399' title='bbox 315 2677 430 2700; x_wconf 84' lang='lat' dir='ltr'><strong>sacras</strong></span> <span class='ocrx_word' id='word_1_400' title='bbox 450 2674 590 2713; x_wconf 84' lang='lat' dir='ltr'><strong>portas,</strong></span> <span class='ocrx_word' id='word_1_401' title='bbox 633 2669 768 2714; x_wconf 86' lang='lat' dir='ltr'><strong>primus</strong></span> <span class='ocrx_word' id='word_1_402' title='bbox 792 2669 939 2716; x_wconf 86' lang='lat' dir='ltr'><strong>quidem</strong></span> <span class='ocrx_word' id='word_1_403' title='bbox 963 2669 1008 2705; x_wconf 82' lang='lat' dir='ltr'><em>ad</em></span> <span class='ocrx_word' id='word_1_404' title='bbox 1031 2671 1190 2706; x_wconf 79' lang='lat' dir='ltr'><strong>dextram</strong></span> <span class='ocrx_word' id='word_1_405' title='bbox 1204 2670 1228 2712; x_wconf 74' lang='lat'><em>‚&#39;‚</em></span> <span class='ocrx_word' id='word_1_406' title='bbox 1265 2671 1439 2706; x_wconf 87' lang='lat' dir='ltr'><strong>secundus</strong></span> <span class='ocrx_word' id='word_1_407' title='bbox 1473 2670 1518 2704; x_wconf 89' lang='lat' dir='ltr'><em>ad</em></span> <span class='ocrx_word' id='word_1_408' title='bbox 1547 2670 1739 2709; x_wconf 85' lang='lat' dir='ltr'><strong>sinistram,</strong></span> 
     </span>
    </p>
   </div>
  </div>
 </body>
</html>
