<?xml version="1.0" encoding="UTF-8"?>
<!DOCTYPE html PUBLIC "-//W3C//DTD XHTML 1.0 Transitional//EN"
    "http://www.w3.org/TR/xhtml1/DTD/xhtml1-transitional.dtd">
<html xmlns="http://www.w3.org/1999/xhtml" xml:lang="en" lang="en">
 <head>
  <title>
</title>
<meta http-equiv="Content-Type" content="text/html;charset=utf-8" />
  <meta name='ocr-system' content='tesseract 3.04.00' />
  <meta name='ocr-capabilities' content='ocr_page ocr_carea ocr_par ocr_line ocrx_word'/>
</head>
<body>
  <div class='ocr_page' id='page_1' title='image "./corpusscriptorum07niebuoft_0612.png"; bbox 0 0 1878 3112; ppageno 0'>
   <div class='ocr_carea' id='block_1_1' title="bbox 279 87 1429 175">
    <p class='ocr_par' dir='ltr' id='par_1_1' title="bbox 279 87 1429 175">
     <span class='ocr_line' id='line_1_1' title="bbox 279 87 1429 175; baseline 0.015 -33"><span class='ocrx_word' id='word_1_1' title='bbox 279 87 390 175; x_wconf 72' lang='grc'><strong>546</strong></span> <span class='ocrx_word' id='word_1_2' title='bbox 550 108 907 150; x_wconf 68' lang='lat' dir='ltr'><strong>coNs‘rAerm</strong></span> <span class='ocrx_word' id='word_1_3' title='bbox 942 110 1429 159; x_wconf 63' lang='lat' dir='ltr'><strong>Pomm-noenum</strong></span> 
     </span>
    </p>
   </div>
   <div class='ocr_carea' id='block_1_2' title="bbox 52 210 1770 2662">
    <p class='ocr_par' dir='ltr' id='par_1_2' title="bbox 52 210 1770 2662">
     <span class='ocr_line' id='line_1_2' title="bbox 272 210 1725 276; baseline 0.012 -27"><span class='ocrx_word' id='word_1_4' title='bbox 272 212 412 266; x_wconf 83' lang='grc' dir='ltr'><em>τας,)</em></span> <span class='ocrx_word' id='word_1_5' title='bbox 456 211 669 265; x_wconf 77' lang='grc' dir='ltr'><em>ἐξέρχεται</em></span> <span class='ocrx_word' id='word_1_6' title='bbox 711 210 735 251; x_wconf 81' lang='grc' dir='ltr'><em>ὅ</em></span> <span class='ocrx_word' id='word_1_7' title='bbox 763 210 1037 267; x_wconf 79' lang='grc' dir='ltr'><em>πραιπόσιτος</em></span> <span class='ocrx_word' id='word_1_8' title='bbox 1070 214 1176 268; x_wconf 76' lang='grc' dir='ltr'><em>μετὰ</em></span> <span class='ocrx_word' id='word_1_9' title='bbox 1209 216 1282 258; x_wconf 85' lang='grc' dir='ltr'><strong><em>καί</em></strong></span> <span class='ocrx_word' id='word_1_10' title='bbox 1306 220 1383 260; x_wconf 80' lang='grc' dir='ltr'><strong>τοῦ</strong></span> <span class='ocrx_word' id='word_1_11' title='bbox 1409 221 1482 276; x_wconf 80' lang='grc' dir='ltr'><strong>τῆς</strong></span> <span class='ocrx_word' id='word_1_12' title='bbox 1520 222 1725 266; x_wconf 78' lang='grc' dir='ltr'><em>καταπά-</em></span> 
     </span>
     <span class='ocr_line' id='line_1_3' title="bbox 271 272 1725 340; baseline 0.01 -24"><span class='ocrx_word' id='word_1_13' title='bbox 271 291 378 324; x_wconf 89' lang='grc' dir='ltr'><em>σεως</em></span> <span class='ocrx_word' id='word_1_14' title='bbox 406 274 511 331; x_wconf 80' lang='grc' dir='ltr'><em>πρὸς</em></span> <span class='ocrx_word' id='word_1_15' title='bbox 538 275 584 316; x_wconf 85' lang='grc' dir='ltr'><strong>τὸ</strong></span> <span class='ocrx_word' id='word_1_16' title='bbox 617 276 862 332; x_wconf 74' lang='grc' dir='ltr'><em>εὐτρεπίσαι</em></span> <span class='ocrx_word' id='word_1_17' title='bbox 885 272 983 328; x_wconf 80' lang='grc' dir='ltr'><em>τούς</em></span> <span class='ocrx_word' id='word_1_18' title='bbox 1010 295 1055 321; x_wconf 91' lang='grc' dir='ltr'><strong>τε</strong></span> <span class='ocrx_word' id='word_1_19' title='bbox 1082 277 1322 338; x_wconf 80' lang='grc' dir='ltr'><em>ἇσηκρήτας</em></span> <span class='ocrx_word' id='word_1_20' title='bbox 1349 285 1424 327; x_wconf 81' lang='grc' dir='ltr'><em>καί</em></span> <span class='ocrx_word' id='word_1_21' title='bbox 1448 287 1610 340; x_wconf 79' lang='grc' dir='ltr'><em>πάντα,</em></span> <span class='ocrx_word' id='word_1_22' title='bbox 1643 285 1725 331; x_wconf 75' lang='grc' dir='ltr'><strong>ὅσα</strong></span> 
     </span>
     <span class='ocr_line' id='line_1_4' title="bbox 269 337 1730 407; baseline 0.01 -26"><span class='ocrx_word' id='word_1_23' title='bbox 269 341 297 395; x_wconf 80' lang='grc' dir='ltr'><em>ἧ</em></span> <span class='ocrx_word' id='word_1_24' title='bbox 326 339 532 395; x_wconf 72' lang='grc' dir='ltr'><em>συνήθεια</em></span> <span class='ocrx_word' id='word_1_25' title='bbox 563 338 664 395; x_wconf 76' lang='grc' dir='ltr'><em>ἔχει.</em></span> <span class='ocrx_word' id='word_1_26' title='bbox 722 337 807 385; x_wconf 67' lang='grc' dir='ltr'><em>ἄνω</em></span> <span class='ocrx_word' id='word_1_27' title='bbox 835 341 916 400; x_wconf 74' lang='grc' dir='ltr'><strong>γάρ</strong></span> <span class='ocrx_word' id='word_1_28' title='bbox 947 346 1031 387; x_wconf 76' lang='grc' dir='ltr'><strong>τῶν</strong></span> <span class='ocrx_word' id='word_1_29' title='bbox 1057 346 1293 403; x_wconf 76' lang='grc' dir='ltr'><em>γραὸηλίων</em></span> <span class='ocrx_word' id='word_1_30' title='bbox 1316 349 1450 407; x_wconf 60' lang='grc' dir='ltr'><strong>&gt;μέχρι</strong></span> <span class='ocrx_word' id='word_1_31' title='bbox 1476 355 1555 394; x_wconf 81' lang='grc' dir='ltr'><strong>τοῦ</strong></span> <span class='ocrx_word' id='word_1_32' title='bbox 1581 351 1730 395; x_wconf 54' lang='grc' dir='ltr'><em>τελευζ</em></span> 
     </span>
     <span class='ocr_line' id='line_1_5' title="bbox 267 405 1724 470; baseline 0.008 -20"><span class='ocrx_word' id='word_1_33' title='bbox 267 408 388 449; x_wconf 82' lang='grc' dir='ltr'><em>ταίου</em></span> <span class='ocrx_word' id='word_1_34' title='bbox 427 405 591 448; x_wconf 75' lang='grc' dir='ltr'><em>τίθεται</em></span> <span class='ocrx_word' id='word_1_35' title='bbox 637 407 854 464; x_wconf 74' lang='grc' dir='ltr'><em>ἐπεύχιον,</em></span> <span class='ocrx_word' id='word_1_36' title='bbox 893 413 939 453; x_wconf 82' lang='grc' dir='ltr'><em>ἐν</em></span> <span class='ocrx_word' id='word_1_37' title='bbox 967 406 1001 470; x_wconf 73' lang='grc' dir='ltr'><em>ᾧ</em></span> <span class='ocrx_word' id='word_1_38' title='bbox 1039 412 1233 457; x_wconf 77' lang='grc' dir='ltr'><em>ἵστανται</em></span> <span class='ocrx_word' id='word_1_39' title='bbox 1261 414 1300 457; x_wconf 88' lang='grc' dir='ltr'><strong>οἱ</strong></span> <span class='ocrx_word' id='word_1_40' title='bbox 1330 417 1548 460; x_wconf 76' lang='grc' dir='ltr'><em>δεσπόται·</em></span> <span class='ocrx_word' id='word_1_41' title='bbox 1602 417 1724 462; x_wconf 75' lang='grc' dir='ltr'><em>ἔνθεν</em></span> 
     </span>
     <span class='ocr_line' id='line_1_6' title="bbox 232 468 1747 540; baseline 0.009 -27"><span class='ocrx_word' id='word_1_42' title='bbox 232 474 318 514; x_wconf 80' lang='grc' dir='ltr'><strong>Βὸὲ</strong></span> <span class='ocrx_word' id='word_1_43' title='bbox 345 472 510 514; x_wconf 71' lang='grc' dir='ltr'><em>κάκεῖσε</em></span> <span class='ocrx_word' id='word_1_44' title='bbox 525 507 538 526; x_wconf 89' lang='grc'><em>,</em></span> <span class='ocrx_word' id='word_1_45' title='bbox 571 468 700 529; x_wconf 71' lang='grc' dir='ltr'><em>ἤγουν</em></span> <span class='ocrx_word' id='word_1_46' title='bbox 729 474 844 527; x_wconf 77' lang='grc' dir='ltr'><em>δεξιὰ</em></span> <span class='ocrx_word' id='word_1_47' title='bbox 873 476 948 519; x_wconf 77' lang='grc' dir='ltr'><strong>καὶ</strong></span> <span class='ocrx_word' id='word_1_48' title='bbox 974 477 1199 535; x_wconf 68' lang='grc' dir='ltr'><em>ἀριστερά,</em></span> <span class='ocrx_word' id='word_1_49' title='bbox 1228 474 1358 537; x_wconf 68' lang='grc' dir='ltr'><em>ἤγουν</em></span> <span class='ocrx_word' id='word_1_50' title='bbox 1385 482 1468 524; x_wconf 75' lang='grc' dir='ltr'><strong>ἀπὸ</strong></span> <span class='ocrx_word' id='word_1_51' title='bbox 1499 485 1576 526; x_wconf 79' lang='grc' dir='ltr'><strong>τοῦ</strong></span> <span class='ocrx_word' id='word_1_52' title='bbox 1606 482 1747 540; x_wconf 71' lang='grc' dir='ltr'><em>πρῶ-5</em></span> 
     </span>
     <span class='ocr_line' id='line_1_7' title="bbox 262 538 1724 605; baseline 0.008 -25"><span class='ocrx_word' id='word_1_53' title='bbox 262 554 336 580; x_wconf 87' lang='grc' dir='ltr'><strong>του</strong></span> <span class='ocrx_word' id='word_1_54' title='bbox 376 538 606 594; x_wconf 77' lang='grc' dir='ltr'><em>γραὸηλίου</em></span> <span class='ocrx_word' id='word_1_55' title='bbox 649 543 779 597; x_wconf 85' lang='grc' dir='ltr'><em>μέχρι</em></span> <span class='ocrx_word' id='word_1_56' title='bbox 806 544 881 584; x_wconf 84' lang='grc' dir='ltr'><strong>τοῦ</strong></span> <span class='ocrx_word' id='word_1_57' title='bbox 912 547 1183 599; x_wconf 76' lang='grc' dir='ltr'><em>τελευταίου,</em></span> <span class='ocrx_word' id='word_1_58' title='bbox 1228 547 1418 590; x_wconf 81' lang='grc' dir='ltr'><em>ἵστανται</em></span> <span class='ocrx_word' id='word_1_59' title='bbox 1453 548 1652 605; x_wconf 77' lang='grc' dir='ltr'><em>στιχηδὸν</em></span> <span class='ocrx_word' id='word_1_60' title='bbox 1680 552 1724 592; x_wconf 85' lang='grc' dir='ltr'><strong>οἵ</strong></span> 
     </span>
     <span class='ocr_line' id='line_1_8' title="bbox 263 604 1722 667; baseline 0.008 -20"><span class='ocrx_word' id='word_1_61' title='bbox 263 620 308 647; x_wconf 87' lang='grc' dir='ltr'><strong>τε</strong></span> <span class='ocrx_word' id='word_1_62' title='bbox 337 604 572 662; x_wconf 72' lang='grc' dir='ltr'><em>ἆσηκρῆται</em></span> <span class='ocrx_word' id='word_1_63' title='bbox 605 609 680 649; x_wconf 83' lang='grc' dir='ltr'><em>καί</em></span> <span class='ocrx_word' id='word_1_64' title='bbox 704 607 892 664; x_wconf 77' lang='grc' dir='ltr'><em>νοτάριοι</em></span> <span class='ocrx_word' id='word_1_65' title='bbox 918 611 1135 663; x_wconf 81' lang='grc' dir='ltr'><em>μέλλοντες</em></span> <span class='ocrx_word' id='word_1_66' title='bbox 1163 613 1418 667; x_wconf 78' lang='grc' dir='ltr'><em>ἐκλαβέσθαι</em></span> <span class='ocrx_word' id='word_1_67' title='bbox 1448 613 1499 658; x_wconf 76' lang='grc' dir='ltr'><strong>τὰ</strong></span> <span class='ocrx_word' id='word_1_68' title='bbox 1529 613 1609 657; x_wconf 75' lang='grc' dir='ltr'><strong>ὑπὸ</strong></span> <span class='ocrx_word' id='word_1_69' title='bbox 1642 619 1722 658; x_wconf 81' lang='grc' dir='ltr'><strong>τοῦ</strong></span> 
     </span>
     <span class='ocr_line' id='line_1_9' title="bbox 231 671 1719 738; baseline 0.008 -25"><span class='ocrx_word' id='word_1_70' title='bbox 231 689 233 691; x_wconf 94' lang='grc'><em>·</em></span> <span class='ocrx_word' id='word_1_71' title='bbox 259 673 469 725; x_wconf 85' lang='grc' dir='ltr'><em>βασιλέως</em></span> <span class='ocrx_word' id='word_1_72' title='bbox 495 674 868 730; x_wconf 78' lang='grc' dir='ltr'><em>ὃημηγορούμενα·</em></span> <span class='ocrx_word' id='word_1_73' title='bbox 926 671 1014 718; x_wconf 74' lang='grc' dir='ltr'><em>ἄνω</em></span> <span class='ocrx_word' id='word_1_74' title='bbox 1045 678 1092 720; x_wconf 75' lang='grc' dir='ltr'><strong>δὲ</strong></span> <span class='ocrx_word' id='word_1_75' title='bbox 1122 680 1182 728; x_wconf 87' lang='grc' dir='ltr'><em>εἰς</em></span> <span class='ocrx_word' id='word_1_76' title='bbox 1215 678 1263 720; x_wconf 82' lang='grc' dir='ltr'><strong>τὸ</strong></span> <span class='ocrx_word' id='word_1_77' title='bbox 1297 682 1463 736; x_wconf 75' lang='grc' dir='ltr'><em>πρῶτον</em></span> <span class='ocrx_word' id='word_1_78' title='bbox 1490 682 1719 738; x_wconf 69' lang='grc' dir='ltr'><em>γραὸήλιον</em></span> 
     </span>
     <span class='ocr_line' id='line_1_10' title="bbox 259 738 1717 804; baseline 0.007 -24"><span class='ocrx_word' id='word_1_79' title='bbox 259 738 306 780; x_wconf 80' lang='grc' dir='ltr'><em>έν</em></span> <span class='ocrx_word' id='word_1_80' title='bbox 335 741 394 796; x_wconf 79' lang='grc' dir='ltr'><strong>τῷ</strong></span> <span class='ocrx_word' id='word_1_81' title='bbox 431 738 538 795; x_wconf 85' lang='grc' dir='ltr'><em>πρὸς</em></span> <span class='ocrx_word' id='word_1_82' title='bbox 577 738 781 790; x_wconf 76' lang='grc' dir='ltr'><em>ἀνατολὰς</em></span> <span class='ocrx_word' id='word_1_83' title='bbox 818 743 939 800; x_wconf 77' lang='grc' dir='ltr'><em>δεξιῷ</em></span> <span class='ocrx_word' id='word_1_84' title='bbox 980 745 1100 799; x_wconf 86' lang='grc' dir='ltr'><em>μέρει</em></span> <span class='ocrx_word' id='word_1_85' title='bbox 1151 745 1347 788; x_wconf 76' lang='grc' dir='ltr'><em>ἵστανται</em></span> <span class='ocrx_word' id='word_1_86' title='bbox 1382 742 1466 801; x_wconf 57' lang='lat' dir='ltr'><strong>iifl-s</strong></span> <span class='ocrx_word' id='word_1_87' title='bbox 1493 749 1717 804; x_wconf 77' lang='grc' dir='ltr'><em>λογοθέτης</em></span> 
     </span>
     <span class='ocr_line' id='line_1_11' title="bbox 259 803 1770 870; baseline 0.007 -23"><span class='ocrx_word' id='word_1_88' title='bbox 259 803 333 847; x_wconf 85' lang='grc' dir='ltr'><em>καί</em></span> <span class='ocrx_word' id='word_1_89' title='bbox 374 808 537 860; x_wconf 81' lang='grc' dir='ltr'><em>πρῶτος</em></span> <span class='ocrx_word' id='word_1_90' title='bbox 575 804 811 863; x_wconf 74' lang='grc' dir='ltr'><em>ᾰσηκρὴτης</em></span> <span class='ocrx_word' id='word_1_91' title='bbox 855 810 927 850; x_wconf 83' lang='grc' dir='ltr'><em>καί</em></span> <span class='ocrx_word' id='word_1_92' title='bbox 966 807 991 850; x_wconf 75' lang='grc' dir='ltr'>ὁ</span> <span class='ocrx_word' id='word_1_93' title='bbox 1020 809 1364 869; x_wconf 77' lang='grc' dir='ltr'><em>πρωτονοτάριος.</em></span> <span class='ocrx_word' id='word_1_94' title='bbox 1419 813 1584 868; x_wconf 82' lang='grc' dir='ltr'><em>ἰστέον,</em></span> <span class='ocrx_word' id='word_1_95' title='bbox 1624 811 1770 870; x_wconf 49' lang='lat' dir='ltr'><strong>{iusto</strong></span> 
     </span>
     <span class='ocr_line' id='line_1_12' title="bbox 258 872 1718 934; baseline 0.007 -22"><span class='ocrx_word' id='word_1_96' title='bbox 258 872 344 913; x_wconf 74' lang='grc' dir='ltr'><strong>τῶν</strong></span> <span class='ocrx_word' id='word_1_97' title='bbox 374 872 583 914; x_wconf 81' lang='grc' dir='ltr'><em>δεσποτῶν</em></span> <span class='ocrx_word' id='word_1_98' title='bbox 619 874 937 928; x_wconf 79' lang='grc' dir='ltr'><em>καθεζομένων,</em></span> <span class='ocrx_word' id='word_1_99' title='bbox 980 877 1258 930; x_wconf 81' lang='grc' dir='ltr'><em>παρίστανται</em></span> <span class='ocrx_word' id='word_1_100' title='bbox 1287 877 1331 919; x_wconf 87' lang='grc' dir='ltr'><strong>οἵ</strong></span> <span class='ocrx_word' id='word_1_101' title='bbox 1361 893 1408 920; x_wconf 87' lang='grc' dir='ltr'><strong>τε</strong></span> <span class='ocrx_word' id='word_1_102' title='bbox 1437 881 1516 921; x_wconf 80' lang='grc' dir='ltr'><strong>τοῦ</strong></span> <span class='ocrx_word' id='word_1_103' title='bbox 1541 883 1718 934; x_wconf 75' lang='grc' dir='ltr'><em>κουβου-</em></span> 
     </span>
     <span class='ocr_line' id='line_1_13' title="bbox 258 935 1715 1001; baseline 0.007 -24"><span class='ocrx_word' id='word_1_104' title='bbox 258 937 398 978; x_wconf 84' lang='grc' dir='ltr'><em>κλείου</em></span> <span class='ocrx_word' id='word_1_105' title='bbox 430 935 578 987; x_wconf 78' lang='grc' dir='ltr'><em>πάντες</em></span> <span class='ocrx_word' id='word_1_106' title='bbox 616 939 691 980; x_wconf 80' lang='grc' dir='ltr'><em>καί</em></span> <span class='ocrx_word' id='word_1_107' title='bbox 717 937 757 982; x_wconf 85' lang='grc' dir='ltr'><strong>οἱ</strong></span> <span class='ocrx_word' id='word_1_108' title='bbox 785 942 863 981; x_wconf 84' lang='grc' dir='ltr'><strong>τοῦ</strong></span> <span class='ocrx_word' id='word_1_109' title='bbox 889 943 1128 995; x_wconf 80' lang='grc' dir='ltr'><em>μαγλαβίου</em></span> <span class='ocrx_word' id='word_1_110' title='bbox 1157 941 1233 984; x_wconf 82' lang='grc' dir='ltr'><em>καί</em></span> <span class='ocrx_word' id='word_1_111' title='bbox 1257 944 1332 999; x_wconf 84' lang='grc' dir='ltr'><strong>τῆς</strong></span> <span class='ocrx_word' id='word_1_112' title='bbox 1371 940 1583 1001; x_wconf 76' lang='grc' dir='ltr'><em>ἑταιρείας</em></span> <span class='ocrx_word' id='word_1_113' title='bbox 1623 942 1715 999; x_wconf 77' lang='grc' dir='ltr'><strong>ἅμα</strong></span> 
     </span>
     <span class='ocr_line' id='line_1_14' title="bbox 256 1004 1717 1068; baseline 0.007 -24"><span class='ocrx_word' id='word_1_114' title='bbox 256 1005 332 1045; x_wconf 82' lang='grc' dir='ltr'><em>καί</em></span> <span class='ocrx_word' id='word_1_115' title='bbox 356 1006 439 1046; x_wconf 80' lang='grc' dir='ltr'><strong>τῶν</strong></span> <span class='ocrx_word' id='word_1_116' title='bbox 464 1007 875 1060; x_wconf 81' lang='grc' dir='ltr'><em>χρυσοτρικλινιτῶν.</em></span> <span class='ocrx_word' id='word_1_117' title='bbox 932 1004 999 1049; x_wconf 75' lang='grc' dir='ltr'><strong>ὅτε</strong></span> <span class='ocrx_word' id='word_1_118' title='bbox 1029 1009 1075 1050; x_wconf 79' lang='grc' dir='ltr'><strong>δὲ</strong></span> <span class='ocrx_word' id='word_1_119' title='bbox 1102 1008 1236 1050; x_wconf 85' lang='grc' dir='ltr'><em>πάντα</em></span> <span class='ocrx_word' id='word_1_120' title='bbox 1265 1010 1405 1059; x_wconf 76' lang='grc' dir='ltr'><em>καλῶς</em></span> <span class='ocrx_word' id='word_1_121' title='bbox 1431 1010 1717 1068; x_wconf 73' lang='grc' dir='ltr'><em>εὐτρεπισθῶ-</em></span> 
     </span>
     <span class='ocr_line' id='line_1_15' title="bbox 256 1068 1715 1133; baseline 0.006 -23"><span class='ocrx_word' id='word_1_122' title='bbox 256 1084 348 1122; x_wconf 87' lang='grc' dir='ltr'><em>σιν,</em></span> <span class='ocrx_word' id='word_1_123' title='bbox 388 1068 669 1126; x_wconf 81' lang='grc' dir='ltr'><em>εἰσέρχεταιό</em></span> <span class='ocrx_word' id='word_1_124' title='bbox 712 1069 1010 1127; x_wconf 83' lang='grc' dir='ltr'><em>πραιπόσιτος,</em></span> <span class='ocrx_word' id='word_1_125' title='bbox 1053 1072 1129 1115; x_wconf 83' lang='grc' dir='ltr'><em>καί</em></span> <span class='ocrx_word' id='word_1_126' title='bbox 1160 1082 1412 1130; x_wconf 77' lang='grc' dir='ltr'><em>προσκυνεῖ,</em></span> <span class='ocrx_word' id='word_1_127' title='bbox 1462 1092 1715 1133; x_wconf 85' lang='grc' dir='ltr'><em>σχηματοει-</em></span> 
     </span>
     <span class='ocr_line' id='line_1_16' title="bbox 257 1135 1764 1200; baseline 0.007 -24"><span class='ocrx_word' id='word_1_128' title='bbox 257 1135 340 1185; x_wconf 71' lang='grc' dir='ltr'><em>δαῖς</em></span> <span class='ocrx_word' id='word_1_129' title='bbox 379 1152 467 1185; x_wconf 88' lang='grc' dir='ltr'><strong>πως</strong></span> <span class='ocrx_word' id='word_1_130' title='bbox 503 1135 580 1192; x_wconf 75' lang='grc' dir='ltr'><strong>τὴν</strong></span> <span class='ocrx_word' id='word_1_131' title='bbox 621 1137 808 1194; x_wconf 67' lang='grc' dir='ltr'><em>κεφαλήν</em></span> <span class='ocrx_word' id='word_1_132' title='bbox 845 1138 1077 1181; x_wconf 80' lang='grc' dir='ltr'><em>ὖποκλίνων</em></span> <span class='ocrx_word' id='word_1_133' title='bbox 1131 1140 1204 1181; x_wconf 80' lang='grc' dir='ltr'><em>καί</em></span> <span class='ocrx_word' id='word_1_134' title='bbox 1237 1147 1330 1191; x_wconf 82' lang='grc' dir='ltr'><em>ταῖς</em></span> <span class='ocrx_word' id='word_1_135' title='bbox 1364 1143 1493 1198; x_wconf 73' lang='grc' dir='ltr'><em>χερσί</em></span> <span class='ocrx_word' id='word_1_136' title='bbox 1531 1144 1764 1200; x_wconf 70' lang='grc' dir='ltr'><em>μετρίωςι5</em></span> 
     </span>
     <span class='ocr_line' id='line_1_17' title="bbox 217 1199 1709 1259; baseline 0.006 -17"><span class='ocrx_word' id='word_1_137' title='bbox 217 1203 468 1258; x_wconf 76' lang='grc' dir='ltr'><em>οκουφίζων</em></span> <span class='ocrx_word' id='word_1_138' title='bbox 499 1201 547 1244; x_wconf 83' lang='grc' dir='ltr'><strong>τὸ</strong></span> <span class='ocrx_word' id='word_1_139' title='bbox 580 1199 732 1246; x_wconf 72' lang='grc' dir='ltr'><em>ἑαυτοῦ</em></span> <span class='ocrx_word' id='word_1_140' title='bbox 776 1203 941 1259; x_wconf 87' lang='grc' dir='ltr'><em>σαγίον,</em></span> <span class='ocrx_word' id='word_1_141' title='bbox 975 1204 1063 1246; x_wconf 66' lang='grc' dir='ltr'><strong>’καί</strong></span> <span class='ocrx_word' id='word_1_142' title='bbox 1096 1201 1258 1255; x_wconf 69' lang='grc' dir='ltr'><em>εὐθέως</em></span> <span class='ocrx_word' id='word_1_143' title='bbox 1302 1207 1547 1250; x_wconf 72' lang='grc' dir='ltr'><em>ἀνίστανται</em></span> <span class='ocrx_word' id='word_1_144' title='bbox 1574 1208 1613 1251; x_wconf 84' lang='grc' dir='ltr'><strong>οἱ</strong></span> <span class='ocrx_word' id='word_1_145' title='bbox 1641 1210 1709 1251; x_wconf 80' lang='grc' dir='ltr'><em>δε-</em></span> 
     </span>
     <span class='ocr_line' id='line_1_18' title="bbox 251 1266 1706 1326; baseline 0.005 -16"><span class='ocrx_word' id='word_1_146' title='bbox 251 1266 430 1322; x_wconf 83' lang='grc' dir='ltr'><em>σπόται,</em></span> <span class='ocrx_word' id='word_1_147' title='bbox 478 1271 552 1311; x_wconf 84' lang='grc' dir='ltr'><em>καί</em></span> <span class='ocrx_word' id='word_1_148' title='bbox 584 1267 846 1326; x_wconf 78' lang='grc' dir='ltr'><em>ἐξερχόμενοι</em></span> <span class='ocrx_word' id='word_1_149' title='bbox 881 1269 961 1322; x_wconf 78' lang='grc' dir='ltr'><strong>ἔξω</strong></span> <span class='ocrx_word' id='word_1_150' title='bbox 1007 1272 1083 1312; x_wconf 79' lang='grc' dir='ltr'><strong>τοῦ</strong></span> <span class='ocrx_word' id='word_1_151' title='bbox 1123 1272 1350 1326; x_wconf 80' lang='grc' dir='ltr'><em>καγκέλλου</em></span> <span class='ocrx_word' id='word_1_152' title='bbox 1394 1275 1590 1316; x_wconf 78' lang='grc' dir='ltr'><em>ἵστανται</em></span> <span class='ocrx_word' id='word_1_153' title='bbox 1619 1269 1706 1318; x_wconf 69' lang='grc' dir='ltr'><em>ἄνω</em></span> 
     </span>
     <span class='ocr_line' id='line_1_19' title="bbox 249 1330 1706 1396; baseline 0.004 -19"><span class='ocrx_word' id='word_1_154' title='bbox 249 1334 311 1383; x_wconf 79' lang='grc' dir='ltr'><em>εἷς</em></span> <span class='ocrx_word' id='word_1_155' title='bbox 339 1333 387 1376; x_wconf 87' lang='grc' dir='ltr'><strong>τὸ</strong></span> <span class='ocrx_word' id='word_1_156' title='bbox 426 1337 590 1392; x_wconf 80' lang='grc' dir='ltr'><em>πρῶτον</em></span> <span class='ocrx_word' id='word_1_157' title='bbox 630 1336 874 1392; x_wconf 78' lang='grc' dir='ltr'><em>γραὸήλιον,</em></span> <span class='ocrx_word' id='word_1_158' title='bbox 923 1337 968 1378; x_wconf 79' lang='grc' dir='ltr'><em>ἐν</em></span> <span class='ocrx_word' id='word_1_159' title='bbox 996 1330 1030 1395; x_wconf 75' lang='grc' dir='ltr'><em>ᾧ</em></span> <span class='ocrx_word' id='word_1_160' title='bbox 1057 1337 1131 1379; x_wconf 83' lang='grc' dir='ltr'>καί</span> <span class='ocrx_word' id='word_1_161' title='bbox 1165 1335 1213 1378; x_wconf 87' lang='grc' dir='ltr'>τὸ</span> <span class='ocrx_word' id='word_1_162' title='bbox 1254 1339 1454 1392; x_wconf 77' lang='grc' dir='ltr'><em>ἐπεύχιον</em></span> <span class='ocrx_word' id='word_1_163' title='bbox 1490 1338 1706 1396; x_wconf 76' lang='grc' dir='ltr'><em>ἥπλωται,</em></span> 
     </span>
     <span class='ocr_line' id='line_1_20' title="bbox 249 1398 1706 1459; baseline 0.003 -16"><span class='ocrx_word' id='word_1_164' title='bbox 249 1400 325 1443; x_wconf 78' lang='grc' dir='ltr'><em>καί</em></span> <span class='ocrx_word' id='word_1_165' title='bbox 349 1398 509 1451; x_wconf 69' lang='grc' dir='ltr'><em>εὐθέως</em></span> <span class='ocrx_word' id='word_1_166' title='bbox 540 1401 610 1444; x_wconf 72' lang='grc' dir='ltr'><strong>διὰ</strong></span> <span class='ocrx_word' id='word_1_167' title='bbox 642 1401 844 1456; x_wconf 77' lang='grc' dir='ltr'><em>νεύματος</em></span> <span class='ocrx_word' id='word_1_168' title='bbox 873 1405 948 1444; x_wconf 87' lang='grc' dir='ltr'><strong>τοῦ</strong></span> <span class='ocrx_word' id='word_1_169' title='bbox 975 1405 1256 1459; x_wconf 85' lang='grc' dir='ltr'><em>πραιποσίτου</em></span> <span class='ocrx_word' id='word_1_170' title='bbox 1285 1405 1395 1459; x_wconf 83' lang='grc' dir='ltr'><em>λέγει</em></span> <span class='ocrx_word' id='word_1_171' title='bbox 1421 1402 1534 1455; x_wconf 75' lang='grc' dir='ltr'><em>ἅπας</em></span> <span class='ocrx_word' id='word_1_172' title='bbox 1563 1405 1585 1447; x_wconf 81' lang='grc' dir='ltr'>ὁ</span> <span class='ocrx_word' id='word_1_173' title='bbox 1606 1405 1706 1456; x_wconf 84' lang='grc' dir='ltr'><strong>λαός</strong></span> 
     </span>
     <span class='ocr_line' id='line_1_21' title="bbox 248 1465 1767 1528; baseline 0.005 -20"><span class='ocrx_word' id='word_1_174' title='bbox 248 1466 544 1524; x_wconf 80' lang='grc' dir='ltr'><em>πολυχρόνιον.</em></span> <span class='ocrx_word' id='word_1_175' title='bbox 601 1470 675 1512; x_wconf 79' lang='grc' dir='ltr'><em>καί</em></span> <span class='ocrx_word' id='word_1_176' title='bbox 708 1467 815 1522; x_wconf 72' lang='grc' dir='ltr'><em>μετὰ</em></span> <span class='ocrx_word' id='word_1_177' title='bbox 855 1466 902 1510; x_wconf 81' lang='grc' dir='ltr'><strong>τὸ</strong></span> <span class='ocrx_word' id='word_1_178' title='bbox 945 1471 1119 1524; x_wconf 79' lang='grc' dir='ltr'><em>σιγῆσαι</em></span> <span class='ocrx_word' id='word_1_179' title='bbox 1152 1467 1308 1519; x_wconf 79' lang='grc' dir='ltr'><em>πάντας</em></span> <span class='ocrx_word' id='word_1_180' title='bbox 1346 1465 1524 1526; x_wconf 74' lang='grc' dir='ltr'><em>ἄρχεται</em></span> <span class='ocrx_word' id='word_1_181' title='bbox 1571 1473 1767 1528; x_wconf 63' lang='grc' dir='ltr'><em>δημη-ασ</em></span> 
     </span>
     <span class='ocr_line' id='line_1_22' title="bbox 249 1531 1705 1594; baseline 0.003 -19"><span class='ocrx_word' id='word_1_182' title='bbox 249 1540 387 1590; x_wconf 83' lang='grc' dir='ltr'><em>γορεῖν</em></span> <span class='ocrx_word' id='word_1_183' title='bbox 419 1534 442 1576; x_wconf 80' lang='grc' dir='ltr'>ὁ</span> <span class='ocrx_word' id='word_1_184' title='bbox 474 1535 685 1589; x_wconf 81' lang='grc' dir='ltr'><em>βασιλεύς.</em></span> <span class='ocrx_word' id='word_1_185' title='bbox 741 1536 877 1578; x_wconf 82' lang='grc' dir='ltr'><em>ἰστέον</em></span> <span class='ocrx_word' id='word_1_186' title='bbox 888 1570 901 1589; x_wconf 88' lang='grc'><em>,</em></span> <span class='ocrx_word' id='word_1_187' title='bbox 941 1531 1028 1588; x_wconf 81' lang='grc' dir='ltr'><em>ὅτι,</em></span> <span class='ocrx_word' id='word_1_188' title='bbox 1072 1536 1146 1577; x_wconf 80' lang='grc' dir='ltr'><strong>τοῦ</strong></span> <span class='ocrx_word' id='word_1_189' title='bbox 1176 1537 1384 1590; x_wconf 84' lang='grc' dir='ltr'><em>βασιλέως</em></span> <span class='ocrx_word' id='word_1_190' title='bbox 1417 1538 1705 1594; x_wconf 77' lang='grc' dir='ltr'><em>δημηγοροῦν-</em></span> 
     </span>
     <span class='ocr_line' id='line_1_23' title="bbox 52 1597 1706 1663; baseline 0.002 -21"><span class='ocrx_word' id='word_1_191' title='bbox 52 1599 343 1655; x_wconf 70' lang='grc' dir='ltr'><em>Μ3·185-Ῑ&gt;τος,</em></span> <span class='ocrx_word' id='word_1_192' title='bbox 373 1601 476 1645; x_wconf 76' lang='grc' dir='ltr'><em>κατὰ</em></span> <span class='ocrx_word' id='word_1_193' title='bbox 505 1601 690 1654; x_wconf 81' lang='grc' dir='ltr'><em>τελείαν,</em></span> <span class='ocrx_word' id='word_1_194' title='bbox 728 1597 818 1657; x_wconf 73' lang='grc' dir='ltr'><em>ἦτοι</em></span> <span class='ocrx_word' id='word_1_195' title='bbox 847 1600 1020 1654; x_wconf 79' lang='grc' dir='ltr'><em>στάσιν,</em></span> <span class='ocrx_word' id='word_1_196' title='bbox 1051 1603 1124 1657; x_wconf 76' lang='grc' dir='ltr'><strong>τῆς</strong></span> <span class='ocrx_word' id='word_1_197' title='bbox 1153 1598 1282 1656; x_wconf 71' lang='grc' dir='ltr'><em>αὐτῆς</em></span> <span class='ocrx_word' id='word_1_198' title='bbox 1316 1602 1569 1659; x_wconf 66' lang='grc' dir='ltr'><em>δημηγοριῖις</em></span> <span class='ocrx_word' id='word_1_199' title='bbox 1606 1606 1706 1663; x_wconf 69' lang='grc' dir='ltr'><em>σιγᾷ</em></span> 
     </span>
     <span class='ocr_line' id='line_1_24' title="bbox 248 1664 1700 1725; baseline 0.001 -15"><span class='ocrx_word' id='word_1_200' title='bbox 248 1668 328 1721; x_wconf 85' lang='grc' dir='ltr'><em>μὲν</em></span> <span class='ocrx_word' id='word_1_201' title='bbox 355 1664 376 1710; x_wconf 81' lang='grc' dir='ltr'><em>ὃ</em></span> <span class='ocrx_word' id='word_1_202' title='bbox 405 1667 634 1722; x_wconf 65' lang='grc' dir='ltr'><em>βασιλεὺς,</em></span> <span class='ocrx_word' id='word_1_203' title='bbox 674 1666 697 1708; x_wconf 77' lang='grc' dir='ltr'><em>ὅ</em></span> <span class='ocrx_word' id='word_1_204' title='bbox 729 1669 775 1711; x_wconf 73' lang='grc' dir='ltr'><strong>δὲ</strong></span> <span class='ocrx_word' id='word_1_205' title='bbox 808 1665 911 1716; x_wconf 85' lang='grc' dir='ltr'><strong>λαός</strong></span> <span class='ocrx_word' id='word_1_206' title='bbox 952 1666 1024 1709; x_wconf 75' lang='grc' dir='ltr'><strong>διὰ</strong></span> <span class='ocrx_word' id='word_1_207' title='bbox 1057 1667 1261 1722; x_wconf 79' lang='grc' dir='ltr'><em>νεύματος</em></span> <span class='ocrx_word' id='word_1_208' title='bbox 1302 1668 1379 1710; x_wconf 74' lang='grc' dir='ltr'><strong>τοῦ</strong></span> <span class='ocrx_word' id='word_1_209' title='bbox 1422 1668 1700 1725; x_wconf 85' lang='grc' dir='ltr'><em>πραιποσίτου</em></span> 
     </span>
     <span class='ocr_line' id='line_1_25' title="bbox 246 1769 1698 1811; baseline 0.001 -7"><span class='ocrx_word' id='word_1_210' title='bbox 246 1771 316 1804; x_wconf 84' lang='lat' dir='ltr'><strong>Hic</strong></span> <span class='ocrx_word' id='word_1_211' title='bbox 342 1772 439 1805; x_wconf 91' lang='lat' dir='ltr'><strong>enim</strong></span> <span class='ocrx_word' id='word_1_212' title='bbox 466 1771 542 1804; x_wconf 82' lang='lat' dir='ltr'><strong>exit</strong></span> <span class='ocrx_word' id='word_1_213' title='bbox 567 1782 638 1804; x_wconf 88' lang='lat' dir='ltr'><strong>una</strong></span> <span class='ocrx_word' id='word_1_214' title='bbox 670 1781 750 1804; x_wconf 89' lang='lat' dir='ltr'><strong>cum</strong></span> <span class='ocrx_word' id='word_1_215' title='bbox 775 1770 1033 1805; x_wconf 88' lang='lat' dir='ltr'><strong>cerimoniario</strong></span> <span class='ocrx_word' id='word_1_216' title='bbox 1063 1769 1111 1803; x_wconf 87' lang='lat' dir='ltr'><strong>ad</strong></span> <span class='ocrx_word' id='word_1_217' title='bbox 1136 1769 1358 1805; x_wconf 80' lang='lat' dir='ltr'><strong>ordinandos</strong></span> <span class='ocrx_word' id='word_1_218' title='bbox 1375 1775 1552 1807; x_wconf 80' lang='lat' dir='ltr'><strong>asecretas</strong></span> <span class='ocrx_word' id='word_1_219' title='bbox 1577 1777 1615 1811; x_wconf 77' lang='lat' dir='ltr'><strong>et</strong></span> <span class='ocrx_word' id='word_1_220' title='bbox 1640 1784 1698 1806; x_wconf 90' lang='lat' dir='ltr'><strong>re-</strong></span> 
     </span>
     <span class='ocr_line' id='line_1_26' title="bbox 245 1817 1692 1865; baseline 0.001 -14"><span class='ocrx_word' id='word_1_221' title='bbox 245 1818 348 1865; x_wconf 88' lang='lat' dir='ltr'><strong>liqua</strong></span> <span class='ocrx_word' id='word_1_222' title='bbox 391 1820 534 1859; x_wconf 88' lang='lat' dir='ltr'><strong>omnia,</strong></span> <span class='ocrx_word' id='word_1_223' title='bbox 574 1829 667 1864; x_wconf 85' lang='lat' dir='ltr'><strong>quae</strong></span> <span class='ocrx_word' id='word_1_224' title='bbox 711 1818 943 1851; x_wconf 88' lang='lat' dir='ltr'><strong>cerimoniale</strong></span> <span class='ocrx_word' id='word_1_225' title='bbox 985 1817 1169 1862; x_wconf 80' lang='lat' dir='ltr'><strong>importat.</strong></span> <span class='ocrx_word' id='word_1_226' title='bbox 1236 1817 1330 1851; x_wconf 85' lang='lat' dir='ltr'>Sunt</span> <span class='ocrx_word' id='word_1_227' title='bbox 1365 1824 1486 1851; x_wconf 87' lang='lat' dir='ltr'><strong>autem</strong></span> <span class='ocrx_word' id='word_1_228' title='bbox 1521 1830 1561 1852; x_wconf 86' lang='lat' dir='ltr'><strong>ea</strong></span> <span class='ocrx_word' id='word_1_229' title='bbox 1593 1818 1692 1853; x_wconf 89' lang='lat' dir='ltr'><strong>haec.</strong></span> 
     </span>
     <span class='ocr_line' id='line_1_27' title="bbox 244 1864 1694 1912; baseline 0 -12"><span class='ocrx_word' id='word_1_230' title='bbox 244 1866 458 1910; x_wconf 82' lang='lat' dir='ltr'><strong>Explicatur</strong></span> <span class='ocrx_word' id='word_1_231' title='bbox 482 1877 546 1910; x_wconf 85' lang='lat' dir='ltr'><strong>per</strong></span> <span class='ocrx_word' id='word_1_232' title='bbox 575 1864 702 1910; x_wconf 82' lang='lat' dir='ltr'><strong>gradus</strong></span> <span class='ocrx_word' id='word_1_233' title='bbox 728 1874 945 1909; x_wconf 82' lang='lat' dir='ltr'><strong>magnaurae</strong></span> <span class='ocrx_word' id='word_1_234' title='bbox 968 1875 990 1896; x_wconf 83' lang='lat' dir='ltr'><strong>a</strong></span> <span class='ocrx_word' id='word_1_235' title='bbox 1014 1875 1151 1897; x_wconf 89' lang='lat' dir='ltr'><strong>summo</strong></span> <span class='ocrx_word' id='word_1_236' title='bbox 1179 1864 1290 1910; x_wconf 86' lang='lat' dir='ltr'><strong>gradu</strong></span> <span class='ocrx_word' id='word_1_237' title='bbox 1315 1864 1361 1897; x_wconf 85' lang='lat' dir='ltr'><strong>ad</strong></span> <span class='ocrx_word' id='word_1_238' title='bbox 1391 1865 1553 1898; x_wconf 86' lang='lat' dir='ltr'><strong>infimum</strong></span> <span class='ocrx_word' id='word_1_239' title='bbox 1580 1877 1694 1912; x_wconf 86' lang='lat' dir='ltr'><strong>usque</strong></span> 
     </span>
     <span class='ocr_line' id='line_1_28' title="bbox 246 1912 1694 1957; baseline 0.001 -12"><span class='ocrx_word' id='word_1_240' title='bbox 246 1912 466 1956; x_wconf 82' lang='lat' dir='ltr'><strong>epeuchinm</strong></span> <span class='ocrx_word' id='word_1_241' title='bbox 490 1923 554 1946; x_wconf 78' lang='lat' dir='ltr'><strong>seu</strong></span> <span class='ocrx_word' id='word_1_242' title='bbox 577 1918 693 1957; x_wconf 70' lang='lat' dir='ltr'><strong>tapes,</strong></span> <span class='ocrx_word' id='word_1_243' title='bbox 721 1922 828 1956; x_wconf 91' lang='lat' dir='ltr'><strong>super</strong></span> <span class='ocrx_word' id='word_1_244' title='bbox 850 1922 926 1956; x_wconf 90' lang='lat' dir='ltr'><strong>quo</strong></span> <span class='ocrx_word' id='word_1_245' title='bbox 952 1912 1100 1944; x_wconf 88' lang='lat' dir='ltr'>Domini</span> <span class='ocrx_word' id='word_1_246' title='bbox 1124 1916 1333 1955; x_wconf 78' lang='lat' dir='ltr'><strong>perorantes</strong></span> <span class='ocrx_word' id='word_1_247' title='bbox 1357 1916 1464 1951; x_wconf 55' lang='lat' dir='ltr'><strong>⁸atzam„</strong></span> <span class='ocrx_word' id='word_1_248' title='bbox 1514 1912 1609 1946; x_wconf 88' lang='lat' dir='ltr'><strong>Hinc</strong></span> <span class='ocrx_word' id='word_1_249' title='bbox 1624 1924 1694 1953; x_wconf 76' lang='lat' dir='ltr'><strong>au·</strong></span> 
     </span>
     <span class='ocr_line' id='line_1_29' title="bbox 245 1958 1693 2002; baseline 0.001 -10"><span class='ocrx_word' id='word_1_250' title='bbox 245 1964 317 1992; x_wconf 85' lang='lat' dir='ltr'><strong>tem</strong></span> <span class='ocrx_word' id='word_1_251' title='bbox 343 1965 380 1992; x_wconf 92' lang='lat' dir='ltr'><strong>et</strong></span> <span class='ocrx_word' id='word_1_252' title='bbox 406 1960 528 2001; x_wconf 77' lang='lat' dir='ltr'><strong>illinc,</strong></span> <span class='ocrx_word' id='word_1_253' title='bbox 559 1971 579 1991; x_wconf 89' lang='lat' dir='ltr'><strong>a</strong></span> <span class='ocrx_word' id='word_1_254' title='bbox 607 1959 732 1992; x_wconf 81' lang='lat' dir='ltr'><strong>dextra</strong></span> <span class='ocrx_word' id='word_1_255' title='bbox 756 1969 885 2002; x_wconf 88' lang='lat' dir='ltr'><strong>nempe</strong></span> <span class='ocrx_word' id='word_1_256' title='bbox 912 1963 949 1991; x_wconf 86' lang='lat' dir='ltr'><strong>et</strong></span> <span class='ocrx_word' id='word_1_257' title='bbox 972 1970 992 1991; x_wconf 92' lang='lat' dir='ltr'><strong>a</strong></span> <span class='ocrx_word' id='word_1_258' title='bbox 1015 1959 1186 1999; x_wconf 82' lang='lat' dir='ltr'><strong>sinistra,</strong></span> <span class='ocrx_word' id='word_1_259' title='bbox 1231 1964 1328 1991; x_wconf 88' lang='lat' dir='ltr'><strong>stant</strong></span> <span class='ocrx_word' id='word_1_260' title='bbox 1352 1958 1391 1991; x_wconf 90' lang='lat' dir='ltr'><strong>in</strong></span> <span class='ocrx_word' id='word_1_261' title='bbox 1422 1958 1552 1992; x_wconf 84' lang='lat' dir='ltr'><strong>seriem</strong></span> <span class='ocrx_word' id='word_1_262' title='bbox 1577 1959 1693 1993; x_wconf 81' lang='lat' dir='ltr'><strong>coilo-</strong></span> 
     </span>
     <span class='ocr_line' id='line_1_30' title="bbox 245 2004 1691 2051; baseline 0.001 -12"><span class='ocrx_word' id='word_1_263' title='bbox 245 2007 316 2039; x_wconf 87' lang='lat' dir='ltr'><strong>cati</strong></span> <span class='ocrx_word' id='word_1_264' title='bbox 338 2018 357 2039; x_wconf 90' lang='lat' dir='ltr'><strong>a</strong></span> <span class='ocrx_word' id='word_1_265' title='bbox 376 2008 493 2051; x_wconf 86' lang='lat' dir='ltr'><strong>primo</strong></span> <span class='ocrx_word' id='word_1_266' title='bbox 519 2005 628 2051; x_wconf 83' lang='lat' dir='ltr'><strong>gradu</strong></span> <span class='ocrx_word' id='word_1_267' title='bbox 641 2005 686 2039; x_wconf 87' lang='lat' dir='ltr'><strong>ad</strong></span> <span class='ocrx_word' id='word_1_268' title='bbox 699 2005 862 2039; x_wconf 87' lang='lat' dir='ltr'><strong>infimum</strong></span> <span class='ocrx_word' id='word_1_269' title='bbox 891 2016 1006 2050; x_wconf 88' lang='lat' dir='ltr'><strong>usque</strong></span> <span class='ocrx_word' id='word_1_270' title='bbox 1020 2011 1200 2038; x_wconf 84' lang='lat' dir='ltr'><strong>asecretae</strong></span> <span class='ocrx_word' id='word_1_271' title='bbox 1219 2011 1256 2038; x_wconf 86' lang='lat' dir='ltr'><strong>et</strong></span> <span class='ocrx_word' id='word_1_272' title='bbox 1280 2004 1426 2044; x_wconf 81' lang='lat' dir='ltr'><strong>notarii,</strong></span> <span class='ocrx_word' id='word_1_273' title='bbox 1442 2005 1548 2038; x_wconf 81' lang='lat' dir='ltr'><strong>verba</strong></span> <span class='ocrx_word' id='word_1_274' title='bbox 1564 2005 1691 2040; x_wconf 86' lang='lat' dir='ltr'><strong>Domi-</strong></span> 
     </span>
     <span class='ocr_line' id='line_1_31' title="bbox 242 2051 1684 2098; baseline 0.001 -14"><span class='ocrx_word' id='word_1_275' title='bbox 242 2053 285 2087; x_wconf 84' lang='lat' dir='ltr'><strong>ni</strong></span> <span class='ocrx_word' id='word_1_276' title='bbox 310 2054 506 2098; x_wconf 74' lang='lat' dir='ltr'>excepturi.</span> <span class='ocrx_word' id='word_1_277' title='bbox 532 2053 574 2086; x_wconf 89' lang='lat' dir='ltr'><strong>In</strong></span> <span class='ocrx_word' id='word_1_278' title='bbox 598 2054 715 2098; x_wconf 83' lang='lat' dir='ltr'><strong>primo</strong></span> <span class='ocrx_word' id='word_1_279' title='bbox 730 2058 851 2085; x_wconf 89' lang='lat' dir='ltr'><strong>autem</strong></span> <span class='ocrx_word' id='word_1_280' title='bbox 874 2052 985 2096; x_wconf 85' lang='lat' dir='ltr'><strong>gradu</strong></span> <span class='ocrx_word' id='word_1_281' title='bbox 1020 2052 1066 2089; x_wconf 83' lang='lat' dir='ltr'><strong>ad</strong></span> <span class='ocrx_word' id='word_1_282' title='bbox 1102 2051 1264 2085; x_wconf 77' lang='lat' dir='ltr'><strong>dextram</strong></span> <span class='ocrx_word' id='word_1_283' title='bbox 1298 2052 1512 2085; x_wconf 80' lang='lat' dir='ltr'><strong>orientalem</strong></span> <span class='ocrx_word' id='word_1_284' title='bbox 1546 2058 1684 2096; x_wconf 78' lang='lat' dir='ltr'><strong>partem</strong></span> 
     </span>
     <span class='ocr_line' id='line_1_32' title="bbox 243 2097 1691 2144; baseline 0 -11"><span class='ocrx_word' id='word_1_285' title='bbox 243 2104 340 2135; x_wconf 78' lang='lat' dir='ltr'><strong>stant</strong></span> <span class='ocrx_word' id='word_1_286' title='bbox 362 2099 549 2144; x_wconf 77' lang='lat' dir='ltr'><strong>logotheta</strong></span> <span class='ocrx_word' id='word_1_287' title='bbox 574 2105 611 2137; x_wconf 77' lang='lat' dir='ltr'><strong>et</strong></span> <span class='ocrx_word' id='word_1_288' title='bbox 634 2100 912 2144; x_wconf 85' lang='lat' dir='ltr'><strong>protoasecretis</strong></span> <span class='ocrx_word' id='word_1_289' title='bbox 937 2105 974 2132; x_wconf 88' lang='lat' dir='ltr'><strong>et</strong></span> <span class='ocrx_word' id='word_1_290' title='bbox 997 2100 1278 2142; x_wconf 82' lang='lat' dir='ltr'><strong>protonotarius.</strong></span> <span class='ocrx_word' id='word_1_291' title='bbox 1338 2097 1480 2131; x_wconf 81' lang='lat' dir='ltr'><strong>Interea</strong></span> <span class='ocrx_word' id='word_1_292' title='bbox 1504 2098 1590 2131; x_wconf 89' lang='lat' dir='ltr'><strong>dum</strong></span> <span class='ocrx_word' id='word_1_293' title='bbox 1615 2100 1691 2133; x_wconf 90' lang='lat' dir='ltr'><strong>Do-</strong></span> 
     </span>
     <span class='ocr_line' id='line_1_33' title="bbox 207 2145 1687 2191; baseline 0.001 -12"><span class='ocrx_word' id='word_1_294' title='bbox 207 2146 213 2155; x_wconf 88' lang='lat'>&#39;</span> <span class='ocrx_word' id='word_1_295' title='bbox 241 2146 334 2183; x_wconf 83' lang='lat' dir='ltr'><strong>mini</strong></span> <span class='ocrx_word' id='word_1_296' title='bbox 362 2147 413 2179; x_wconf 91' lang='lat' dir='ltr'><strong>sic</strong></span> <span class='ocrx_word' id='word_1_297' title='bbox 434 2148 475 2179; x_wconf 90' lang='lat' dir='ltr'><strong>in</strong></span> <span class='ocrx_word' id='word_1_298' title='bbox 498 2157 626 2191; x_wconf 82' lang='lat' dir='ltr'><strong>magno</strong></span> <span class='ocrx_word' id='word_1_299' title='bbox 650 2146 810 2179; x_wconf 89' lang='lat' dir='ltr'><strong>triclinio</strong></span> <span class='ocrx_word' id='word_1_300' title='bbox 836 2156 1048 2189; x_wconf 80' lang='lat' dir='ltr'><strong>magnaurae</strong></span> <span class='ocrx_word' id='word_1_301' title='bbox 1074 2145 1221 2188; x_wconf 71' lang='lat' dir='ltr'><strong>sedent,</strong></span> <span class='ocrx_word' id='word_1_302' title='bbox 1257 2150 1506 2188; x_wconf 82' lang='lat' dir='ltr'><strong>exspectantes</strong></span> <span class='ocrx_word' id='word_1_303' title='bbox 1534 2151 1687 2191; x_wconf 85' lang='lat' dir='ltr'><strong>oportu-</strong></span> 
     </span>
     <span class='ocr_line' id='line_1_34' title="bbox 244 2190 1688 2238; baseline 0 -11"><span class='ocrx_word' id='word_1_304' title='bbox 244 2204 331 2227; x_wconf 81' lang='lat' dir='ltr'><strong>num</strong></span> <span class='ocrx_word' id='word_1_305' title='bbox 355 2192 561 2237; x_wconf 87' lang='lat' dir='ltr'><strong>prodeundi</strong></span> <span class='ocrx_word' id='word_1_306' title='bbox 589 2198 753 2237; x_wconf 86' lang='lat' dir='ltr'><strong>tempus,</strong></span> <span class='ocrx_word' id='word_1_307' title='bbox 779 2191 922 2224; x_wconf 82' lang='lat' dir='ltr'><strong>adstant</strong></span> <span class='ocrx_word' id='word_1_308' title='bbox 947 2192 1035 2236; x_wconf 89' lang='lat' dir='ltr'><strong>ipsis</strong></span> <span class='ocrx_word' id='word_1_309' title='bbox 1059 2190 1275 2224; x_wconf 81' lang='lat' dir='ltr'><strong>cubicularii</strong></span> <span class='ocrx_word' id='word_1_310' title='bbox 1301 2202 1424 2224; x_wconf 88' lang='lat' dir='ltr'><strong>omnes</strong></span> <span class='ocrx_word' id='word_1_311' title='bbox 1451 2197 1488 2225; x_wconf 88' lang='lat' dir='ltr'><strong>et</strong></span> <span class='ocrx_word' id='word_1_312' title='bbox 1512 2193 1688 2238; x_wconf 77' lang='lat' dir='ltr'><strong>maglabi·</strong></span> 
     </span>
     <span class='ocr_line' id='line_1_35' title="bbox 241 2237 1686 2284; baseline -0.001 -9"><span class='ocrx_word' id='word_1_313' title='bbox 241 2245 302 2275; x_wconf 65' lang='lat' dir='ltr'><strong>tae</strong></span> <span class='ocrx_word' id='word_1_314' title='bbox 336 2245 374 2272; x_wconf 82' lang='lat' dir='ltr'><strong>et</strong></span> <span class='ocrx_word' id='word_1_315' title='bbox 410 2238 572 2272; x_wconf 82' lang='lat' dir='ltr'><strong>hetaeria</strong></span> <span class='ocrx_word' id='word_1_316' title='bbox 605 2245 642 2272; x_wconf 86' lang='lat' dir='ltr'><strong>et</strong></span> <span class='ocrx_word' id='word_1_317' title='bbox 674 2237 1012 2281; x_wconf 84' lang='lat' dir='ltr'><strong>chrysotriclinitae.</strong></span> <span class='ocrx_word' id='word_1_318' title='bbox 1081 2237 1258 2271; x_wconf 86' lang='lat' dir='ltr'><strong>Omnibus</strong></span> <span class='ocrx_word' id='word_1_319' title='bbox 1292 2243 1412 2271; x_wconf 87' lang='lat' dir='ltr'><strong>autem</strong></span> <span class='ocrx_word' id='word_1_320' title='bbox 1447 2242 1686 2284; x_wconf 79' lang='lat' dir='ltr'><strong>comparatis,</strong></span> 
     </span>
     <span class='ocr_line' id='line_1_36' title="bbox 242 2284 1688 2332; baseline 0.001 -12"><span class='ocrx_word' id='word_1_321' title='bbox 242 2288 356 2321; x_wconf 80' lang='lat' dir='ltr'><strong>intrat</strong></span> <span class='ocrx_word' id='word_1_322' title='bbox 380 2287 604 2332; x_wconf 81' lang='lat' dir='ltr'><strong>praepositus</strong></span> <span class='ocrx_word' id='word_1_323' title='bbox 632 2291 668 2318; x_wconf 88' lang='lat' dir='ltr'><strong>et</strong></span> <span class='ocrx_word' id='word_1_324' title='bbox 690 2285 815 2318; x_wconf 81' lang='lat' dir='ltr'><strong>adorat</strong></span> <span class='ocrx_word' id='word_1_325' title='bbox 842 2284 1041 2317; x_wconf 90' lang='lat' dir='ltr'><strong>Dominum</strong></span> <span class='ocrx_word' id='word_1_326' title='bbox 1065 2289 1162 2318; x_wconf 90' lang='lat' dir='ltr'><strong>certo</strong></span> <span class='ocrx_word' id='word_1_327' title='bbox 1189 2284 1343 2330; x_wconf 87' lang='lat' dir='ltr'><strong>quodam</strong></span> <span class='ocrx_word' id='word_1_328' title='bbox 1369 2291 1469 2330; x_wconf 86' lang='lat' dir='ltr'><strong>gestu</strong></span> <span class='ocrx_word' id='word_1_329' title='bbox 1495 2293 1604 2332; x_wconf 88' lang='lat' dir='ltr'><strong>caput</strong></span> <span class='ocrx_word' id='word_1_330' title='bbox 1627 2289 1688 2322; x_wconf 87' lang='lat' dir='ltr'><strong>in-</strong></span> 
     </span>
     <span class='ocr_line' id='line_1_37' title="bbox 242 2331 1684 2379; baseline 0.001 -12"><span class='ocrx_word' id='word_1_331' title='bbox 242 2334 383 2367; x_wconf 88' lang='lat' dir='ltr'><strong>clinans</strong></span> <span class='ocrx_word' id='word_1_332' title='bbox 417 2343 615 2379; x_wconf 83' lang='lat' dir='ltr'><strong>sagumque</strong></span> <span class='ocrx_word' id='word_1_333' title='bbox 653 2343 757 2366; x_wconf 85' lang='lat' dir='ltr'><strong>suum</strong></span> <span class='ocrx_word' id='word_1_334' title='bbox 799 2331 966 2365; x_wconf 84' lang='lat' dir='ltr'><strong>manibus</strong></span> <span class='ocrx_word' id='word_1_335' title='bbox 1010 2331 1182 2365; x_wconf 81' lang='lat' dir='ltr'><strong>nonnihil</strong></span> <span class='ocrx_word' id='word_1_336' title='bbox 1221 2332 1404 2366; x_wconf 86' lang='lat' dir='ltr'><strong>attollens.</strong></span> <span class='ocrx_word' id='word_1_337' title='bbox 1478 2332 1560 2378; x_wconf 88' lang='lat' dir='ltr'><strong>Quo</strong></span> <span class='ocrx_word' id='word_1_338' title='bbox 1598 2334 1684 2369; x_wconf 80' lang='lat' dir='ltr'><strong>dato·</strong></span> 
     </span>
     <span class='ocr_line' id='line_1_38' title="bbox 239 2378 1685 2427; baseline 0 -13"><span class='ocrx_word' id='word_1_339' title='bbox 239 2380 358 2427; x_wconf 69' lang='lat' dir='ltr'><strong>signo,</strong></span> <span class='ocrx_word' id='word_1_340' title='bbox 382 2381 548 2427; x_wconf 82' lang='lat' dir='ltr'><strong>protinus</strong></span> <span class='ocrx_word' id='word_1_341' title='bbox 575 2379 734 2424; x_wconf 84' lang='lat' dir='ltr'><strong>exsurgit</strong></span> <span class='ocrx_word' id='word_1_342' title='bbox 758 2378 931 2412; x_wconf 87' lang='lat' dir='ltr'><strong>Dominus</strong></span> <span class='ocrx_word' id='word_1_343' title='bbox 956 2389 1189 2424; x_wconf 84' lang='lat' dir='ltr'><strong>egressusque</strong></span> <span class='ocrx_word' id='word_1_344' title='bbox 1216 2383 1314 2414; x_wconf 71' lang='lat' dir='ltr'><strong>extra</strong></span> <span class='ocrx_word' id='word_1_345' title='bbox 1339 2379 1518 2413; x_wconf 83' lang='lat' dir='ltr'><strong>cancellos</strong></span> <span class='ocrx_word' id='word_1_346' title='bbox 1549 2386 1622 2414; x_wconf 84' lang='lat' dir='ltr'><strong>stat</strong></span> <span class='ocrx_word' id='word_1_347' title='bbox 1644 2382 1685 2417; x_wconf 87' lang='lat' dir='ltr'><strong>in</strong></span> 
     </span>
     <span class='ocr_line' id='line_1_39' title="bbox 240 2424 1687 2473; baseline 0 -11"><span class='ocrx_word' id='word_1_348' title='bbox 240 2439 380 2463; x_wconf 80' lang='lat' dir='ltr'><strong>summo</strong></span> <span class='ocrx_word' id='word_1_349' title='bbox 405 2426 514 2473; x_wconf 85' lang='lat' dir='ltr'><strong>gradu</strong></span> <span class='ocrx_word' id='word_1_350' title='bbox 539 2437 646 2470; x_wconf 90' lang='lat' dir='ltr'><strong>super</strong></span> <span class='ocrx_word' id='word_1_351' title='bbox 671 2426 787 2459; x_wconf 88' lang='lat' dir='ltr'><strong>orario</strong></span> <span class='ocrx_word' id='word_1_352' title='bbox 812 2424 866 2459; x_wconf 91' lang='lat' dir='ltr'><strong>ibi</strong></span> <span class='ocrx_word' id='word_1_353' title='bbox 890 2436 1068 2470; x_wconf 84' lang='lat' dir='ltr'><strong>expanso;</strong></span> <span class='ocrx_word' id='word_1_354' title='bbox 1091 2425 1329 2471; x_wconf 88' lang='lat' dir='ltr'><strong>protinusque</strong></span> <span class='ocrx_word' id='word_1_355' title='bbox 1358 2427 1403 2460; x_wconf 87' lang='lat' dir='ltr'><strong>ad</strong></span> <span class='ocrx_word' id='word_1_356' title='bbox 1427 2431 1554 2460; x_wconf 86' lang='lat' dir='ltr'><strong>nutum</strong></span> <span class='ocrx_word' id='word_1_357' title='bbox 1578 2439 1687 2473; x_wconf 63' lang='lat' dir='ltr'><strong>prae÷</strong></span> 
     </span>
     <span class='ocr_line' id='line_1_40' title="bbox 239 2471 1684 2521; baseline 0 -13"><span class='ocrx_word' id='word_1_358' title='bbox 239 2475 352 2521; x_wconf 87' lang='lat' dir='ltr'><strong>positi</strong></span> <span class='ocrx_word' id='word_1_359' title='bbox 377 2474 468 2508; x_wconf 85' lang='lat' dir='ltr'><strong>dicit</strong></span> <span class='ocrx_word' id='word_1_360' title='bbox 491 2474 608 2506; x_wconf 81' lang='lat' dir='ltr'><strong>omnis</strong></span> <span class='ocrx_word' id='word_1_361' title='bbox 644 2473 800 2517; x_wconf 78' lang='lat' dir='ltr'><strong>populus</strong></span> <span class='ocrx_word' id='word_1_362' title='bbox 840 2471 1116 2517; x_wconf 85' lang='lat' dir='ltr'><strong>polychronium</strong></span> <span class='ocrx_word' id='word_1_363' title='bbox 1151 2484 1213 2505; x_wconf 92' lang='lat' dir='ltr'><strong>seu</strong></span> <span class='ocrx_word' id='word_1_364' title='bbox 1248 2477 1371 2506; x_wconf 88' lang='lat' dir='ltr'><strong>votum</strong></span> <span class='ocrx_word' id='word_1_365' title='bbox 1409 2473 1603 2513; x_wconf 79' lang='lat' dir='ltr'><strong>diuturnae</strong></span> <span class='ocrx_word' id='word_1_366' title='bbox 1646 2478 1684 2510; x_wconf 85' lang='lat' dir='ltr'><strong>et</strong></span> 
     </span>
     <span class='ocr_line' id='line_1_41' title="bbox 238 2519 1682 2568; baseline -0.001 -12"><span class='ocrx_word' id='word_1_367' title='bbox 238 2533 433 2568; x_wconf 74' lang='lat' dir='ltr'><strong>prosperae</strong></span> <span class='ocrx_word' id='word_1_368' title='bbox 458 2522 566 2557; x_wconf 85' lang='lat' dir='ltr'><strong>vitae.</strong></span> <span class='ocrx_word' id='word_1_369' title='bbox 615 2519 771 2553; x_wconf 83' lang='lat' dir='ltr'><strong>Reddito</strong></span> <span class='ocrx_word' id='word_1_370' title='bbox 797 2519 958 2560; x_wconf 69' lang='lat' dir='ltr'><strong>silentio,</strong></span> <span class='ocrx_word' id='word_1_371' title='bbox 984 2520 1116 2564; x_wconf 87' lang='lat' dir='ltr'><strong>incipit</strong></span> <span class='ocrx_word' id='word_1_372' title='bbox 1150 2519 1326 2553; x_wconf 76' lang='lat' dir='ltr'><strong>Dominus</strong></span> <span class='ocrx_word' id='word_1_373' title='bbox 1360 2530 1539 2565; x_wconf 85' lang='lat' dir='ltr'><strong>perorare.</strong></span> <span class='ocrx_word' id='word_1_374' title='bbox 1599 2521 1682 2566; x_wconf 84' lang='lat' dir='ltr'><strong>Quo</strong></span> 
     </span>
     <span class='ocr_line' id='line_1_42' title="bbox 237 2565 1682 2613; baseline -0.001 -10"><span class='ocrx_word' id='word_1_375' title='bbox 237 2569 290 2605; x_wconf 79' lang='lat' dir='ltr'><strong>sic</strong></span> <span class='ocrx_word' id='word_1_376' title='bbox 315 2568 362 2602; x_wconf 87' lang='lat' dir='ltr'><strong>ad</strong></span> <span class='ocrx_word' id='word_1_377' title='bbox 393 2569 541 2604; x_wconf 89' lang='lat' dir='ltr'><strong>teleiam</strong></span> <span class='ocrx_word' id='word_1_378' title='bbox 565 2578 628 2601; x_wconf 88' lang='lat' dir='ltr'><strong>seu</strong></span> <span class='ocrx_word' id='word_1_379' title='bbox 652 2566 933 2612; x_wconf 87' lang='lat' dir='ltr'><strong>perfectionem,</strong></span> <span class='ocrx_word' id='word_1_380' title='bbox 959 2566 1038 2607; x_wconf 89' lang='lat' dir='ltr'><strong>vel,</strong></span> <span class='ocrx_word' id='word_1_381' title='bbox 1059 2565 1157 2613; x_wconf 89' lang='lat' dir='ltr'><strong>quod</strong></span> <span class='ocrx_word' id='word_1_382' title='bbox 1182 2566 1278 2600; x_wconf 81' lang='lat' dir='ltr'><strong>idem</strong></span> <span class='ocrx_word' id='word_1_383' title='bbox 1305 2572 1378 2608; x_wconf 87' lang='lat' dir='ltr'><strong>est,</strong></span> <span class='ocrx_word' id='word_1_384' title='bbox 1404 2567 1458 2600; x_wconf 88' lang='lat' dir='ltr'><strong>.ad</strong></span> <span class='ocrx_word' id='word_1_385' title='bbox 1481 2568 1592 2601; x_wconf 83' lang='lat' dir='ltr'><strong>stasin</strong></span> <span class='ocrx_word' id='word_1_386' title='bbox 1618 2579 1682 2605; x_wconf 83' lang='lat' dir='ltr'><strong>seu</strong></span> 
     </span>
     <span class='ocr_line' id='line_1_43' title="bbox 235 2613 1680 2662; baseline -0.002 -11"><span class='ocrx_word' id='word_1_387' title='bbox 235 2628 407 2662; x_wconf 82' lang='lat' dir='ltr'><strong>pausam,</strong></span> <span class='ocrx_word' id='word_1_388' title='bbox 425 2615 547 2650; x_wconf 83' lang='lat' dir='ltr'><strong>delato</strong></span> <span class='ocrx_word' id='word_1_389' title='bbox 569 2613 656 2658; x_wconf 85' lang='lat' dir='ltr'><strong>[hoc</strong></span> <span class='ocrx_word' id='word_1_390' title='bbox 674 2619 728 2647; x_wconf 84' lang='lat' dir='ltr'><strong>est</strong></span> <span class='ocrx_word' id='word_1_391' title='bbox 751 2625 914 2648; x_wconf 87' lang='lat' dir='ltr'><strong>sermone</strong></span> <span class='ocrx_word' id='word_1_392' title='bbox 939 2613 1073 2658; x_wconf 86' lang='lat' dir='ltr'><strong>finito‚]</strong></span> <span class='ocrx_word' id='word_1_393' title='bbox 1094 2618 1190 2647; x_wconf 68' lang='lat' dir='ltr'><strong>tacet</strong></span> <span class='ocrx_word' id='word_1_394' title='bbox 1214 2615 1293 2659; x_wconf 89' lang='lat' dir='ltr'><strong>ipse</strong></span> <span class='ocrx_word' id='word_1_395' title='bbox 1325 2613 1493 2660; x_wconf 82' lang='lat' dir='ltr'><strong>quidem3</strong></span> <span class='ocrx_word' id='word_1_396' title='bbox 1523 2615 1680 2659; x_wconf 77' lang='lat' dir='ltr'><strong>populus</strong></span> 
     </span>
    </p>
   </div>
   <div class='ocr_carea' id='block_1_3' title="bbox 235 2661 1678 2757">
    <p class='ocr_par' dir='ltr' id='par_1_3' title="bbox 235 2661 1678 2757">
     <span class='ocr_line' id='line_1_44' title="bbox 236 2661 1678 2709; baseline -0.001 -13"><span class='ocrx_word' id='word_1_397' title='bbox 236 2668 358 2698; x_wconf 87' lang='lat' dir='ltr'><strong>autem</strong></span> <span class='ocrx_word' id='word_1_398' title='bbox 373 2661 571 2709; x_wconf 86' lang='lat' dir='ltr'><strong>praepositi</strong></span> <span class='ocrx_word' id='word_1_399' title='bbox 585 2666 675 2698; x_wconf 85' lang='lat' dir='ltr'><strong>nutu</strong></span> <span class='ocrx_word' id='word_1_400' title='bbox 688 2661 846 2694; x_wconf 86' lang='lat' dir='ltr'><strong>monitus</strong></span> <span class='ocrx_word' id='word_1_401' title='bbox 860 2661 990 2695; x_wconf 86' lang='lat' dir='ltr'><strong>recitat</strong></span> <span class='ocrx_word' id='word_1_402' title='bbox 1001 2661 1231 2701; x_wconf 85' lang='lat' dir='ltr'><strong>canticulum,</strong></span> <span class='ocrx_word' id='word_1_403' title='bbox 1244 2672 1315 2707; x_wconf 90' lang='lat' dir='ltr'><strong>quo</strong></span> <span class='ocrx_word' id='word_1_404' title='bbox 1328 2664 1468 2706; x_wconf 74' lang='lat' dir='ltr'><strong>longam</strong></span> <span class='ocrx_word' id='word_1_405' title='bbox 1485 2661 1552 2706; x_wconf 88' lang='lat' dir='ltr'><strong>ipsi</strong></span> <span class='ocrx_word' id='word_1_406' title='bbox 1569 2662 1678 2704; x_wconf 53' lang='lat' dir='ltr'><strong>vitani</strong></span> 
     </span>
     <span class='ocr_line' id='line_1_45' title="bbox 235 2707 1677 2757; baseline -0.003 -11"><span class='ocrx_word' id='word_1_407' title='bbox 235 2715 272 2746; x_wconf 83' lang='lat' dir='ltr'><strong>et</strong></span> <span class='ocrx_word' id='word_1_408' title='bbox 284 2711 374 2746; x_wconf 83' lang='lat' dir='ltr'><strong>felix</strong></span> <span class='ocrx_word' id='word_1_409' title='bbox 386 2710 605 2757; x_wconf 85' lang='lat' dir='ltr'><strong>imperiuma</strong></span> <span class='ocrx_word' id='word_1_410' title='bbox 615 2708 693 2744; x_wconf 87' lang='lat' dir='ltr'><strong>Deo</strong></span> <span class='ocrx_word' id='word_1_411' title='bbox 707 2714 884 2754; x_wconf 81' lang='lat' dir='ltr'><strong>precatur.</strong></span> <span class='ocrx_word' id='word_1_412' title='bbox 898 2708 948 2743; x_wconf 91' lang='lat' dir='ltr'><strong>Eo</strong></span> <span class='ocrx_word' id='word_1_413' title='bbox 958 2707 1074 2751; x_wconf 85' lang='lat' dir='ltr'><strong>finito,</strong></span> <span class='ocrx_word' id='word_1_414' title='bbox 1087 2709 1205 2752; x_wconf 81' lang='lat' dir='ltr'><strong>signat</strong></span> <span class='ocrx_word' id='word_1_415' title='bbox 1214 2709 1411 2754; x_wconf 87' lang='lat' dir='ltr'><strong>Imperator</strong></span> <span class='ocrx_word' id='word_1_416' title='bbox 1422 2707 1598 2755; x_wconf 83' lang='lat' dir='ltr'><strong>populum</strong></span> <span class='ocrx_word' id='word_1_417' title='bbox 1610 2713 1677 2752; x_wconf 79' lang='lat' dir='ltr'><strong>ter,</strong></span> 
     </span>
    </p>
   </div>
  </div>
 </body>
</html>
