1884 3112
300 124 412 183 288
571 109 930 189 co'NsrAN‘rmi
968 145 1456 189 PORPHYROGssNlTl
1496 156 1499 159 ·

297 249 385 305 νην.
441 247 563 304 ἧνίκα
595 251 641 291 δὲ
669 244 860 305 ἄρξονται
886 241 962 304 τὴν
993 249 1161 306 φωνὴν,
1205 249 1411 305 λαμβάνει
1451 251 1587 305 νεῦμα
1614 248 1639 292 ὅ
1666 249 1741 305 τῆς

297 314 592 364 καταστάσεως
621 314 736 370 παρὰ
764 317 842 357 τοῦ
862 316 1136 371 πραιποσιτου
1162 313 1244 359 ἀπὸ
1266 316 1503 370 κελεύσεως,
1532 315 1607 359 καί
1631 315 1742 359 νεύει

98 387 383 429 Εᾱ.1,,,68τοῖς
428 380 669 432 ὑπατικοῖς,
712 379 750 422 οἱ
791 382 836 424 δὲ
883 383 1136 438 α’πέρχονται
1172 385 1246 424 καί
1287 385 1548 438 εἰσέρχονται
1593 384 1638 425 ἐν
1682 383 1740 440 τῷ

288 447 586 503 Ἰουστινιανῷ,
632 448 708 489 καί
749 449 941 490 ἵστανται
982 450 1026 490 ἐν
1066 451 1118 507 τῇ
1162 450 1303 492 αὑτῶν
1350 447 1464 500 τάξει
1501 447 1622 491 ἔνθεν
1662 444 1739 490 κᾶ-

293 515 455 564 κεῖθεν,
496 511 569 553 καί
600 514 673 567 τῆς
703 515 846 570 φωνῆς
882 517 1168 570 τελεσθείσης,
1219 514 1441 558 ἀνίσταται
1469 514 1490 556 ὃ
1518 512 1767 569 βασιλεύςῤ

289 579 364 620 καί
411 575 569 628 εὐθέως
607 577 737 622 πάλιν
781 577 908 623 αὐλεῖ
949 579 996 622 τὸ
1046 576 1235 637 ὄργανον.
1289 583 1362 624 καί
1387 582 1549 624 ἵσταται
1603 579 1624 622 ὁ
1661 583 1742 634 βα-

293 642 434 694 σιλεύς
476 639 652 688 ὄπισθεν
692 648 766 688 τοῦ
803 648 974 698 σε’ντζου
990 681 1002 700 ,
1028 648 1101 689 καί
1127 646 1261 690 ὄπίσω
1290 649 1424 690 αὐτοῦ
1451 649 1641 690 ἵστανται
1670 649 1742 689 εὕ-

293 713 369 754 νοῦ
367 727 439 765 χοι
459 711 830 769 πρωτοσπαθάριοι
851 710 1113 768 ἧλλαγμένοι·
1137 713 1174 756 οἱ
1192 716 1237 756 δὲ
1262 709 1458 771 ἄρχοντες
1477 716 1742 769 τοῦκουβου-

294 779 446 830 κλείου,
487 778 707 834 πατρίκιοί
738 795 782 822 τε
822 781 896 821 καί
922 782 1151 836 στρατηγοί
1180 780 1370 824 ἵστανται
1398 779 1519 824 ἔνθεν
1547 781 1739 823 κιῖκεῖθεν

293 841 532 899 ἐζιιπροσθεν
568 846 643 888 τοῦ
679 848 883 899 βασιλέως
920 848 1050 903 μέχρι
1088 850 1162 903 τῆς
1204 845 1453 903 εἷσαγούσης
1494 847 1627 903 πύλης
1655 843 1793 893 «indm

294 911 471 965 πλαγίας
499 912 545 954 ἐν
570 913 624 970 τῷ
649 912 938 971 Ἰουστινιανῷ.
999 915 1087 971 (E.)
1119 915 1214 956 Kal
1238 913 1380 968 λαβών
1406 914 1539 967 νεῦμα
1567 910 1588 955 ὅ
1616 929 1742 968 πραι-

293 974 459 1025 πόσιτος
486 976 599 1033 παρὰ
630 981 704 1020 τοῦ
731 981 960 1033 βασιλέως,
1010 980 1123 1021 νεύει
1162 980 1491 1038 κουβικουλαρίῳ
1519 981 1576 1038 τῷ
1605 995 1742 1036 φωνο-

251 1051 279 1084 Β
293 1041 414 1100 βόλῳ,
443 1039 627 1094 κάκεῖνος
654 1044 911 1101 παρακύψας
939 1045 1045 1088 νεύει
1076 1048 1121 1088 ἐκ
1148 1047 1289 1103 τρίτου
1304 1040 1366 1105 ’τῷ
1393 1049 1494 1104 λαῷ,
1523 1047 1596 1089 καί
1613 1043 1742 1088 παύει

294 1107 341 1150 τὸ
373 1103 546 1164 ὄργανον
574 1111 647 1152 καί
672 1109 750 1153 σὺν
779 1110 893 1169 αὐτῷ
919 1112 958 1154 οἱ
985 1114 1060 1154 τοῦ
1086 1113 1253 1168 μέρους,
1283 1114 1356 1154 καί
1381 1111 1539 1163 εὐθέως
1561 1106 1740 1168 ἄρχεται

294 1173 317 1216 ὃ
347 1175 582 1231 φωνοβόλος
609 1178 763 1231 λέγειν·
819 1177 872 1231 ,,ὄ
900 1177 1220 1232 παντοὸύναμος
1257 1180 1329 1220 καί
1354 1179 1576 1227 πολυέλεος
1606 1175 1792 1227 &sog-”15

292 1240 366 1282 καί
389 1239 438 1284 τά
467 1239 574 1298 ἑξῆς.
630 1245 702 1285 καί
725 1246 965 1294 τελέσαντος
993 1244 1149 1297 αὐτοῦ,
1201 1239 1402 1300 ἄρχονται
1437 1242 1514 1294 τὰς
1542 1241 1737 1299 συνήθεις

293 1307 476 1364 αἰτήσεις
504 1309 737 1370 αἰτεῖσθαι,
778 1311 850 1352 καί
876 1306 1052 1366 ἑκάστης
1081 1310 1285 1366 αἰτήσεως
1312 1310 1598 1365 τελεσθείσης,
1627 1308 1739 1352 νεύει

289 1372 315 1414 ὅ
344 1371 615 1430 πραιπόσιτος
658 1379 718 1435 τῷ
756 1376 1006 1435 φωνοβόλῳ,
1054 1378 1240 1427 κάκεῖνος
1279 1376 1524 1419 συντίθεται
1566 1374 1634 1418 διὰ
1665 1377 1739 1431 τῆς

287 1439 433 1497 χειρὸς
461 1443 508 1484 ἐκ
533 1442 566 1497 γ’
596 1445 689 1484 καθ’
718 1439 911 1499 ἑκάστην,
940 1442 998 1492 ὥς
1027 1439 1218 1500 ἀνωτέρω
1247 1441 1423 1499 εἴρηται.
1478 1444 1552 1484 καί
1576 1441 1738 1484 πάντων

292 1508 592 1562 τελεσθέντων,
637 1511 850 1566 διέρχεται
878 1509 900 1551 ὃ
929 1508 1151 1564 βασιλεύς,
1197 1508 1508 1567 ὃηριγευόμενος
1543 1506 1626 1550 ὑπὸ
1653 1510 1793 1556 ταῖνᾳο

96 1569 505 1630 Με.ιαο.αᾶρχόντων
531 1577 610 1616 τοῦ
627 1574 936 1630 κουβουκλείου,
964 1577 1194 1632 πατρικίων
1221 1592 1266 1618 τε
1294 1577 1365 1618 καί
1386 1576 1635 1632 στρατηγῶν,
1665 1571 1736 1616 διὰ

289 1641 367 1682 τοῦ
389 1639 687 1683 Ἰουστινιανοῦ
714 1642 951 1698 τρικλίνου,
995 1642 1020 1697 ἦ
1053 1644 1099 1684 δὲ
1128 1640 1352 1698 σύγκλητος
1389 1638 1479 1695 ἅμα
1518 1643 1738 1696 σπαθαρο-

289 1704 548 1749 κανὸιδάτων
575 1708 650 1749 καί
674 1707 925 1764 σπαθαρίων
955 1710 1147 1752 ἵστανται
1174 1708 1295 1751 ἔνθεν
1322 1705 1505 1761 κάκεῖσε,
1541 1706 1739 1756 ὡσαύτως

290 1772 366 1813 καί
389 1771 433 1814 τὸ
464 1768 582 1830 ὅρμα
610 1773 775 1817 ἵσταται
803 1776 847 1826 ἐξ
875 1771 1101 1832 ἀριστερᾶς
1128 1777 1202 1830 τῆς
1240 1775 1466 1832 ἐξαγούσης
1493 1772 1626 1830 πύλης
1653 1770 1736 1815 cim}

291 1841 366 1881 τοῦ
388 1838 686 1883 Ἰουστινιανοῦ
714 1842 760 1884 ἐν
786 1842 842 1900 τῷ
868 1843 1094 1900 λαυσιακῷ,
1123 1844 1168 1884 ἐν
1195 1835 1224 1900 ᾗ
1245 1842 1318 1884 καί
1343 1840 1390 1883 τὸ
1416 1839 1600 1894 σκάμνον
1620 1841 1791 1889 ἵστα-25

387 1932 418 1965 7.
439 1919 580 1956 Verba:
606 1920 732 1955 ὀπίσω
757 1941 799 1948 -
825 1920 1173 1969 πρωτοσπαθάριοι
1201 1922 1242 1959 Β,
1267 1919 1348 1954 add.
1372 1920 1453 1955 vid.
1477 1930 1512 1965 p.
1543 1931 1619 1965 ¹7⁰·
1644 1919 1685 1955 B.

294 1987 422 2022 ordine
461 1994 584 2032 stant,
618 1996 838 2038 peractoque
873 1997 1002 2034 cantu,
1037 1993 1151 2038 surgit
1174 1991 1395 2037 Imperator,
1428 1994 1465 2024 et
1488 1988 1609 2023 statim
1633 1997 1739 2032 orga-

293 2046 381 2068 num
411 2042 526 2070 sonat.
574 2038 771 2083 Imperator
802 2050 914 2084 prope
950 2038 1139 2079 thronum,
1177 2040 1254 2072 eius
1287 2038 1466 2078 ministri,
1501 2035 1564 2081 qui
1598 2039 1738 2067 mutare

292 2088 410 2116 vestes
435 2083 577 2125 solent,
610 2086 786 2129 praefecti
819 2085 1009 2127 cubiculo,
1037 2086 1179 2130 patricii
1214 2089 1251 2118 et
1285 2085 1432 2128 strategi
1464 2091 1595 2116 coram¹
1616 2081 1737 2125 Impea

292 2134 414 2163 ratore
437 2141 552 2175 usque
576 2130 622 2163 ad
646 2138 806 2176 portam,
841 2143 933 2178 quae
959 2143 978 2164 a
1009 2133 1121 2166 latere
1145 2133 1185 2166 in
1219 2131 1410 2164 Iustiniani
1443 2129 1643 2163 triclinium
1669 2126 1740 2160 du·-

295 2176 367 2215 cit,
404 2176 576 2223 utrinque
602 2177 757 2212 adstant.
806 2178 897 2224 (V.)
922 2179 1136 2212 Admonitus
1162 2178 1207 2211 ab
1243 2179 1460 2222 Imperatore
1490 2175 1739 2221 praepositus,

291 2222 516 2256 cubiculario
542 2226 767 2268 praecentori
792 2226 931 2272 signum
960 2225 1032 2264 dat,
1058 2226 1088 2258 is
1111 2226 1334 2270 prospiciens
1358 2229 1414 2257 ter
1438 2225 1578 2269 signum
1602 2221 1739 2266 populo

293 2269 369 2303 dat:
395 2281 538 2314 organo,
565 2282 716 2318 cumque
744 2273 820 2316 ipso
848 2272 986 2306 duabus
1011 2273 1232 2306 factionibus
1259 2271 1463 2311 silentibus,
1489 2270 1609 2303 statim
1633 2279 1740 2314 prae·

292 2321 421 2351 centor
442 2317 590 2361 incipit:
630 2319 862 2364 Omnipotens
886 2328 921 2353 et
944 2321 1152 2354 misericors
1177 2320 1301 2359 Deus,
1329 2323 1365 2351 et
1389 2324 1579 2364 postquam
1605 2316 1739 2357 desiit,

291 2369 484 2398 consuetas
517 2365 714 2409 petitiones
743 2366 862 2400 dicere
886 2366 1088 2411 incipiunt,
1120 2366 1252 2412 quibus
1285 2366 1434 2410 singulis
1460 2364 1598 2404 finitis,
1633 2373 1742 2408 prae-

291 2412 416 2457 posito
451 2412 591 2457 signum
625 2414 850 2458 praecentori
875 2412 1006 2454 dante,
1039 2414 1068 2446 is
1100 2418 1156 2446 ter
1180 2418 1262 2458 post
1298 2413 1458 2457 singulas
1483 2421 1605 2456 preces
1631 2420 1740 2443 manu

292 2459 398 2504 signo
420 2457 516 2499 dato,
534 2458 619 2504 ipsis
639 2460 789 2498 annuit,
814 2466 855 2494 ut
875 2472 981 2506 supra
1004 2460 1140 2493 dictum
1175 2465 1238 2493 est.
1287 2460 1442 2493 Peractis
1464 2458 1643 2498 omnibus,
1669 2457 1740 2489 lin-‘-

292 2510 441 2551 perator
457 2517 476 2538 a
500 2506 692 2550 praefectis
718 2507 912 2547 cubiculo,
947 2507 1112 2554 patriciis
1137 2513 1174 2540 et
1198 2507 1351 2540 ducibus
1381 2507 1554 2551 stipatus,
1586 2515 1652 2549 per
1677 2504 1740 2536 Iu·

291 2553 516 2586 atinianeum
546 2553 745 2588 triclinium
771 2554 946 2596 discedit5
978 2560 1122 2588 senatus
1146 2560 1264 2587 autem
1287 2565 1366 2587 cum
1395 2549 1740 2599 spatharocandidaa-

292 2600 342 2632 ‘tis
357 2625 366 2639 ,
392 2598 656 2646 spathariisque
674 2599 760 2635 hinc
782 2606 819 2635 et
842 2602 945 2636 illinc
970 2601 1134 2642 adstant,
1157 2602 1291 2634 milites
1317 2611 1462 2647 quoque
1489 2599 1534 2632 ad
1559 2598 1740 2632 sinistram

291 2651 420 2690 portae
445 2657 463 2679 e
491 2647 684 2681 Iustiniani
711 2648 871 2682 triclinio
888 2649 927 2683 in
945 2649 1136 2682 lausiacum
1153 2648 1317 2681 ducentis
1341 2653 1450 2688 stant,
1472 2646 1537 2680 ubi
1558 2655 1739 2679 scamnum

294 2694 526 2737 curopalatae
551 2700 615 2728 est.
663 2695 898 2741 Imperatori,
923 2708 988 2740 per
1013 2695 1171 2729 medium
1200 2701 1382 2735 senatum,
1408 2699 1449 2727 ut
1472 2694 1647 2731 diximus,
1681 2691 1739 2724 di·

296 2739 494 2784 gredienti,
519 2752 644 2776 omnes
671 2742 778 2788 longa
804 2754 845 2777 ac
871 2743 994 2777 felicia
1017 2748 1177 2788 tempora
1206 2747 1464 2788 apprecantur‚
1490 2751 1562 2787 quo
1581 2739 1694 2780 facto,
1717 2749 1739 2771 ι
