1878 3112
352 125 425 166 DE
461 121 721 167 cEmMoN.
759 119 939 164 AULAE
974 118 1198 163 ΒῩΖΑΝΤ.
1236 122 1271 165 1.
1297 120 1366 168 69.
1483 99 1594 176 337

160 229 238 285 πέρ
241 242 389 283 χονται
416 227 478 278 εἷς
503 226 578 269 τὸν
605 226 761 281 δῆμον,
807 220 907 267 ὅθεν
944 224 1051 267 εἰσίν
1077 222 1117 265 οἱ
1140 222 1260 265 ἵπποι
1275 254 1290 276 ,
1316 217 1391 263 ναὶ
1412 219 1521 274 μετὰ
1548 217 1598 262 τὰ

159 297 302 348 λαβεῖν
328 293 382 335 τὰ
411 290 605 344 ἔπαθλα,
643 292 909 347 στεφομὲνων
933 289 1075 331 αὐτῶν
1102 286 1148 330 ἔκ
1175 291 1247 331 τοῦ
1274 287 1502 341 βασιλέως,
1549 281 1602 327 οἷ-

160 361 384 416 πὲρχονται
421 360 482 407 εἰς
514 355 583 400 τὸν
624 352 762 398 αὐτῶν
790 357 931 412 δῆμον.
986 357 1178 410 λέγουσιν
1205 349 1327 396 afim*
1350 347 1467 395 ἇκτα.
1523 350 1600 395 εὀὶν

115 436 120 442 ·
162 428 210 468 δὲ
238 421 631 478 ἅντιπαραδιδόντες
661 421 699 464 οἱ
726 422 923 477 τέσσαρες
949 421 1113 476 ἡνίοχοι
1139 414 1192 462 τά
1220 415 1412 475 ἅρματα,
1440 415 1499 473 μὴ
1525 412 1600 459 ἆν-

134 487 503 546 5τιπαραδώσουσι
529 486 630 537 τούς
657 484 1086 543 ἇφετοθυρανοίκτας,
1119 486 1228 540 μηδὲ
1253 482 1352 534 τοὺς
1376 479 1633 538 θεωρητὰςο

157 557 219 606 εἷς
244 554 298 598 τοὶ
323 555 512 610 κάθηκα,
559 553 632 595 καί
664 552 703 595 οἱ
731 554 919 602 νικῶντες
944 551 1106 608 ἡνίοχοι
1142 552 1202 602 εἷς
1232 548 1304 594 τὸν
1331 548 1439 592 ἴδιον
1467 549 1599 605 δῆμον

158 622 415 677 ἀπέρχονται
455 619 562 673 μετὰ
603 620 687 662 τῶν
725 618 1153 672 οἷντικαταλλαγέντων
1195 615 1357 669 ἵππων,
1404 613 1477 657 καὶ
1514 615 1602 656 ἐκεῖ

158 687 378 744 κράζοντος
404 688 480 729 τοῦ
508 683 641 742 δήμου
678 683 730 727 τοὶ
756 683 845 726 ἴδια
873 678 1004 737 ἅκτα,
1052 682 1315 737 λαμβάνωσι
1341 678 1392 723 τὰ
1419 678 1599 733 ἔπαθλα,

159 753 302 809 ἐπειδὴ
336 750 375 794 οἱ
401 752 617 807 θεωρηταί
640 746 745 806 πρὸς
772 747 1000 804 συνήθειαν
1026 746 1133 790 κατὰ
1163 746 1445 803 ἱπποδρομίαν
1471 747 1601 803 παρί-

113 836 360 872 ιοστανται,
397 816 471 860 καί
498 815 548 858 τὰ
578 815 742 872 κάθηκα
771 813 960 870 ἀλλήλων
987 816 1161 870 τηροῦσι
1188 810 1260 855 διὰ
1284 810 1430 868 καιρὸν
1457 812 1600 868 διβερ-

161 887 269 928 σίου.
325 883 401 926 ἐὰν
442 883 489 924 δὲ
527 880 748 936 νικήσωσιν
788 878 827 921 οἱ
854 876 1088 933 λειπόμενοι
1127 880 1248 920 ἵπποι
1276 879 1333 919 δι’
1359 879 1599 930 ἐπιμελείας

162 949 235 992 καί
261 947 430 1004 μόχθου
458 949 541 990 τῶν
565 943 850 1000 μετελθόντων
875 941 1082 999 ἦνιόχωνῑ
1109 945 1170 993 εἰς
1197 940 1271 986 τὸν
1298 943 1432 998 δῆμον
1457 939 1530 984 τὸν
1558 939 1598 983 ἴ-

163 1017 251 1058 διον
273 1013 477 1071 ἔρχονται,
505 1006 631 1068 ἤγουν
657 1005 716 1054 ὧν
736 1008 788 1053 τὰ
805 1007 987 1067 ἱππάρια
1011 1009 1266 1067 ὑπάρχουσι,
1293 1007 1368 1051 καί
1385 1008 1476 1050 ἐκεῖ
1489 1010 1599 1062 λαμ-

161 1079 337 1136 βάνουσι
363 1077 417 1121 τὰ
443 1076 626 1120 ἔπαθλα.

115 1171 162 1214 15
722 1169 827 1216 Iste!
850 1163 1028 1217 μερίδωνε
1606 1160 1641 1197 D

271 1245 563 1304 Κατέρχονται
601 1248 662 1298 εἷς
695 1242 769 1290 τὸν
811 1243 1070 1303 ἱππόᾷρομον
1106 1242 1182 1289 τοῦ
1208 1243 1326 1301 ἁγίου
1354 1240 1528 1301 Σεργίου
1559 1241 1601 1284 οἶ

163 1311 240 1356 δύο
269 1311 479 1370 δήμαρχοι
507 1310 581 1356 καὶ
608 1308 646 1355 οἱ
673 1312 750 1355 δύο
778 1311 1067 1370 φακτιονάριοι
1109 1314 1183 1354 καί
1220 1310 1258 1354 οἱ
1294 1311 1369 1354 δύο
1395 1326 1601 1367 μικροπα-

161 1377 276 1422 νίται
303 1377 377 1420 καί
411 1377 451 1420 οἱ
477 1374 696 1422 ἐπιστάται
721 1378 794 1422 καὶ
832 1376 871 1420 οἷ
897 1380 1111 1435 θεωρηταί
1135 1377 1208 1419 καί
1244 1375 1283 1419 οἱ
1309 1374 1502 1433 βηγάριοι
1527 1371 1602 1416 καὶ

162 1442 216 1487 τὰ
245 1450 436 1502 πρωτεῖα.
472 1444 611 1487 αὐτῶν
641 1446 688 1487 δὲ
715 1447 798 1487 ταῖν
825 1444 1036 1500 πρωτείων
1062 1441 1120 1499 μὴ
1147 1442 1394 1497 τολμώντων
1419 1443 1601 1496 λαλῆσαι

111 1510 282 1567 αορἧμα
308 1512 376 1564 ἓν,
425 1508 631 1566 ὁρίζουσιν
658 1512 730 1552 ἕνα
757 1511 803 1554 ἐκ
830 1511 913 1551 τῶν
941 1509 977 1551 δ’
1004 1508 1185 1564 ἡνιόχων
1195 1542 1208 1562 ,
1259 1510 1331 1550 καί
1357 1503 1502 1561 ὅμνύει
1530 1501 1605 1547 ἐπὶ

163 1574 343 1629 πάντων,
371 1572 435 1617 ὅτι
462 1575 542 1629 οὔχ
563 1573 864 1632 ἒτερομερὴσει.
918 1577 990 1616 καί
1015 1576 1059 1624 ἐξ
1087 1574 1176 1615 οἴου
1203 1575 1358 1629 μέρους
1393 1571 1549 1627 ὅρισθῇ
1575 1567 1603 1611 ὅ

163 1641 351 1696 ἡνίοχος,
394 1642 440 1682 ἐκ
466 1642 543 1681 τοῦ
571 1637 712 1695 ἑτέρου
740 1641 895 1695 μέρους
923 1639 948 1680 o‘
974 1637 1187 1694 θεωρητὴς
1214 1638 1288 1680 καί
1328 1636 1368 1678 οἱ
1404 1634 1481 1677 δύο
1508 1637 1601 1677 &ma-

164 1707 315 1749 σταται
341 1705 592 1760 ἐκβάλλουσι
619 1705 720 1756 τοὺς
747 1707 898 1754 ἵππους
924 1707 971 1748 ἐκ
999 1706 1078 1746 τοῦ
1104 1702 1311 1759 στάβλου,
1341 1701 1415 1745 καί
1443 1698 1500 1752 ὥς
1528 1702 1600 1743 ‹io-2

259 1795 294 1833 3.
322 1795 388 1828 καὶ
406 1795 589 1840 λέγουσιν
603 1791 658 1829 ed.
757 1807 809 1830 ιι.
834 1794 994 1831 νικῶσιν
1018 1794 1075 1829 ed.

166 1863 330 1898 Victores
350 1863 397 1896 ad
415 1864 623 1905 factionem,
647 1863 749 1897 cuius
770 1863 855 1911 equi
871 1868 967 1904 sunt,
993 1863 1204 1904 discedunt,
1227 1867 1265 1896 et
1282 1865 1474 1910 postquam
1494 1871 1601 1907 prae·

164 1910 237 1943 mia
263 1921 452 1956 accepere,
474 1916 511 1944 et
526 1911 572 1943 ab
596 1913 815 1956 Imperatore
838 1911 999 1943 coronati
1016 1916 1120 1951 sunt,
1149 1911 1196 1943 ad
1216 1910 1403 1955 proprium
1421 1909 1601 1954 populum

165 1967 204 1990 se
225 1957 418 1991 conferunt
451 1963 489 1991 et
514 1963 592 1991 acta
612 1959 775 1991 recitant.
822 1957 861 1991 Si
880 1968 965 1992 vero
991 1958 1157 2002 aurigae,
1181 1958 1246 2003 qui
1271 1967 1393 1990 currus
1415 1956 1487 1989 sibi
1514 1967 1602 2000 sup-·

164 2003 399 2049 pedit-arunt,
431 2015 506 2038 non
534 2008 788 2038 concesserunt
815 2004 887 2037 sibi
908 2004 1104 2046 ianitores,
1136 2014 1255 2050 neque
1291 2005 1512 2048 inspectores
1554 2001 1601 2035 ad

166 2050 287 2085 officia
303 2052 538 2096 praestanda,
560 2053 714 2086 victores
731 2051 875 2097 aurigae
895 2061 974 2084 cum
995 2051 1098 2097 equis
1117 2051 1265 2084 mutatis
1285 2050 1332 2083 ad
1350 2061 1451 2083 suam
1471 2049 1601 2082 factio-

165 2107 250 2130 nem
269 2098 426 2139 abeunt,
452 2103 508 2140 et,
533 2098 579 2130 ab
597 2099 664 2131 hac
687 2099 843 2144 propriis
861 2097 1182 2132 acclamationibus
1207 2097 1406 2137 institutis,
1438 2096 1599 2141 praemia

165 2145 369 2189 accipiunt,
407 2145 494 2190 quia
515 2146 737 2190 inspectores
757 2156 823 2190 pro
843 2154 942 2178 more
964 2145 1170 2179 decursioni
1195 2145 1356 2190 equestri
1380 2142 1532 2183 adsunt,
1563 2147 1600 2174 et

166 2193 328 2235 tempore
357 2190 504 2224 ‹liversii
524 2191 643 2225 officia
666 2203 730 2225 sua
762 2191 967 2230 observant.
1014 2193 1053 2226 si
1078 2202 1163 2227 vero
1187 2191 1274 2238 equi
1300 2190 1434 2235 reliqui
1458 2198 1542 2222 cura
1563 2193 1602 2221 et

167 2236 293 2270 labore
307 2239 532 2271 venientium
552 2239 756 2284 aurigarum
773 2240 956 2281 vicerunt,
981 2238 1028 2271 ad
1047 2248 1151 2272 suum
1167 2238 1343 2284 populum
1360 2246 1423 2271 seu
1444 2243 1600 2282 quorum

169 2283 255 2329 equi
278 2289 374 2326 sunt,
399 2286 571 2328 veniunt,
594 2290 632 2319 et
653 2284 707 2318 ibi
723 2286 882 2331 praemia
906 2286 1111 2320 certaminis
1135 2285 1330 2331 accipiunt.

578 2386 622 2408 DE
646 2384 870 2410 Pmmonuu
908 2383 1186 2410 msnununonn.

260 2448 343 2486 Duo
372 2449 573 2495 demarchi,
606 2451 678 2488 duo
705 2451 910 2488 factionarii
942 2455 1173 2500 totidemque
1203 2453 1476 2499 micropanitae,
1496 2460 1602 2496 prae-

171 2495 277 2537 fecti,
319 2498 560 2543 inspectores,
597 2500 729 2546 bigarii
764 2506 801 2535 et
831 2502 1013 2547 principes
1049 2502 1218 2535 factionis
1248 2501 1295 2534 ad
1321 2498 1602 2544 hippodromum

171 2545 286 2576 sancti
301 2543 415 2588 Sergii
443 2545 685 2581 descendune
721 2548 811 2582 Cum
838 2559 925 2583 vero
950 2549 1131 2594 principes
1161 2548 1329 2581 factionis
1356 2546 1426 2591 ipsi
1450 2543 1601 2577 verbum

171 2589 314 2622 nullum
339 2591 499 2635 proferre
526 2593 683 2635 audent,
707 2606 819 2628 unum
847 2606 867 2628 e
887 2600 1044 2641 quatuor
1070 2595 1203 2640 aurigis
1225 2594 1408 2636 deligunt,
1434 2592 1497 2636 qui
1521 2592 1601 2623 iure

171 2635 325 2668 iurando
346 2638 505 2670 omnium
522 2641 668 2673 nomine
687 2641 860 2682 affirmat,
885 2642 983 2674 nolle
999 2652 1036 2675 se
1054 2642 1180 2688 inique
1194 2640 1354 2686 praemia
1372 2637 1600 2671 distribuere.

169 2683 223 2717 Ex
243 2693 460 2729 quacunque
480 2696 563 2718 vero
584 2684 740 2720 factione
763 2687 924 2722 delectus
946 2689 1071 2734 auriga
1093 2693 1166 2729 est,
1192 2699 1236 2721 ex
1258 2686 1330 2719 alia
1355 2687 1537 2731 inspector
1561 2694 1603 2716 ac

218 2751 478 2788 Constantinus
500 2754 676 2801 Porphyr.
703 2755 780 2791 Vol.
803 2757 832 2791 1.
1296 2762 1339 2789 Μ
