1786 3126
250 132 323 170 XX
758 130 830 171 10.
872 130 977 171 IAC.
1019 130 1214 171 REISKII

238 240 377 271 vstrum
411 233 719 272 Constantinum
752 231 870 285 legati
908 231 965 270 illi
995 228 1192 286 Hispani,
1222 247 1396 286 quorum
1431 232 1556 280 altero
1590 231 1694 274 libro

248 302 399 339 mentio
429 301 484 340 fit.
541 300 604 338 Ea
629 313 789 352 quoque
816 297 1015 352 particula
1043 300 1141 338 scita
1179 306 1262 348 est,
1303 313 1407 352 quae
1444 314 1525 353 quo
1567 302 1695 338 comi-

247 372 335 405 tatu
365 366 532 405 celebris
563 365 630 404 illa
671 366 894 403 Russorum
925 363 1189 405 Archontissa
1219 380 1289 406 seu
1327 366 1496 405 Ducissa
1511 394 1523 415 ,
1561 365 1663 419 Elga
1680 389 1695 416 -‚

231 432 314 471 -vel
345 432 477 486 Olga,
509 440 555 471 ut
586 431 651 470 alii
685 430 916 484 appellant,
947 430 1076 470 CPlin
1104 432 1287 485 uenerit,
1318 438 1505 481 enarrat,
1535 438 1575 470 et
1604 433 1696 485 qui-

69 498 323 537 1*‹³.L·V1bus
356 498 578 538 honoribus
605 497 800 550 donisque
828 511 917 536 eam
943 504 983 536 et
1010 499 1246 536 comitatum
1273 497 1447 551 Augusti
1474 499 1601 537 nostri
1635 497 1695 536 af-

249 566 415 604 fecerint
436 595 447 615 ,
494 579 574 618 quo
620 565 663 602 in
697 563 878 603 conclavi
930 563 1216 603 Constantinus
1244 569 1285 602 et
1314 564 1520 604 Romanus
1546 563 1658 603 filius
1683 593 1695 614 ‚

249 645 330 684 quo
363 645 501 670 rursus
532 630 686 670 Helena
726 629 912 682 Augusta
941 636 982 668 et
1024 631 1110 668 eius
1154 643 1281 669 nurus
1313 643 1403 669 eam
1440 632 1665 685 exceperint
1683 660 1695 681 ,

247 705 288 736 et
318 698 370 736 ad
413 697 659 749 colloquium
675 725 687 746 ,
718 703 787 735 aut
823 703 863 734 et
893 695 945 734 ad
985 694 1124 748 epulas
1138 725 1150 747 ‚
1180 703 1220 735 et
1249 696 1397 750 quibus
1425 696 1588 748 diebus,
1623 696 1697 737 ad-

246 764 445 815 miserint,
477 762 639 816 quando
665 776 801 800 coram
823 761 1017 815 Augustis
1036 769 1158 813 stare,
1186 762 1350 816 quando
1377 763 1585 803 considere
1614 765 1698 805 ius-

248 830 388 868 serint.
464 828 575 878 Quid
603 828 777 881 denique
805 827 970 867 afferam
999 827 1112 867 urbis
1146 828 1613 883 Constantinopolitanae
1641 832 1697 869 si-

246 903 335 934 tum
377 902 417 933 et
449 894 589 934 faciem
606 923 619 945 ,
659 894 725 934 vel
763 901 809 933 ut
845 893 1048 948 appellant
1069 924 1080 945 ,
1123 895 1432 949 topographiam
1446 925 1458 947 ,
1493 896 1624 950 qualis
1650 908 1699 936 ea

249 967 379 999 aetate
411 967 496 999 erat
516 990 528 1011 ,
557 961 599 999 in
635 960 773 1000 multis
808 962 955 1000 rectius
985 975 1030 1000 ex
1060 960 1138 1000 hoc
1170 961 1274 1001 libro
1302 963 1481 1016 percipi,
1520 977 1644 1017 quam
1676 977 1700 1002 e

247 1026 456 1065 Ducmcn
488 1026 589 1065 CPli
625 1027 878 1077 Christiana,
908 1026 1116 1080 praeclaro
1154 1027 1252 1067 alias
1281 1035 1322 1067 et
1354 1028 1567 1068 utilissimo
1592 1027 1699 1068 libro

247 1094 329 1132 viri
359 1093 577 1132 doctissimi
610 1100 650 1132 et
687 1095 730 1132 in
768 1093 936 1133 historia
965 1093 1087 1132 medii
1127 1095 1246 1145 aevi,
1282 1094 1504 1148 Byzantina
1542 1095 1697 1147 praeci-

245 1172 326 1212 pue
346 1187 358 1209 ,
391 1160 732 1211 exercitatissimi3
763 1166 804 1198 at
831 1158 890 1198 illi
915 1167 1051 1198 tamen
1081 1159 1187 1199 libro
1216 1160 1412 1200 nonnulla
1429 1190 1441 1211 ,
1495 1175 1600 1214 quae
1624 1160 1699 1200 ab·

248 1238 333 1263 esse
370 1224 487 1266 malis
510 1254 522 1277 ,
561 1225 829 1264 adhaeserunt
843 1254 856 1275 ,
899 1239 1073 1278 quorum
1101 1225 1151 1264 de
1180 1233 1313 1266 cetero
1348 1228 1510 1266 veniam
1546 1240 1700 1280 aequus

248 1292 418 1345 quisque
447 1292 538 1331 viro
568 1291 618 1330 de
648 1291 710 1330 his
740 1291 884 1330 litteris
916 1284 1171 1331 meritissimo
1197 1291 1312 1332 facile
1339 1292 1470 1332 faciat.
1510 1292 1575 1332 Eo
1604 1307 1700 1346 per-

246 1360 349 1398 tinet
364 1388 375 1408 ,
404 1366 451 1398 ut
477 1358 519 1397 id
546 1357 677 1396 obiter
712 1359 906 1411 attingam
923 1387 934 1408 ,
976 1357 1083 1411 quod
1125 1357 1320 1411 palatium
1354 1359 1624 1412 Magnanrae,
1655 1361 1699 1398 in

247 1439 329 1478 quo
366 1425 484 1478 legati
514 1425 639 1478 excipi
678 1431 718 1463 et
753 1423 883 1463 audiri
914 1423 1096 1463 solebant
1111 1454 1122 1474 ,
1166 1426 1210 1462 in
1238 1432 1414 1464 extrema
1443 1425 1557 1464 urbis
1586 1432 1701 1479 parte

247 1491 494 1530 occidentale
521 1492 722 1544 posuerit,
752 1504 879 1544 quum
906 1492 1040 1543 magni
1073 1489 1212 1543 palatii
1249 1490 1301 1530 ad
1326 1491 1495 1530 Stenum
1521 1493 1613 1542 siti,
1656 1493 1701 1530 in

247 1573 328 1611 quo
357 1558 560 1596 ordinarie
590 1558 858 1610 Imperatores
885 1556 1139 1607 habitabant,
1159 1570 1254 1610 pars
1281 1564 1394 1596 esset.
1450 1558 1498 1595 In
1523 1571 1570 1596 eo
1597 1571 1702 1610 quo-

247 1639 327 1678 que
354 1626 457 1663 ratio
483 1624 733 1663 BANnuan
767 1623 895 1676 sugit,
928 1623 1038 1676 quod
1066 1622 1263 1662 celebrem
1294 1622 1407 1661 illam
1435 1621 1615 1662 Auream
1644 1625 1703 1662 sie

247 1690 396 1728 dictam
433 1687 594 1741 portam
632 1691 674 1728 in
713 1689 856 1728 mediis
901 1688 1113 1727 moenibus
1151 1688 1246 1726 urbi
1284 1702 1331 1727 ex
1366 1695 1482 1742 parte
1520 1690 1700 1728 terrestri

229 1754 314 1795 ‚vel
342 1754 581 1793 occidentali
598 1755 827 1807 'praetentis
867 1753 1048 1794 collocat.
1102 1753 1167 1792 Ea
1199 1767 1297 1793 vero
1333 1753 1386 1793 ad
1431 1755 1565 1794 sinum
1594 1755 1701 1795 Pro-

248 1821 426 1874 pontidis
465 1821 520 1858 sic
560 1827 646 1858 erat
683 1821 814 1872 posita
837 1849 849 1870 ,
888 1826 934 1859 ut
969 1819 1141 1859 navibus
1169 1819 1221 1858 ad
1258 1834 1347 1859 eam
1375 1820 1523 1874 appelli
1553 1828 1702 1874 posset.

250 1885 345 1924 Alia
377 1893 602 1938 praetereo,
620 1899 724 1938 quae
752 1886 921 1938 gratiam
950 1893 990 1924 et
1016 1883 1205 1924 favorem'
1222 1885 1318 1925 huic
1346 1889 1458 1939 operi
1486 1886 1702 1926 conciliare

250 1959 418 2005 queant,
453 1966 580 2004 quum
607 1952 701 1990 satis
730 1958 770 1994 et
797 1951 956 1989 abunde
983 1951 1083 1989 mihi
1113 1951 1163 1989 de
1190 1951 1267 1990 hoc
1294 1959 1531 2005 argumento
1558 1952 1703 1992 dixisse

249 2017 390 2056 videar
407 2047 418 2068 ,
448 2025 487 2056 et
514 2031 618 2070 quae
641 2024 847 2070 praeterea
872 2016 967 2055 huic
997 2017 1109 2069 operi
1135 2017 1272 2055 insunt
1308 2018 1412 2056 scitu
1442 2017 1589 2071 digna,
1628 2031 1703 2058 ne-

251 2090 400 2136 queant
418 2112 429 2132 ,
471 2083 542 2122 ubi
570 2084 772 2136 integrum
799 2083 996 2136 prodierit
1014 2112 1026 2132 ‚
1057 2083 1308 2122 eruditorum
1333 2083 1470 2123 oculos
1499 2083 1648 2125 fallere.

365 2149 399 2202 §-
432 2150 473 2188 5.
532 2150 596 2188 De
630 2149 906 2202 inscriptione
947 2149 1068 2188 huius
1101 2149 1213 2204 libri.
1283 2149 1498 2201 Titulum,
1537 2149 1591 2190 de
1632 2163 1704 2190 ce-

252 2217 445 2256 rimoniis
479 2216 607 2255 aulae
642 2216 941 2267 Byzantinae,
973 2215 1154 2268 praefixit
1182 2213 1278 2255 huic
1311 2218 1424 2269 operi
1461 2216 1562 2256 clar.
1605 2217 1701 2258 Lm-

254 2297 384 2333 cmus,
414 2281 467 2320 ad
493 2280 718 2335 exemplum
744 2283 848 2329 ΜΑῌ
876 2288 915 2320 et
941 2281 1141 2321 ancu.
1214 2280 1333 2321 Alius
1358 2284 1602 2335 conspicitur
1636 2284 1700 2322 in-

254 2348 422 2389 volucro
453 2349 633 2388 coriaceo
661 2348 990 2386 membranarum
1017 2355 1246 2387 nostrarum
1270 2350 1517 2403 impressus3
1556 2363 1702 2403 nempe

256 2415 309 2455 de
345 2416 558 2468 regalibus
594 2415 947 2454 institutionibus.
1005 2413 1162 2454 Auctor
1192 2415 1277 2454 eius
1305 2414 1373 2454 ille
1399 2422 1480 2466 est,
1520 2416 1701 2469 quisquis

256 2485 290 2522 is
317 2482 464 2532 fuerit,
493 2483 563 2535 qui
591 2480 845 2519 membranas
874 2494 921 2519 ea
947 2487 1058 2520 veste
1086 2481 1239 2520 amiciri
1267 2481 1408 2532 iussit,
1449 2483 1494 2520 in
1521 2496 1600 2535 qua
1626 2482 1701 2522 ad-

254 2547 336 2586 huc
364 2548 524 2588 cubant.
601 2547 822 2586 coniicitur
848 2546 882 2585 is
918 2546 1038 2586 fuisse
1074 2547 1291 2586 MAT'rmAs
1331 2546 1534 2587 Convmus
1555 2577 1568 2598 ,
1605 2546 1701 2587 illu-

256 2614 472 2653 strissimus
510 2614 594 2653 Rex
633 2613 865 2666 Hungariae
887 2641 899 2663 ,
938 2613 1007 2666 qui
1043 2613 1295 2652 membranas
1331 2619 1487 2652 nostras
1507 2612 1623 2654 ‘olim
1656 2614 1700 2652 in

256 2678 412 2719 celebre
439 2679 509 2719 illa
535 2694 608 2720 sua
629 2679 812 2719 Budense
842 2677 1085 2719 bibliotheca
1105 2679 1196 2718 ideo
1218 2679 1343 2720 fertur
1358 2678 1569 2736 *habui-sse,
1590 2677 1700 2733 quod
