1832 3112
309 167 383 208 m:
431 162 691 206 cmuMON.
737 160 917 202 AmAE
946 159 1169 202 nram.
1204 162 1238 201 1.
1261 162 1304 207 9.
1492 139 1565 194 65

129 266 299 325 οτῆριον
321 301 335 322 ,
397 266 472 308 καί
516 262 741 318 εὐξάμενος
792 261 1031 319 ἔμπροσθεν
1074 263 1148 318 τῆς
1195 261 1319 318 ἆγίας
1359 260 1567 318 τραπέζης

129 334 320 391 ἔφαπλοῖ
349 334 396 376 ἔν
436 331 546 388 αὐτῇ
587 328 731 386 εἶλητὰ
767 326 866 382 δύο,
919 330 994 370 καί
1033 328 1245 383 ἐπιτίθησι
1282 326 1335 370 τοὶ
1370 342 1567 383 προσενε-

127 398 314 453 χθέντα,
357 396 525 446 δίσκους
562 396 637 437 δύο
670 395 746 436 καί
778 393 958 449 ποτήρια
996 392 1096 446 δυό,
1138 390 1225 436 εἶτα
1253 389 1485 444 ἀσπάζεται
1512 390 1565 434 τὰ

128 460 228 518 ἅγια
265 460 482 519 σπάργανα
504 493 518 514 ,
567 458 640 502 καί
679 456 759 501 εἶθ’
798 456 929 508 οὕτως
976 456 1116 511 λαβών
1154 455 1408 511 ἆποκόμβιον
1448 455 1566 513 παρὰ

99 529 202 571 5τοῧ
238 529 513 584 πραιποσίτου
530 561 544 580 ,
599 525 743 581 τίθησι
786 524 860 566 καί
898 523 1004 566 αὐτὸ
1055 526 1101 567 ἐν
1140 526 1194 580 τῇ
1234 522 1331 582 ἆγίᾳ
1365 525 1568 581 τραπέζῃ.

129 593 217 651 (ς’.)
255 592 350 636 Καὶ
368 591 726 648 προσκυνήσαντες
758 590 963 645 ἀλλήλους
982 585 1017 642 ὅ,
1038 605 1084 631 τε
1104 587 1302 642 βασιλεύς
1332 588 1407 630 καί
1429 587 1451 631 ὅ
1480 601 1602 644 noc-*D

126 657 355 714 τριάρχης,
400 659 617 712 ἐξέρχεται
653 654 676 696 ὅ
711 654 910 709 βασιλεῦς
936 654 1017 696 α’πὸ
1044 656 1122 696 τοῦ
1142 653 1469 710 θυσιαστηρίου,
1498 651 1573 695 καὶ

126 722 359 779 α’πέρχεται
388 725 448 771 εἰς
476 722 524 764 τὸ
551 720 841 777 μητατώριον,
879 719 952 762 καί
973 717 1118 762 ἅπτων
1143 721 1276 762 ἐκεῖσε
1311 719 1462 776 κηρούς
1493 721 1567 762 καὶ

124 788 368 842 εὗξάμενος,
405 785 663 829 ὖπαλλάσσει
687 785 760 828 τὸν
790 788 924 842 λῶρον
955 784 1030 826 καί
1055 787 1129 840 τῆς
1157 783 1279 834 θείας
1303 784 1566 840 λειτουργίας

77 853 413 908 ιοτελεσθείσης,
450 852 572 907 ἡνίκα
593 851 793 905 μέλλουσι
819 852 1066 906 διέρχεσθαι
1092 849 1146 892 τὰ
1177 848 1291 904 ἅγια,
1318 849 1565 905 περιβάλλε-

127 935 200 962 ται
226 919 251 960 ὅ
269 917 466 973 βασιλεὺς
482 916 685 972 χλανίδα,
714 918 787 959 καί
811 915 1124 973 δηριγευόμενος
1140 915 1223 958 ὑπὸ
1250 918 1333 959 τῶν
1354 919 1400 966 ἐξ
1422 915 1562 970 ἔθους,
1572 925 1638 960 Ms.
1651 926 1705 972 43.
1721 926 1745 960 b

128 984 359 1040 ἀπέρχεται
398 984 444 1025 ἐν
475 983 535 1041 τῷ
565 980 703 1041 τόπῳ,
750 982 796 1023 ἒν
827 976 859 1040 ᾧ
891 983 1055 1024 ἵσταται
1085 981 1132 1023 τό
1170 981 1335 1038 κηρίον,
1379 976 1507 1037 ἤγουν
1535 981 1563 1038 ἦ

127 1047 324 1103 λαμπὰς,
367 1045 496 1103 ἥνπερ
525 1047 668 1101 μέλλει
695 1045 930 1102 βαστάσαι,
969 1046 1042 1089 καί
1066 1046 1252 1089 στάντων
1280 1047 1447 1089 πάντων
1479 1048 1564 1089 τῶν

123 1114 357 1169 πατρικίων
381 1111 504 1155 ἔνθεν
527 1109 705 1167 κᾶκεῖσε,
733 1110 988 1169 διέρχεταιὸ
1013 1112 1215 1167 βασιλεὺς
1241 1113 1383 1166 μέσων
1408 1113 1562 1154 αὐτῶν.

77 1177 155 1226 156
181 1179 231 1220 δὲ
259 1178 528 1234 πραιπόσιτος
554 1176 696 1232 λαβών
728 1176 776 1220 τὸ
806 1177 969 1234 κηρίον,
997 1178 1241 1221 ἐπιδίδωσιν
1273 1175 1377 1220 αὐτὸ
1402 1179 1460 1236 τῷ
1480 1181 1562 1232 βα-

120 1247 253 1298 σιλεῖ’,
281 1243 305 1286 ὄ
325 1245 374 1286 δὲ
402 1242 602 1297 βασιλεῦς
636 1243 850 1299 διέρχεται
881 1243 1094 1298 ὄψικεύων
1126 1242 1181 1285 uz
1209 1241 1332 1299 ἅγια,
1371 1243 1443 1285 καί
1472 1244 1560 1286 εἶσ-

121 1308 259 1352 ελθών
284 1307 404 1351 ἔνδον
423 1310 496 1364 τῆς
526 1309 699 1360 σωλέας,
728 1310 802 1352 καί
817 1311 992 1366 πλησίον
1009 1311 1094 1351 τῶν
1112 1308 1242 1364 ἇγίων
1266 1311 1414 1363 θυρῶν
1439 1308 1679 1363 yfvd-Ed,1„
1694 1326 1739 1371 4⁰

119 1389 263 1429 μενος,
304 1375 526 1418 ἐπιδίδωσι
559 1373 606 1416 τὸ
630 1375 775 1431 κηρίον
805 1377 863 1433 τῷ
887 1374 1146 1432 πραιποσίτῳ
1161 1409 1174 1428 ,
1213 1370 1399 1423 κᾶκεῖνος
1427 1376 1562 1416 ἐπιτί-

118 1442 248 1496 θησιν
283 1435 387 1482 αὖτὸ
419 1438 558 1482 ἐπάνω
597 1442 670 1495 τῆς
704 1443 864 1489 σωλέας
893 1440 1067 1495 πλησίον
1109 1441 1193 1482 τῶν
1230 1440 1358 1494 ἁγίων
1395 1441 1560 1494 θυρῶν,

63 1506 170 1553 έοέν
194 1508 256 1562 τῷ
278 1506 398 1563 δεξιῷ
421 1507 553 1560 μέρει,
581 1505 603 1548 ὅ
638 1507 684 1547 δὲ
707 1504 904 1559 βασιλεῦς
928 1507 1098 1548 ἵσταται
1124 1506 1300 1560 πλησίον
1325 1505 1405 1547 τοῦ
1428 1501 1564 1546 αὐτοῦ’

120 1569 292 1627 κηρίου,
343 1574 423 1619 ἓως
457 1567 509 1612 ἂν
539 1572 737 1613 διέλθωσι
774 1570 827 1612 τὰ
853 1569 968 1625 ἅγια.
1017 1573 1091 1613 καί
1119 1571 1240 1625 ἡνίκα
1275 1572 1475 1612 διέλθωσι
1507 1567 1562 1611 τὰ

120 1631 221 1690 ἅγια
239 1669 254 1689 ,
291 1638 594 1691 προσκυνοῦσιν
633 1636 866 1692 ἀμφότεροι
899 1633 1101 1691 ἀλλήλους
1132 1632 1168 1688 ὅ,
1182 1651 1226 1677 τε
1257 1634 1456 1690 βασιλεύς
1490 1637 1565 1676 καί

121 1698 147 1741 ὅ
166 1697 455 1756 πατριάρχης,
493 1700 568 1742 καὶ
596 1697 827 1756 ἀπέρχεται
854 1700 876 1743 ὅ
904 1699 1102 1755 βασιλεῦς
1128 1701 1445 1756 δηριγευόμενος
1475 1698 1560 1741 ὑπὸ

119 1766 202 1808 τῶν
235 1763 338 1807 κατὰ
381 1766 607 1820 συνήθειαν
641 1765 712 1807 διὰ
743 1769 826 1808 τῶν
862 1765 943 1817 ἔξω
977 1769 1053 1808 τοῦ
1085 1766 1392 1822 θυσιαστηρίου
1421 1766 1467 1807 ἐν
1499 1767 1562 1822 τῷ

67 1829 386 1888 ,ὄμητατωριζὼ
443 1829 518 1872 καὶ
541 1831 617 1872 τοῦ
652 1833 803 1888 καιροῦ
835 1834 910 1888 τῆς
941 1834 1062 1881 θείοις
1105 1829 1266 1886 ἀγάπης
1306 1829 1556 1885 ἐγγίσαντος,

121 1895 246 1950 δηλοῖ
266 1894 288 1938 ὃ
320 1897 392 1951 τῆς
414 1894 705 1947 καταστάσεως
731 1899 789 1954 τῷ
820 1897 1100 1955 πραιποσίτῳ,
1140 1897 1325 1945 κάκεῖνος
1352 1897 1410 1954 τῷ
1429 1900 1555 1951 βασι-

85 1993 88 1995 ’
119 1994 317 2039 osculana-3
349 2006 434 2030 mox
471 1997 663 2031 sacrarium
704 1999 836 2040 intrat,
873 2003 910 2032 et
940 1997 987 2032 ad
1023 2003 1185 2032 sanctum
1217 1998 1329 2032 altare
1363 2002 1554 2043 precatus,

119 2040 194 2076 duo
221 2043 419 2086 corporalia
445 2043 479 2077 ei
505 2045 697 2086 insternit,
733 2046 936 2091 allatusque
965 2044 1082 2079 discos
1107 2045 1196 2079 duos
1219 2044 1445 2091 totidemque
1466 2045 1555 2078 cali-

122 2098 181 2121 ces
206 2088 382 2132 imponit,
413 2101 527 2123 sacras
555 2092 684 2124 fascias
715 2093 898 2126 osculatur
922 2097 1154 2138 sumtumque
1178 2103 1199 2124 a
1222 2092 1429 2136 praeposito
1461 2103 1554 2136 apo-

122 2133 304 2168 c'ombium
327 2147 447 2170 sacrae
465 2137 612 2171 tabulae
636 2139 802 2184 imponit.
851 2138 940 2186 (vl.)
969 2140 1167 2184 Imperator
1186 2144 1222 2171 et
1235 2138 1438 2182 patriarcha
1457 2138 1551 2171 flexo

121 2190 215 2224 genn
239 2192 278 2214 se
302 2182 457 2216 invicem
481 2185 653 2226 salutant,
686 2191 723 2218 et
748 2196 906 2230 egressus
931 2197 950 2219 e
974 2186 1128 2219 sacrario
1152 2186 1368 2229 Imperator,
1402 2185 1448 2219 ad
1471 2195 1551 2217 me-

121 2227 292 2260 utorium
318 2228 407 2270 abit,
431 2230 496 2264 nbi
522 2242 642 2265 cereos
666 2232 832 2265 accendit
850 2238 1087 2278 precatusque
1106 2232 1222 2265 lorum
1237 2237 1364 2272 mutat,
1390 2237 1427 2265 et
1443 2232 1548 2264 finito

39 2290 45 2295 ·
90 2314 95 2318 .
121 2270 244 2324 (livino
263 2275 383 2309 officio
395 2300 406 2316 ‚
429 2277 514 2310 dum
531 2289 627 2311 sacra
645 2289 852 2324 processura
866 2284 960 2320 sunt,
982 2279 1142 2312 tunicam
1157 2278 1290 2319 induit,
1310 2283 1347 2311 et
1362 2289 1383 2310 a
1396 2288 1551 2311 consue-

119 2323 160 2352 to
172 2320 373 2355 ministerio
388 2325 552 2368 stipatus,
569 2335 626 2365 eo,
644 2325 708 2358 nbi
730 2336 853 2358 cereus
878 2337 940 2358 seu
957 2326 1106 2370 lampas,
1130 2336 1235 2370 quam
1254 2327 1458 2370 portaturus
1473 2328 1549 2362 est,

121 2368 204 2406 stat,
237 2368 418 2412 procedit=
445 2381 583 2415 perque
609 2371 747 2405 medios
774 2372 944 2416 patricios
969 2371 1015 2404 ab
1046 2377 1199 2417 utroque
1226 2372 1338 2404 latere
1365 2370 1547 2403 adstantes

118 2413 256 2446 tramit-
305 2415 501 2494 Postguam
528 2427 612 2451 vero
637 2429 779 2452 cereum
813 2430 834 2451 a
867 2419 1071 2463 praeposito
1105 2419 1266 2462 accepit,
1301 2429 1395 2450 sacra
1432 2416 1546 2449 comi—

118 2462 259 2492 taturus
281 2471 390 2504 proce
418 2462 464 2503 it,
494 2463 628 2497 soleam
666 2466 778 2498 intrat
804 2470 840 2499 et
870 2475 984 2509 prope
1014 2476 1129 2497 sacras
1156 2465 1282 2497 ianuas
1307 2464 1545 2501 constitutus,

118 2514 259 2558 §ereum
273 2509 477 2551 praeposito
500 2510 631 2550 reddit,
655 2512 718 2557 qui
730 2512 846 2556 ipsum
872 2522 977 2555 supra
1002 2511 1135 2544 soleam
1149 2522 1263 2556 prope
1287 2521 1402 2542 sacras
1416 2509 1542 2540 ianuas

118 2560 160 2583 ln
183 2549 309 2584 dextro
333 2553 444 2587 latere
468 2555 649 2600 imponit,
685 2559 887 2602 Imperator
909 2563 1027 2590 autem
1052 2557 1098 2590 ad
1122 2568 1262 2590 cereum
1277 2581 1287 2596 ‚
1319 2566 1433 2600 usqne
1458 2553 1545 2586 dum

118 2606 217 2649 sacra
241 2605 510 2641 processerunt,
541 2602 715 2637 subsistit.
771 2604 855 2649 Quo
884 2604 979 2637 sacto
1013 2604 1091 2648 ipse
1114 2607 1151 2635 et
1188 2601 1391 2647 patriarcha
1423 2611 1461 2634 se
1487 2601 1546 2633 in-

117 2652 232 2675 vicem
256 2643 349 2677 flexo
373 2656 465 2690 genu
488 2653 726 2691 venerantur,
761 2661 845 2683 mox
873 2649 1072 2695 Imperator
1097 2660 1176 2682 cum
1204 2648 1346 2695 solenni
1374 2647 1546 2680 comitatu

86 2722 98 2734 ἱ
118 2693 219 2722 extra
267 2692 461 2724 sacrarium
503 2693 549 2726 ad
582 2697 813 2729 metatoriam
846 2696 934 2729 abit.
1002 2697 1107 2729 Sacra
1142 2700 1261 2728 autem
1294 2694 1545 2727 communione

117 2735 452 2782 appropinquante,
475 2738 515 2771 id
538 2741 809 2776 cerimoniarins
832 2743 1054 2787 praeposito,
1080 2742 1306 2786 praepositus
1333 2739 1545 2784 imperatori

165 2791 429 2829 Constantinus
452 2795 626 2842 Porphyr.
658 2798 733 2832 Vol.
760 2800 789 2835 1.
1341 2797 1360 2829 5
