1878 3112
356 12 362 29 1

313 146 385 187 DE
417 143 682 188 CERJMON.
723 144 903 186 AULAE
942 144 1167 187 nYzANr.
1207 147 1260 186 11.
1290 150 1357 192 40,
1434 127 1557 200 639-

114 246 285 297 ἓκαστος
311 244 432 298 ἔτους
457 243 551 297 ἓνὸς
575 247 800 303 ἡγεμονίαν
827 245 1103 303 κληρούμενος
1133 248 1178 289 ἐν
1204 249 1398 302 πολέμοις
1426 246 1551 304 ἧφίε·

113 327 175 365 το,
203 307 263 355 ὧν
285 312 391 367 μετὰ
421 312 496 368 τήν
521 312 823 369 συμπλήρωσιν
849 312 1163 368 ἐπιδεδημηκώς
1189 310 1301 369 παρά
1330 316 1415 356 τῶν
1440 310 1551 356 ὖπᾰ-

112 395 195 420 των
233 380 502 435 διηρευνᾶτο,
549 380 636 429 πῶς
662 378 715 421 τὰ
744 381 829 421 τῶν
855 380 1047 431 πολέμων
1078 376 1290 436 διῄτησεν,
1330 377 1476 436 στολήν
1503 396 1550 422 τε

113 441 192 499 τήν
217 443 422 500 ὖπατικήν
446 444 539 486 κατ’
565 445 685 494 α’ξίαν
711 446 784 500 τῆς
810 442 924 499 νίκης
951 444 1132 497 ἐννόμως
1151 446 1462 501 περιεβέβλητο,
1482 448 1551 503 ἐφ’

86 503 144 567 ὄῇ
170 511 246 552 καὶ
267 508 314 553 τὸ
342 509 450 552 κατὰ
477 511 561 553 τῶν
597 513 807 564 πολεμίων
833 510 1035 567 τρόπαιον
1062 513 1312 568 ἑχειριζετο,
1360 507 1392 570 ᾧ
1421 514 1556 568 sveys-

113 591 272 632 γραπτο
297 574 348 619 τὰ
374 577 514 636 ἐκείνῳ
546 578 811 632 πεπονημένα
853 573 1068 632 εἰσάγοντί
1101 592 1145 619 τε
1171 575 1277 634 πρὸς
1313 577 1411 629 τούς
1446 577 1592 621 εἶπά-Β

113 641 209 691 τους
234 638 407 699 λάφυρά
435 658 481 684 τε
507 641 583 684 καί
607 644 884 697 αι’χμοδέτας,
909 640 1249 699 χειριζεσθαιδὲ
1276 641 1457 698 τόμους,
1485 643 1558 686 λό-

111 721 214 761 γους
249 708 297 750 ἐν
327 706 492 756 τούτοις
531 709 830 763 ποιησομένους
864 710 947 750 τῶν
976 709 1077 763 περί
1101 709 1307 761 πολέμους
1333 709 1558 763 ἀναλωμά-

113 787 219 815 των.
262 775 491 828 σκηπίωνες
535 774 583 815 δὲ
619 772 700 815 α’πὸ
730 776 807 815 τοῦ
832 775 917 816 τῶν
934 770 1156 826 Ῥωμαίων
1180 776 1415 829 Σκηπίωνος
1444 775 1577 818 κατὰ“

65 839 324 892 ιοπολεμίων
357 840 535 893 μέγιστα
574 837 957 895 στρατηγήσαντος,
1000 840 1045 889 ἔξ
1082 833 1135 881 οὗ
1157 837 1202 882 τὸ
1232 835 1422 896 εὔφημον
1450 842 1562 897 α’πη-

111 905 318 959 νέγκαντο.
385 901 415 960 ἦ
462 907 538 948 καί
571 911 750 948 σκεπαῖα
781 903 886 948 κατὰ
925 903 996 947 τὸν
1036 904 1208 962 δημώδη
1246 904 1368 961 λόγον
1403 904 1475 950 διὰ
1508 905 1556 950 τὸ

110 969 212 1020 τούς
237 968 549 1026 ἐπιγνώμονας,
597 971 657 1022 ὥς
686 967 830 1026 οἶμαι,
870 973 951 1014 τῶν
977 974 1117 1014 καλῶν
1157 972 1427 1029 ἅποσκέφθαι
1451 972 1559 1030 πρός

113 1036 252 1079 ταῦτα
307 1035 383 1079 καὶ
418 1039 599 1091 ἐννοεῖν,
649 1036 799 1086 ὁποίας
827 1037 1096 1093 ἆναγροὶπτου
1123 1038 1246 1094 τιμῆς
1272 1037 1312 1080 οἱ
1344 1039 1557 1096 ἀνδραγα-

111 1100 329 1156 θιζόμενοι
349 1101 675 1159 μετειλήφασιν,
711 1105 786 1145 καί
810 1104 958 1158 ζηλοῦν
983 1100 1090 1159 πρὸς
1116 1101 1192 1158 τὴν
1218 1103 1408 1160 μίμησιν.
1467 1103 1551 1146 ἀπὸ

63 1170 161 1213 ιδδὲ
195 1169 278 1211 τῶν
311 1170 578 1223 καμπαγίων,
617 1167 648 1211 ἃ
691 1169 891 1211 Λατίνων
918 1171 1042 1226 φωνῇ’
1079 1169 1435 1226 προσηγόρευται,
1477 1169 1555 1212 τοῦ

111 1235 339 1288 πολεμαοῦ
376 1232 533 1290 ἀνδρὸς
574 1233 620 1277 τό
661 1230 898 1290 εὖκινητον,
946 1231 1053 1276 ἀλλὰ
1104 1232 1165 1290 μη
1209 1242 1551 1292 κατοχυροποιεῖ-
1570 1239 1599 1273 C

112 1301 219 1342 σθαι
245 1298 315 1342 διὰ
339 1298 421 1350 ’τὰς
446 1299 554 1342 κατὰ
581 1299 632 1342 τὰ
659 1303 782 1356 σκέλη
810 1301 856 1342 ἐκ
882 1298 1015 1342 πίλων
1041 1299 1292 1357 περιπλοκάς
1335 1298 1362 1357 ἢ
1391 1302 1462 1344 διά
1505 1304 1553 1346 τὸ
1564 1307 1744 1344 Ms.216.b

111 1365 346 1407 σκέπασθαι
372 1364 529 1416 αὐτοῦς
563 1372 647 1416 τοῖς
671 1369 865 1423 θυρεοῖς,
895 1362 924 1422 ἢ
950 1372 1045 1417 ταῖς
1071 1369 1340 1423 περιφερέσιν
1379 1369 1524 1411 α’σπίσι
1539 1403 1553 1422 ,

113 1428 188 1472 καὶ
231 1429 303 1472 διὰ
350 1428 399 1473 τό
449 1430 508 1487 μὴ
557 1433 726 1474 δεῖσθαι
767 1433 1109 1488 περινενοημένης
1148 1431 1483 1488 κατοχυρώσεως.

214 1518 400 1564 ι5.,φωνῇ
418 1530 485 1556 em.
509 1521 560 1559 R„
583 1517 689 1565 φωνὴ
715 1519 795 1558 cod.
823 1525 861 1555 et
883 1521 940 1555 ed.
1025 1524 1075 1556 16.
1101 1522 1155 1554 Ita
1179 1522 1242 1562 R.,
1268 1519 1358 1554 ἀλλὰ
1383 1514 1461 1567 μέν
1486 1525 1552 1557 καὶ

207 1558 251 1597 ui
276 1564 596 1610 ὄχυροποιεῖσθαι
620 1566 700 1604 eod.
726 1573 764 1602 et
787 1566 845 1603 ed.
942 1579 992 1612 ¹7·
1007 1568 1063 1601 Ita
1087 1568 1148 1609 R„
1183 1569 1436 1613 περιπλοκῆς,
1459 1566 1480 1613 ἢ
1507 1564 1548 1605 τό

209 1609 495 1645 διασκεπάσθαι
520 1611 598 1645 cod.
623 1618 661 1646 et
679 1612 734 1646 ed.
763 1650 765 1652 ¹
836 1625 887 1659 19.
911 1615 1251 1661 περινενοημένους
1273 1615 1395 1649 Leich.

117 1699 218 1735 reges
242 1691 356 1723 annui
380 1695 501 1732 erant,
537 1695 575 1723 et
598 1701 724 1724 eorum
748 1692 1000 1738 unusquisque
1025 1697 1109 1737 post
1138 1699 1297 1738 gestum,
1331 1695 1431 1740 quod
1454 1702 1574 1731 sortes

116 1742 243 1771 nactus
266 1736 403 1778 fuerat,
435 1738 629 1782 imperium
652 1739 760 1771 unius
785 1740 872 1771 anni
896 1739 1158 1774 amandabatur
1181 1741 1220 1773 in
1244 1746 1359 1774 castra
1382 1743 1429 1775 ad
1453 1744 1551 1777 bella

116 1784 284 1827 gerenda.
333 1783 477 1830 Quibus
513 1785 706 1826 confectis,
736 1785 900 1827 redibat,
932 1792 969 1819 et
991 1786 1232 1832 interrogatus
1263 1799 1284 1820 a
1316 1790 1550 1832 consulibus,

117 1830 301 1874 quomodo
326 1842 400 1864 rem
425 1831 594 1863 bellicam
621 1831 924 1873 administrasset,
963 1834 1164 1878 accipiebat
1196 1834 1354 1868 humeris
1375 1837 1550 1871 iniectum

114 1875 284 1910 habitum
297 1877 532 1918 consularem,
556 1878 798 1925 adaequatum
816 1879 986 1923 dignitati
1001 1886 1126 1925 partae
1143 1882 1334 1925 victoriae;
1358 1883 1398 1916 in
1421 1894 1549 1917 manus

67 1964 70 1966 -
116 1928 240 1956 autem
268 1925 470 1969 accipiebat
491 1925 665 1958 traditum
690 1931 902 1970 tropaeum,
934 1927 1108 1961 victoriae
1132 1927 1177 1960 de
1201 1928 1358 1962 subactis
1381 1929 1549 1964 hostibus

117 1969 279 2014 insigne,
312 1971 352 2003 in
376 1982 448 2017 quo
473 1973 613 2016 pictura
636 1973 999 2017 repraesentabantur
1022 1985 1076 2006 res
1102 1974 1148 2006 ab
1172 1986 1215 2007 eo
1239 1976 1278 2008 in
1301 1977 1371 2009 ista
1395 1977 1548 2022 expedi-

114 2016 219 2049 tione
243 2022 362 2062 gestae
377 2043 386 2059 ,
409 2029 475 2063 per
499 2030 608 2065 quam
630 2019 879 2053 introduceret
901 2020 940 2053 in
963 2020 1091 2054 urbem
1116 2026 1154 2054 et
1178 2021 1367 2057 exhiberet
1391 2025 1550 2057 consuli-

115 2061 187 2096 bus
210 2064 327 2108 spolia
353 2070 390 2097 et
414 2066 584 2109 captivos.
634 2065 801 2100 Tenebat
831 2078 979 2113 quoque
1010 2069 1050 2100 in
1081 2068 1248 2102 manibus
1274 2069 1460 2104 codicillos
1485 2081 1549 2104 ex-

115 2116 310 2154 pensarum
334 2111 557 2145 bellicarum.
605 2113 793 2158 Scipiones
812 2120 953 2156 autem,
979 2125 1068 2160 quos
1085 2116 1230 2159 patricii
1247 2121 1395 2160 gerunt,
1418 2119 1548 2163 appel-

117 2155 292 2190 lationem
323 2163 447 2191 nactos
482 2169 558 2192 esse
590 2160 694 2193 aiunt
727 2160 943 2194 traditiones
966 2167 1105 2195 veteres
1130 2162 1219 2195 boni
1246 2164 1377 2196 ominis
1401 2165 1547 2209 plenam

118 2201 166 2233 ab
189 2203 256 2236 illo
281 2205 439 2238 Romano
464 2205 700 2240 celeberrimo
734 2207 824 2241 duce
859 2207 993 2241 bellico
1017 2209 1325 2256 maximarumque
1342 2222 1461 2244 rerum
1479 2223 1548 2246 au-

119 2251 242 2291 ctore,
265 2251 454 2296 Scipione,
477 2264 542 2297 per
565 2264 674 2299 quem
698 2258 835 2287 tantam
858 2255 990 2288 famam
1008 2257 1191 2289 consecuti
1211 2262 1307 2295 sunt.
1353 2259 1421 2292 Vel
1437 2259 1547 2291 etiam

119 2301 268 2340 scepaea
292 2299 400 2343 vulgo
424 2300 655 2344 appellantur
678 2311 723 2333 ex
748 2312 810 2341 eo,
846 2306 888 2335 ut
920 2313 985 2347 ego
1017 2302 1165 2348 quidem
1204 2304 1391 2345 existimo,
1428 2303 1547 2349 quod,

120 2341 185 2386 qui
207 2342 358 2386 pulchra
382 2351 420 2379 et
440 2347 624 2390 praeclara
649 2358 839 2391 agnoscere
863 2353 974 2395 atque
998 2350 1189 2382 aestimare
1221 2357 1373 2391 norunt,
1409 2351 1480 2384 toti
1506 2351 1547 2382 in

121 2397 164 2419 ea
193 2388 409 2424 incumbunt
442 2397 479 2425 et
510 2404 631 2426 secum
663 2393 857 2439 diligenter
887 2396 1076 2436 recolunt,
1124 2402 1278 2442 quantos
1310 2396 1464 2430 honores
1506 2398 1547 2430 in

120 2434 313 2469 annalibus
338 2437 535 2472 celebratos
559 2441 764 2485 acceperint
788 2441 876 2473 olim
898 2442 967 2473 viri
991 2441 1102 2475 fortes
1134 2448 1172 2476 et
1200 2443 1326 2488 probi;
1358 2455 1401 2476 eo
1431 2454 1476 2475 ue
1501 2441 1548 2475 ad

119 2480 281 2524 ipsorum
316 2483 558 2518 imitationem
593 2487 833 2521 stimulantur.
894 2487 1085 2534 Campagia
1121 2489 1286 2530 tandem,
1329 2495 1370 2522 ut
1426 2490 1546 2522 atinus

121 2537 238 2559 sermo
262 2530 440 2572 appellat,
463 2539 590 2576 gerunt
612 2533 658 2566 ad
682 2534 952 2579 significandam
967 2535 1035 2568 viri
1056 2535 1223 2569 militaris
1241 2536 1457 2580 agilitatem,
1482 2536 1547 2581 qui

120 2574 281 2618 negligat
302 2575 373 2607 sibi
405 2587 505 2609 crura
521 2579 602 2612 ‘alio
624 2585 768 2624 praeter
791 2581 967 2614 filtrorum
990 2581 1243 2615 indumentum
1267 2582 1443 2614 tutamine
1466 2594 1547 2616 mu-

120 2621 221 2660 nire,
247 2621 345 2666 quod
368 2621 532 2669 oblongis
556 2626 764 2661 rotundisve
789 2628 898 2660 scutis
922 2638 960 2660 se
986 2629 1073 2662 satis
1102 2633 1234 2662 tectum
1259 2633 1297 2661 et
1318 2633 1437 2662 tutum
1457 2640 1547 2673 esse,

121 2665 280 2712 ideoque
302 2668 405 2701 nuno
431 2669 503 2703 alio
527 2673 720 2707 artificiose
745 2673 908 2708 confecto
934 2679 971 2709 et
1001 2675 1185 2722 ingeniose
1205 2675 1406 2721 excogitato
1425 2677 1546 2710 muni-

121 2715 219 2748 mine
245 2724 335 2760 opus
358 2714 493 2749 habere
514 2722 628 2762 putet.
