1878 3112
319 108 428 175 524
583 130 953 171 CONSTANTlNl-
994 130 1469 172 Posspmizoofflsm

279 230 512 282 Οἴοτανται,
540 229 682 279 καθώς
706 229 794 283 ἔχει
823 230 847 271 ὅ
872 230 1015 284 τύπος,
1045 228 1228 279 νεύοντες
1250 234 1306 288 τῷ
1329 232 1544 291 ἀκολούθῳ
1561 233 1636 275 τοῦ
1656 233 1742 276 εἱσ-

314 303 469 338 ελυεῖν.
527 294 548 336 ὁ
579 297 623 335 δὲ
652 292 924 351 ὁρουγγάριος
951 297 1186 350 εἰσέρχεται
1213 295 1363 352 φορῶν
1377 295 1422 340 τὸ
1452 296 1613 346 ἑαυτοῦ
1636 313 1744 340 σπα-

314 363 420 413 91'011,
449 360 522 402 καί
546 362 596 416 τῇ
624 361 737 418 δεξιᾷ
761 361 878 415 χειρί
905 363 1069 415 κρατῶν
1095 359 1201 413 τό,τε
1228 362 1460 416 μαγλάβιον
1488 363 1560 404 καί
1582 359 1630 404 τὸ
1657 363 1744 414 τζι-

315 425 478 481 κούριον
506 427 759 478 ἑπικειμενον
794 427 849 483 τῷ
879 428 998 484 δεξιῷ
1026 427 1155 468 αὐτοῦ
1182 422 1292 484 ὤμῳ.
1347 426 1465 483 ἧνίκα
1494 429 1541 469 δὲ
1567 426 1670 486 ἔλθῃ
1698 428 1744 470 ἒν

118 500 304 548 Ms.178.b
320 494 377 549 τῷ
401 490 564 549 μεγάλῳ
590 491 779 549 τρικλίνῳ
806 492 881 533 τοῦ
911 491 1225 547 Ἰουστινιανοῦ,
1254 498 1479 548 προσκυνεῖ
1495 496 1554 543 εἰς
1578 495 1622 535 ἓν
1650 494 1771 541 ἐἴκοι-5

315 573 412 599 στον
438 558 521 598 τῶν
556 554 748 610 μεγάλων
785 555 1005 612 ὄμφαλίων
1030 555 1107 602 τόν
1148 573 1191 599 τε
1213 559 1303 613 τῆς
1344 556 1636 607 καταστάσεως
1673 560 1748 600 καὶ

315 622 413 671 τοὺς
440 623 754 678 σιλεντιαριόυς,
783 624 855 664 καί
881 625 1046 665 ἵσταται
1076 619 1162 664 ἅνω
1191 623 1437 677 ἀποβλέπων
1464 623 1570 680 πρὸς
1595 622 1641 665 τὸ
1671 625 1748 666 δυ-

640 683 660 698 >l

313 686 429 730 τικὸν
454 690 602 743 μέρος,
632 703 759 742 ηγουν
783 686 888 744 πρὸς
915 686 968 730 τά
997 685 1155 742 σκῦλα,
1183 689 1257 730 καί
1281 689 1516 746 παραυτίκα
1543 687 1748 742 λαμβάνει

315 756 448 807 νεῦμα
477 752 762 803 ὄίἰκόλουθος
798 756 870 796 καὶ
907 756 1014 808 λέγει
1056 761 1141 804 τοῖς
1180 757 1428 811 μαγίστροις
1454 753 1745 808 ,,κελεύσατε·”

318 819 356 861 οἱ
380 818 604 875 μάγιστροι
632 821 706 861 καί
731 822 963 877 πατρίκιοι,
1006 822 1330 876 προσκυνοῦντες
1367 818 1438 867 τόν
1474 835 1517 862 τε
1547 817 1802 875 δρουγγά-ιο

276 894 406 941 Βριον
447 887 519 926 καί
557 883 629 926 τὸν
663 887 735 940 τῆς
768 884 1058 935 καταστάσεως
1095 882 1186 939 ἅμα
1227 887 1311 927 τῶν
1353 886 1638 940 σιλεντιαρίων
1677 885 1751 926 καί

292 963 296 981 ·’
317 952 558 1002 καθέζονται
584 951 644 1000 εἷς
668 950 720 993 τά
749 952 938 1004 σκάμνα.
993 950 1066 993 καὶ
1089 950 1216 993 πάλιν
1257 950 1461 1005 λαμβάνει
1487 953 1619 1003 νεῦμα
1649 946 1670 990 ὅ
1699 950 1751 991 α’-

318 1015 514 1065 κὸλουθος
541 1014 656 1073 παρά
685 1018 762 1058 τοῦ
789 1020 863 1072 τῆς
898 1015 1214 1071 καταστάσεως,
1258 1018 1329 1058 καί
1354 1017 1463 1071 λέγει
1488 1015 1751 1073 „nsi-simas,

318 1081 581 1137 σεκρετικοι’.”
620 1081 692 1123 καί
719 1084 974 1137 εἰσέρχονται
1003 1081 1041 1124 οἱ
1066 1081 1368 1138 χαρτουλάριοι
1392 1083 1468 1124 τοῦ
1490 1081 1655 1136 γενικοῦ
1680 1077 1755 1122 καὶ

317 1150 391 1189 τοῦ
442 1150 741 1203 στρατιωτικοῦ
802 1150 875 1189 καί
924 1146 964 1189 οἱ
1012 1149 1302 1204 ἄντιγραφεῖς,
1355 1148 1600 1204 φοροῦντες,
1626 1146 1805 1200 σαγίαι5

319 1210 445 1268 ῥοῆς,
490 1214 816 1268 προσκυνοῦντες
847 1215 920 1254 καί
940 1212 1078 1258 ,advoc
1112 1211 1225 1254 κάτω
1263 1214 1308 1254 ἐν
1346 1213 1403 1269 τῷ
1429 1213 1648 1269 τυμπανέῳ
1675 1212 1754 1252 τοῦ

312 1274 634 1330 Ἴουστινιανοῦ,
663 1276 1007 1329 καίκαθέζονται
1035 1278 1108 1319 καί
1134 1278 1259 1319 αυ’τοι“
1286 1278 1346 1326 εἰς
1373 1275 1426 1319 τοὶ
1456 1275 1635 1330 σκάμνα.
1680 1274 1755 1317 καὶ

319 1343 443 1385 πάλιν
471 1342 677 1398 λαμβάνει
704 1345 840 1396 νεῦμα
867 1341 889 1385 ὅ
928 1344 1156 1393 α’κόλουθος
1194 1341 1309 1399 παρὰ
1349 1343 1424 1385 τοῦ
1451 1342 1524 1398 τῆς
1549 1339 1755 1384 καταστά-

322 1425 427 1458 σεως
441 1442 453 1461 ,
481 1410 556 1450 καί
580 1412 875 1465 προσκαλεῖται
901 1407 1002 1459 τούς
1030 1406 1066 1452 δ’
1095 1411 1178 1451 τῶν
1207 1407 1432 1463 ταγμάτων
1459 1404 1753 1463 τοποτηρητὰς,

320 1475 668 1529 χαρτουλαρίους,
699 1471 882 1529 κόμητας
907 1475 992 1516 τῶν
1019 1476 1185 1528 σχολῶν
1204 1505 1217 1528 ‚
1247 1471 1476 1529 σκριβωνάς
1501 1487 1545 1514 τε
1573 1471 1646 1514 καί
1671 1475 1812 1523 λου-2ο

325 1538 431 1589 πούς
465 1537 671 1593 μεγάλους
710 1534 938 1595 ἄρχοντας,
982 1538 1054 1580 καί
1089 1541 1171 1581 ταῖν
1202 1542 1419 1594 νουμέρων
1462 1539 1535 1580 καὶ
1569 1538 1759 1591 τειχέων.

326 1604 410 1662 χρὴ
437 1606 485 1646 δὲ
513 1605 681 1659 εἰδέναι,
713 1601 788 1659 ὅτι,
817 1606 901 1647 τῶν
932 1603 968 1646 δ’
994 1604 1211 1660 ταγμάτων
1238 1606 1287 1647 ἐν]
1311 1596 1760 1660 τῇιπόλειμὴῦντμν,

329 1789 458 1824 tiarius
480 1794 575 1823 stant
598 1789 678 1824 loco
704 1795 742 1824 et
763 1802 861 1824 more
885 1795 1055 1824 consueto
1071 1815 1081 1832 ,
1113 1795 1203 1824 nutu
1228 1789 1355 1834 capitis
1378 1789 1618 1834 significantes
1642 1786 1765 1821 acolu-

332 1836 417 1876 tho,
455 1841 496 1868 ut
518 1837 753 1881 ingrediatur.
801 1839 893 1871 Tum
924 1839 1034 1881 intrat
1057 1837 1261 1877 acoluthus,
1304 1846 1427 1881 gerens
1461 1846 1561 1868 suam
1599 1833 1764 1880 spatham

335 1888 372 1916 et
396 1882 520 1915 dextra
545 1895 652 1916 manu
680 1889 807 1917 tenens
846 1883 1063 1929 maglabium
1108 1895 1170 1916 seu
1209 1883 1343 1916 clavam
1387 1887 1425 1915 et
1459 1881 1612 1915 securim
1656 1889 1765 1924 super

334 1929 460 1962 dextro
494 1929 643 1963 humero
676 1931 878 1974 repositam.
927 1930 996 1963 Ubi
1030 1936 1149 1963 autem
1178 1931 1216 1962 in
1241 1939 1406 1973 magnum
1433 1927 1626 1961 Iustiniani
1649 1926 1767 1960 tricli-

329 1977 435 2009 nium
460 1978 644 2020 pervenit,
673 1977 816 2018 adorat,
842 1977 984 2022 quoties
1010 1977 1148 2021 singula
1171 1987 1376 2020 magnorum
1408 1974 1669 2019 omphaliorum
1685 1983 1766 2005 ,seu

334 2022 589 2056 umbilicorum
614 2022 682 2068 [id
707 2029 761 2056 est
802 2034 1076 2056 marmorearum
1114 2023 1153 2055 in
1177 2023 1380 2066 pavimento
1418 2018 1596 2064 rotarum]
1634 2018 1766 2059 caleab,

337 2069 628 2102 cerimoniarium
658 2075 695 2102 et
730 2070 969 2109 silentiarios,
1003 2069 1239 2114 consistitque
1269 2068 1308 2099 in
1340 2066 1522 2110 superiore
1543 2070 1666 2110 parte,
1685 2064 1768 2098 „de-

337 2115 492 2159 spiciens
517 2115 562 2147 ad
587 2115 832 2156 occidentem,
874 2115 912 2148 id
940 2119 993 2147 est
1017 2115 1063 2147 ad
1087 2115 1200 2156 scyla;
1237 2119 1274 2146 et
1297 2114 1460 2156 protinus
1486 2111 1619 2156 accipit
1643 2112 1768 2145 acolu-

336 2160 422 2193 thus
452 2166 544 2193 nutu
578 2162 896 2206 significationem,
923 2167 960 2194 et
983 2161 1192 2204 pronuntiat
1217 2170 1297 2203 erga
1320 2159 1524 2203 magistros:
1555 2158 1768 2196 Celeusate,

340 2206 392 2253 [id
417 2212 470 2239 est
484 2207 607 2241 velitis
631 2207 701 2241 huc
723 2209 854 2242 venire
880 2218 954 2248 vos,
970 2207 1136 2251 magistri
1148 2215 1183 2239 et
1196 2206 1358 2251 patricii.
1385 2206 1436 2238 Eo
1457 2202 1596 2246 audito,
1620 2202 1770 2251 intrant]

331 2253 501 2298 -magistri
526 2258 562 2286 et
584 2254 752 2297 patricii,
775 2253 964 2286 adorantes
989 2252 1238 2297 drnngnrium,
1264 2250 1552 2291 cerimoniarium
1587 2255 1624 2283 et
1660 2251 1772 2284 silen-

339 2301 484 2340 tiarios,
510 2299 748 2345 desidentque
774 2301 847 2333 suis
873 2301 911 2332 in
935 2300 1094 2332 scamnis.
1144 2299 1272 2331 Rursus
1294 2297 1465 2341 (le-inceps
1492 2297 1623 2342 accipit
1647 2297 1771 2330 acolu—

331 2345 425 2378 -thus
450 2352 541 2379 nutu
565 2346 756 2390 imperium
780 2357 800 2378 a
834 2345 1104 2385 cerimoniario,
1131 2349 1167 2377 et
1185 2345 1328 2377 clamat:
1357 2344 1567 2384 Celeusate,
1590 2344 1771 2378 socratici.

340 2393 444 2426 Tunc
465 2392 717 2437 ingrediuntur
738 2392 945 2425 chartularii
969 2392 1085 2436 genici
1112 2401 1170 2424 seu
1193 2392 1373 2423 rationum
1395 2390 1592 2430 fiscalium,
1616 2395 1654 2423 et
1671 2389 1774 2423 char-

339 2439 463 2472 tularii
474 2439 663 2472 stratiotici
683 2449 744 2472 seu
765 2440 819 2471 rei
836 2439 1020 2478 militaris,
1041 2442 1077 2471 et
1098 2436 1322 2482 antigraphei
1342 2447 1405 2470 seu
1437 2435 1597 2480 magistri
1619 2437 1774 2470 scrinio‘-

332 2497 439 2525 rum,
464 2485 584 2518 induti
613 2486 704 2530 sagis
726 2485 848 2526 russis,
875 2484 1060 2518 adorantes
1081 2489 1116 2516 et
1132 2483 1170 2515 hi
1189 2484 1339 2516 inferius
1359 2484 1399 2515 in
1424 2488 1614 2526 tympaueo
1630 2481 1700 2526 [id
1719 2485 1775 2516 est

341 2534 381 2566 in
403 2532 556 2565 statione
590 2537 840 2575 tympanorum
867 2532 906 2564 in
930 2531 1109 2573 triclinio]
1128 2530 1341 2569 «Iustiniani,
1377 2528 1615 2572 desidemque
1636 2533 1714 2563 tum
1734 2529 1776 2561 in

342 2579 504 2611 scamnis.
554 2579 682 2611 Rursus
714 2576 799 2611 dein
829 2578 962 2622 accipit
990 2575 1178 2610 acoluthus
1210 2576 1382 2608 indicium
1401 2585 1422 2606 a
1446 2574 1712 2613 cerimoniario‚
1738 2578 1776 2608 et

343 2625 491 2658 advocat
508 2629 730 2669 topoteretas
746 2629 897 2670 quatuor
920 2622 1071 2657 totidem
1095 2627 1288 2667 tagmatum>
1312 2623 1392 2665 [seu
1415 2620 1656 2664 cohortiumJ,
1675 2619 1778 2654 chax·-

342 2671 515 2710 tuhrios,
542 2671 687 2704 comites
708 2670 930 2711 scholarum,
947 2668 1128 2703 scribones
1165 2674 1374 2714 ceterosque
1404 2676 1567 2710 proceres
1597 2666 1776 2711 palatinos

334 2723 382 2750 -οι
403 2729 633 2752 numerorum
654 2722 690 2752 et
705 2722 896 2752 castrorum
916 2721 1079 2753 rectores.
1109 2714 1426 2760 ⁴Quandoautcm
1450 2719 1602 2761 quatuor
1625 2717 1778 2755 tagmatn
