1832 3112
296 154 371 209 90
568 153 945 199 coNsTANT1N1.
979 121 1467 203 ronrnrnoemin

292 250 577 316 Ἰουστινιανῷ
596 256 803 315 τρικλίνῳ.
843 257 867 298 ὅ
899 259 945 300 δὲ
966 259 1165 313 βασιλεύς
1186 261 1485 317 περιβάλλεται
1509 255 1746 322 διβητῆσιον

301 323 374 364 καί
394 323 628 374 τζιτζάκιον
660 325 732 365 καί
755 325 922 367 ἵσταται
947 326 992 367 ἐν
1015 326 1071 382 τῷ
1093 330 1421 385 χρυσοτρικλίνῳ
1444 330 1488 372 ἐν
1508 330 1559 386 τῇ
1574 330 1749 386 ἐξαγού-

115 395 180 432 Ed.
191 395 231 431 L.
247 395 292 443 54
302 405 353 445 σῃ
376 389 545 447 καμάρᾳ
567 389 612 431 ἐν
633 389 691 445 τῷ
715 392 956 446 τριπέτωνι·
981 389 1027 433 τὸ
1059 393 1105 434 δὲ
1130 394 1213 435 τῶν
1239 390 1435 451 ἀργυρῶν
1455 398 1598 437 πυλῶν
1621 398 1750 452 βῆλον

300 453 464 511 αἴρεται
498 454 579 496 ὑπὸ
602 458 907 512 σιλεντιαριόυ,
946 456 1019 500 καί
1037 458 1219 510 ἐξελθών
1247 459 1330 501 ἀπὸ
1354 461 1579 511 κελεύσεως
1605 458 1751 504 ὄστιοί-

301 537 415 579 ριος,
456 520 614 576 εἰσάγει
640 520 712 564 τὸν
739 522 1062 581 ὄρφανοτρόφον
1093 525 1381 581 ἦλλαγμένον,
1427 527 1502 569 καί
1527 527 1608 571 σὺν
1641 519 1778 586 αὖτῷ5

301 588 559 643 εἰσέρχονται
581 588 828 645 φωτίσματα
849 592 904 644 ἓξ,
927 591 1001 633 καί
1021 592 1068 632 έκ
1089 592 1173 633 τῶν
1199 590 1398 648 ὄρφανῶν
1419 587 1583 650 ῧρφανα
1599 595 1656 647 ἓξ,
1671 611 1754 636 πα-

300 653 590 709 ρακρατοῦντα
620 657 885 711 φωτίσματα,
922 655 997 698 καί
1019 654 1278 709 ἐκμάσσουσι
1307 656 1359 700 τοὶ
1384 658 1546 702 τούτων
1573 661 1752 713 μέτωπα

301 714 339 772 ὅ,
351 734 395 761 τε
425 720 707 776 πρεσβύτερος
734 720 807 763 καὶ
835 717 1174 779 ὄρφανοτρόφος,
1207 721 1282 764 καί
1305 722 1538 776 ἀσπάζεται
1579 725 1605 766 o‘
1628 728 1753 779 βασι-

301 784 400 836 λεὺς
426 783 475 828 τὸ
501 782 601 828 αὗτό
623 784 824 843 φώτισμα
849 789 894 830 ἐν
914 790 972 846 τῷ
991 787 1180 847 μετώπῳ.
1216 792 1494 832 τελεσθέντων
1520 791 1567 832 δὲ
1591 789 1755 833 τούτων

304 850 379 894 καί
405 852 450 894 έν
478 858 564 903 τοῖς
597 856 756 903 λοιποῖς
782 856 906 896 πέντε
932 854 1179 911 φωτιὺμασι
1211 853 1284 896 καὶ
1306 855 1608 910 ἀσπασαμένου
1641 854 1806 899 αὕτάιο

303 920 382 960 τοῦ
396 921 615 972 βασιλέως,
633 915 795 969 εὗθέως
817 923 1106 976 φωνοβολοῦσι
1128 918 1181 962 τὰ
1201 915 1370 978 ὅρφανα
1391 920 1448 971 ὥς
1469 920 1655 964 εἴθισται
1676 922 1755 964 αὖ-

303 990 405 1038 τοῖς,
435 984 508 1027 καί
531 985 732 1042 εἰληφότα
763 985 1002 1042 ἆποκόμβια
1027 986 1144 1044 παρὰ
1165 989 1241 1029 τοῦ
1269 990 1477 1042 βασιλέως
1501 990 1755 1044 ἐξέρχονται,

303 1051 378 1092 καὶ
394 1052 687 1106 στοιχηθέντος
707 1053 787 1094 τοῦ
817 1055 1059 1109 κλητωρίου,
1087 1054 1274 1108 γίνονται
1297 1054 1456 1106 μίνσαι,
1485 1053 1560 1096 καί
1581 1056 1756 1105 καθέζε-

267 1129 378 1163 Βται
402 1114 423 1157 ὅ
453 1114 653 1171 βασιλεῦς
685 1118 730 1159 ἐν
756 1119 808 1176 τῇ
828 1119 943 1177 τιμία
985 1120 1124 1176 χρυσῇ
1147 1121 1331 1178 τραπέζῃ
1365 1118 1470 1174 μετιὶ
1495 1118 1569 1162 καί
1595 1118 1754 1177 α’ρχόν-

302 1198 414 1236 των,
454 1181 530 1233 οὓς
562 1180 616 1228 ἂν
647 1185 800 1243 καλέσῃ
830 1187 883 1243 τῇ
912 1181 1021 1242 αὐτῇ
1049 1184 1199 1244 ἡμέρᾳ.
1758 1185 1807 1228 ι5

910 1276 1049 1316 mm).
1079 1272 1144 1328 ιγ’.

597 1353 702 1399 Περὶ
725 1354 788 1396 τῆς
812 1353 882 1387 τοῦ
906 1351 1147 1400 πατριάρχου
1172 1352 1452 1401 προσκλήσεως.

414 1440 512 1499 Χρὴ
538 1439 610 1485 τόν
631 1437 906 1498 πραιπόσιτον
928 1441 976 1498 τῇ
1002 1440 1138 1499 ἡμέρᾳ
1159 1443 1234 1497 τῆς
1263 1440 1462 1498 τετράδος
1488 1438 1578 1500 ὥρᾳ
1609 1441 1751 1499 πρώτῃ

303 1511 507 1552 εἰσελθεῖν
531 1505 638 1564 πρὸς
672 1505 741 1549 τὸν
770 1507 947 1560 βασιλέα
981 1505 1055 1548 καί
1081 1506 1336 1562 ὑπομνῆσαι,
1377 1508 1416 1550 εἰ
1449 1504 1532 1563 ἄρα
1566 1506 1752 1549 κελεύσει

303 1575 619 1631 προσκληθῆναι
637 1570 710 1615 τὸν
737 1570 1013 1629 πατριάρχην,
1033 1568 1145 1621 ὅπως
1162 1570 1299 1614 ἐλθών
1323 1573 1375 1630 τῇ
1399 1570 1604 1628 ἐπαύριον
1625 1571 1647 1615 ὅ
1669 1589 1808 1615 nez-20

303 1639 509 1698 τριάρχης
537 1637 644 1694 μετὰ
678 1638 844 1682 πάντων
880 1639 964 1681 τῶν
1000 1636 1213 1681 εἰωθότων
1246 1634 1362 1696 αὖτῷ
1391 1637 1537 1695 ἱερέων
1564 1636 1672 1696 πρὸς
1702 1636 1750 1680 τὸ

396 1743 430 1777 6.
455 1740 774 1786 παρακρατοῦντα
797 1742 1023 1788 φωτίσματα
1049 1740 1140 1774 coni.
1163 1739 1309 1783 Leich.,
1339 1738 1596 1786 παρακρατῶν
1631 1737 1755 1785 φώτι-

399 1789 642 1877 (Ιῐιὸιιακῑείἓὶἰσῗ
661 1787 722 1870 23:11..
830 1800 861 1835 7.
886 1787 1131 1836 ἐκμάσσωσιν
1154 1786 1232 1821 cod.
1374 1788 1407 1822 8.
1431 1787 1453 1821 6
1480 1785 1521 1822 δὲ
1543 1788 1673 1833 πρεσβ.
1695 1785 1754 1821 ed.

309 1927 366 1961 cio
391 1925 540 1960 indutus
556 1952 566 1968 ‚
594 1927 632 1960 in
659 1926 759 1960 aurei
783 1926 937 1961 triclinii
962 1938 1119 1967 camera,
1156 1936 1247 1972 quae
1282 1926 1457 1971 tripetoni
1483 1925 1649 1970 proxima
1673 1929 1752 1965 est,

309 1974 496 2008 subsistit:
524 1979 771 2018 argentearum
803 1979 988 2018 portarum
1018 1975 1138 2007 velum
1177 1984 1196 2005 a
1221 1973 1424 2006 silentiario
1460 1973 1623 2012 tollitur,
1650 1975 1687 2004 et
1711 1982 1752 2004 e-

310 2027 458 2066 gressus‘
475 2020 644 2053 ostiarius
671 2032 691 2053 a
717 2014 907 2061 mandato,
931 2018 1264 2066 orphanotrophum
1291 2023 1428 2052 mutata
1450 2023 1548 2052 veste
1579 2017 1752 2058 adducitj

310 2079 393 2101 cum
418 2078 490 2113 quo
514 2077 576 2100 sex
601 2067 815 2101 candelabra
834 2067 1059 2114 totidemque
1073 2078 1118 2100 ex
1141 2065 1311 2111 orphanis
1337 2076 1378 2098 ea
1401 2070 1585 2110 portantes
1605 2065 1752 2104 intrant,

311 2124 467 2160 quorum
491 2113 649 2146 frontem
672 2114 860 2159 presbyter
883 2120 920 2148 et
944 2112 1257 2159 orphanotrophus
1287 2112 1519 2158 abstergunt,
1554 2113 1754 2156 Imperator

310 2165 431 2194 autem
459 2159 676 2194 caudelabra
701 2160 878 2194 eiusmodi
904 2162 943 2195 in
967 2162 1086 2195 fronte
1121 2159 1312 2193 oscuiatur.
1360 2159 1469 2205 Quod
1503 2164 1690 2204 postquam
1716 2161 1754 2190 et

311 2209 354 2241 in
377 2207 529 2251 reliquis
552 2206 698 2249 factum,
724 2212 762 2241 et
784 2209 924 2252 singula
948 2209 1147 2253 Imperator
1160 2206 1339 2240 osculatus
1363 2212 1429 2246 est,
1453 2208 1574 2239 statim
1598 2203 1753 2249 orphani

313 2258 357 2288 ut
378 2265 454 2288 mos
479 2258 534 2286 est
561 2260 716 2295 canunt,
741 2260 778 2288 et
806 2254 1016 2289 solennibus
1050 2253 1270 2300 apocombiis
1305 2253 1350 2286 ab
1391 2254 1610 2298 Imperatore
1648 2256 1752 2284 acce·-

312 2300 401 2347 pfis,
425 2299 630 2343 discedunt,
653 2306 852 2347 paratoque
871 2302 1049 2343 convivio,
1076 2301 1150 2335 eibi
1174 2302 1380 2334 afferuntur:
1405 2300 1604 2344 Imperator
1625 2306 1756 2330 aureae

313 2359 356 2383 ac
388 2347 614 2382 venerandae
641 2359 787 2383 mensae
811 2359 892 2383 cum
926 2349 1137 2395 proceribus
1153 2373 1164 2390 ,
1198 2358 1287 2394 quos
1313 2347 1430 2382 vocari
1466 2356 1509 2380 eo
1544 2344 1603 2379 die
1625 2344 1754 2385 iussit,

315 2393 508 2430 accumbit.

947 2463 1041 2499 CAP.
1072 2476 1083 2498 1
1091 2464 1123 2498 3.

745 2533 798 2567 De
820 2532 1060 2578 patriarchae
1084 2531 1321 2567 invitatione.

405 2622 633 2668 Praepositus
660 2620 721 2655 ‹lie
747 2627 895 2669 quartae
919 2622 1031 2656 feriae
1055 2621 1143 2656 hora
1169 2621 1286 2667 prima
1309 2620 1562 2665 Imperatorem
1589 2615 1689 2650 adire
1715 2619 1753 2648 et

316 2681 488 2717 quaerere
513 2669 646 2710 debet,
670 2680 717 2703 an
740 2668 977 2714 patriarcham
1017 2669 1162 2702 invitari
1188 2668 1332 2708 iubeat,
1357 2671 1399 2699 ut
1421 2671 1564 2710 postero
1586 2663 1646 2697 die
1671 2672 1752 2695 cum

318 2717 484 2750 omnibus
509 2715 774 2757 sacerdotibus,
800 2728 889 2763 quos
914 2727 1034 2749 secum
1059 2715 1236 2750 adducere
1262 2714 1378 2755 solet,
1405 2712 1450 2746 ad
1474 2721 1611 2757 agapen
1634 2711 1753 2753 Impef

317 2765 427 2799 ratori
450 2762 604 2798 dandam
637 2763 754 2813 adque
779 2763 901 2810 epulas
926 2774 1008 2798 cum
1035 2774 1077 2797 eo
1106 2764 1144 2800 in
1169 2760 1358 2809 splendida
1381 2769 1487 2796 aurea
1510 2766 1633 2793 meust
1655 2754 1753 2790 cele-
