1884 3112
863 0 895 35 Ο

279 103 298 136 1
310 83 384 137 66
559 99 915 143 coma-Auum
958 94 1440 142 PORPHYROGENITI

93 210 157 245 Ed.
172 211 267 261 Llcss
281 203 589 256 καταλαβόντος
618 203 663 243 δὲ
689 202 764 242 τοῦ
792 199 1067 255 πατριάρχου,
1093 200 1316 242 ἀνίσταται
1344 197 1365 241 ὅ
1393 197 1616 254 βασιλεὺς,
1642 199 1717 242 καὶ

270 265 624 324 προσκυνήσαντες
652 265 862 321 ἀλλήλους
890 267 960 306 καί
997 261 1309 320 ἀσπασάμενοι,
1357 261 1615 321 ἀπέρχονται
1643 267 1717 308 καὶ

270 336 464 376 ἵστανται
490 332 725 386 ἑζιιπροσθεν
752 332 835 372 τῶν
864 333 1091 384 βασιλικῶν
1118 332 1286 374 πυλῶν.
1346 332 1430 373 καί,
1456 330 1478 372 ὅ
1513 332 1591 384 μὲν
1630 347 1713 372 πα-

268 400 473 456 τριάρχης
500 401 656 441 ἐκτελεῖ
677 395 753 453 τήν
779 395 912 453 εὐχήν
939 399 1014 453 τῆς
1040 394 1230 451 εἰσόδου,
1261 395 1282 439 ὅ
1312 399 1357 440 δὲ
1384 395 1601 453 βασιλεὺς,
1639 399 1714 437 λα..

266 465 356 522 βων
384 463 500 520 παρὰ
531 466 606 506 τοῦ
636 463 911 521 πραιποσίτου
941 462 1118 520 κηροὺς,
1164 459 1335 519 εὔχεται
1363 466 1434 506 καί
1471 460 1597 506 πάλιν
1625 464 1740 511 ἐπι-5

267 530 442 573 δίδωσιν
471 529 629 580 αὐτούς
656 531 715 588 τῷ
743 532 1025 587 πραιποσίτῳ,
1070 527 1258 580 κάκεῖνος
1295 531 1354 588 τῷ
1387 531 1459 585 τῆς
1502 526 1712 571 καταστά-

267 613 385 646 σεως.
443 596 534 652 (Δ.)
569 597 652 638 Τοῦ
681 598 727 638 δὲ
754 593 1018 652 πατριάρχου
1040 595 1118 651 τὴν
1147 594 1274 652 εὐχήν
1302 598 1553 649 τελέσαντος,
1582 610 1714 651 προσ-

267 669 388 704 κυνεῖ
412 661 434 704 ὃ
471 661 671 716 βασιλεὺς
709 660 779 705 τὸν
806 661 944 716 τιζιιιον
971 660 1158 718 σταυρὸν
1185 660 1258 704 καὶ
1283 659 1331 703 τό
1356 657 1560 718 ἄχραντον
1587 657 1714 714 etiay-

265 731 430 784 γέλιον,
458 727 531 771 καί
556 726 828 785 κρατήσαντες
855 728 1045 784 ἀλλήλων
1072 727 1147 777 τὰς
1175 733 1344 783 χεῖρας,
1372 729 1610 783 διέρχονται
1635 728 1714 781 μέ-

264 811 338 838 σον
364 797 443 837 τοῦ
470 795 571 837 ναοῦ
598 794 672 837 καί
696 795 956 850 εἰσέρχονται
983 795 1028 837 ἐν
1055 795 1107 852 τῇ
1133 796 1319 852 σωλαίᾳ,
1355 793 1428 836 καί
1453 793 1773 849 α’πέρχονταιιο.

269 863 399 918 μέχρι
426 863 509 903 τῶν
537 861 665 915 ἁγίων
691 861 861 916 θυρῶν.
917 858 1061 903 ἅπτων
1090 862 1136 903 δὲ
1163 855 1329 902 adustos
1357 857 1511 916 κηρούς
1538 859 1610 901 καὶ
1636 857 1714 900 εὖ·

239 926 468 980 Βξάμενος,
515 927 759 969 ἐπιδίδωσιν
788 923 942 977 αὖτοὺς
968 927 1026 984 τῷ
1053 925 1340 983 πραιποσίτῳ,
1383 928 1456 968 καί
1481 926 1715 980 εἰσέρχεται

269 994 329 1042 εἰς
355 990 400 1034 τὸ
430 991 757 1048 θυσιαστήριον,
801 995 873 1034 καί
907 992 1197 1050 προσκυνήσας
1231 991 1306 1048 τήν
1346 991 1470 1047 ἁγίαν
1505 989 1715 1048 τράπεζαν

269 1059 342 1100 καί
367 1055 508 1112 λαβών
537 1057 797 1112 ἀποκόμβιον
823 1058 938 1114 παρὰ
967 1059 1041 1100 τοῦ
1071 1060 1348 1114 πραιποσίτου
1364 1092 1376 1111 ,
1418 1059 1583 1113 τίθησιν
1611 1055 1714 1098 αὐτὸ

269 1125 315 1166 ἐν
340 1127 391 1181 τῇ
416 1125 512 1182 ἁγίᾳ
541 1125 752 1182 τραπέζῃ,
781 1123 855 1166 καί
882 1124 952 1166 διὰ
982 1125 1055 1180 τῆς
1079 1127 1257 1179 πλαγίας
1283 1126 1361 1166 τοῦ
1389 1124 1614 1179 α’ριστεροῦ
1640 1123 1769 1175 pas-15

271 1206 371 1248 ρους
398 1188 602 1245 ἐξελθών,
642 1191 878 1246 εἰσέρχεται
905 1193 964 1240 εἰς
991 1191 1067 1246 τήν
1094 1191 1216 1246 ἁγίαν
1243 1189 1387 1246 σορόν,
1415 1191 1488 1232 καί
1513 1187 1616 1238 στὰς
1643 1187 1718 1242 {u-

269 1259 453 1313 προσθεν
482 1258 565 1299 τῶν
592 1256 721 1311 ἁγίων
749 1259 909 1313 θυρῶν,
945 1254 1068 1299 ἅπτει
1093 1255 1259 1313 κηροὺς,
1282 1258 1354 1299 καί
1375 1252 1599 1310 εὗξάμενος
1632 1256 1719 1298 εἶσ-

270 1323 441 1377 έρχεται
477 1323 536 1372 εἰς
577 1321 622 1366 τὸ
661 1324 990 1380 θυσιαστήριον,
1037 1325 1111 1365 καί
1144 1323 1435 1379 προσκυνήσας
1477 1320 1551 1379 τήν
1593 1321 1718 1377 ἁγίαν

269 1386 498 1445 τράπεζαν,
522 1388 690 1445 τίθησιν
711 1392 776 1433 ἐπ’
802 1390 913 1448 αὐτῇ
940 1388 1207 1444 α’ποκόμβιον,
1237 1388 1309 1431 καί
1341 1389 1560 1442 θυμιάσας
1588 1385 1719 1443 αὐτήν

271 1454 494 1509 κυκλόθεν,
523 1456 757 1511 ἐξέρχεται.
813 1453 1014 1505 ὡσαύτως
1046 1458 1118 1498 καί
1145 1458 1190 1498 ἐν
1217 1456 1276 1514 τῷ
1309 1456 1354 1506 ἐξ
1378 1455 1600 1511 ἀριστερᾶς
1629 1447 1781 1495 iintze-

271 1518 474 1580 εὖκτηρίῳ
501 1520 738 1576 εὐξάμενος,
766 1523 936 1580 τίθησιν
963 1520 1215 1578 ἆποκόμβιον
1242 1524 1286 1565 ἐν
1317 1523 1371 1579 τῇ
1397 1522 1493 1580 ἁγίᾳ
1520 1519 1717 1577 τραπέζῃ,

271 1587 345 1630 καὶ
376 1590 589 1645 ἐξέρχεται
628 1590 702 1632 καί
723 1586 944 1646 ἀνέρχεται
974 1588 1044 1631 διὰ
1079 1592 1151 1644 τῆς
1183 1592 1345 1645 ξυλίνης
1379 1587 1532 1638 σκάλας
1562 1587 1607 1629 ἐν
1632 1590 1719 1635 τοῖς

243 1656 634 1711 Εκατηχουμενίοις,
663 1651 828 1698 κάκεῖσε
858 1660 971 1699 τελεῖ
993 1657 1072 1712 τὴν
1099 1654 1222 1698 θείαν
1245 1654 1520 1711 λειτουργίαν.
1574 1651 1649 1695 καί
1673 1653 1719 1694 ἓν

269 1723 330 1779 τῷ
360 1722 492 1780 καιρῷ
522 1724 595 1778 τῆς
623 1721 745 1772 θείας
772 1726 988 1772 κοινωνίας
1021 1724 1296 1779 κατέρχονται
1326 1719 1402 1763 δύο
1437 1718 1716 1776 σιλεντιάριοι,

270 1785 344 1829 καί
371 1790 705 1844 προσκαλοῦνται
738 1787 811 1831 τὸν
839 1788 1128 1846 πατριάρχην,
1168 1790 1240 1830 καί
1268 1785 1456 1831 ἀνελθών
1486 1787 1634 1829 δίδωσι
1660 1784 1771 1842 τῷηὸ

365 1867 437 1947 {53
448 1868 758 1947 προσκᾶιλοῦνται
775 1870 827 1910 Β.,
852 1869 1101 1915 προσκαλουν
1123 1869 1366 1915 superscripto
1386 1879 1407 1902 τ
1423 1865 1514 1909 cod„
1541 1872 1719 1913 προσκα-

392 1924 520 1951 ουνιες
548 1925 566 1946 e
596 1940 604 1946 .

276 1982 447 2024 adorato,
471 1993 537 2028 per
558 1983 674 2028 regias
693 1984 820 2016 ianuas
841 1985 1017 2029 templum
1046 1984 1310 2029 ingrediuntur.
1357 1980 1582 2017 Adveniente
1605 1978 1719 2024 patri-

276 2029 404 2070 archa,
429 2031 628 2075 Imperator
648 2032 772 2075 surgit,
791 2036 828 2063 ct
847 2037 931 2076 post
951 2037 1114 2064 mutuam
1133 2030 1382 2064 adorationem
1397 2034 1435 2062 et
1463 2027 1720 2061 salutationem

277 2075 417 2109 abeunt
439 2081 476 2109 et
504 2082 588 2110 ante
613 2078 729 2122 regias
753 2083 875 2122 portas
898 2079 1118 2111 consistunt:
1141 2077 1207 2110 ubi
1226 2075 1430 2123 patriarcha
1446 2084 1571 2120 preces
1588 2072 1720 2106 introi—

277 2128 336 2156 tus
359 2124 511 2165 recitat,
543 2125 763 2169 Imperator,
799 2125 910 2157 cereis
935 2136 955 2157 a
981 2125 1188 2171 praeposito
1219 2123 1383 2164 traditis,
1415 2126 1606 2167 precatur,
1636 2123 1722 2165 post

279 2180 341 2203 eos
359 2181 481 2203 rursus
503 2172 733 2217 praeposito,
758 2171 819 2205 hic
839 2172 1091 2204 cerimoniario
1125 2170 1254 2204 reddit.
1312 2169 1402 2217 (lv.)
1430 2167 1598 2203 Precibus
1619 2177 1639 2199 a
1655 2175 1722 2211 pa·-

279 2216 437 2250 triareha
458 2218 569 2251 finitis
582 2244 590 2259 ,
615 2218 855 2251 venerandam
886 2229 1026 2252 erucem
1045 2223 1082 2251 et
1102 2218 1372 2250 immaculatum
1390 2215 1615 2260 evangelium
1632 2213 1723 2246 ado-

280 2268 357 2305 rat,
395 2269 432 2297 et
461 2264 638 2309 prehensa
661 2265 888 2310 patriarchae
915 2277 1045 2306 manu,
1078 2264 1184 2298 ambo
1205 2275 1271 2310 per
1294 2262 1454 2296 medium
1479 2261 1656 2307 templum
1682 2260 1722 2292 in

281 2311 418 2344 soleam
437 2311 575 2345 intrant
591 2317 628 2345 et
645 2313 691 2346 ad
707 2324 823 2346 sacras
848 2315 974 2346 ianuas
999 2311 1199 2346 discedunt.
1259 2310 1328 2344 Ubi
1349 2315 1542 2356 postquam
1564 2319 1644 2341 cum
1662 2316 1723 2340 ce—

282 2358 354 2390 reis
382 2358 595 2392 ardentibus
611 2361 810 2405 Imperator
830 2366 996 2406 precatus
1019 2364 1091 2402 est,
1126 2369 1186 2392 eos
1206 2357 1416 2403 praeposito
1435 2355 1578 2397 reddit,
1609 2359 1646 2388 et
1665 2363 1723 2386 sa-

283 2405 438 2438 crarium
456 2407 572 2451 petit,
607 2407 673 2440 uhi
699 2407 745 2440 ad
765 2418 863 2441 aram
883 2406 1144 2453 procumbens,
1179 2405 1340 2438 adlatum
1364 2415 1385 2436 a
1402 2403 1609 2449 praeposito
1634 2410 1723 2445 apo-

282 2451 466 2486 combium
491 2453 585 2486 inibi
618 2455 783 2500 reponit,
803 2465 943 2503 perque
961 2455 1128 2487 sinistrae
1149 2453 1262 2498 partis
1289 2451 1546 2498 obliquitatem
1577 2448 1623 2481 ad
1639 2457 1724 2480 san-

282 2504 380 2532 ctum
404 2500 617 2546 Sepulcrum
633 2502 731 2544 abit,
765 2507 803 2535 et
823 2502 869 2535 ad
890 2513 1004 2535 sacras
1034 2501 1161 2534 ianuas
1191 2499 1407 2532 constitutus
1439 2503 1476 2531 et
1505 2507 1586 2529 cum
1609 2493 1721 2528 cereis

281 2546 442 2579 accensis
463 2553 651 2592 precatus,
685 2550 878 2583 sacrarium
913 2550 1043 2590 intrat,
1071 2552 1264 2593 sanctaque
1287 2556 1408 2578 mensa
1441 2543 1609 2585 adorata,
1634 2550 1723 2585 apo-

282 2594 465 2627 conubium
484 2595 522 2627 in
539 2605 580 2628 ea
602 2597 747 2641 reponit
762 2622 771 2638 ,
807 2601 844 2629 et
864 2601 1056 2644 postquam
1083 2605 1160 2627 eam
1189 2593 1389 2627 circulatim
1406 2590 1622 2630 incensavit,
1647 2587 1723 2620 ‹lis-

283 2640 389 2673 ccdit.
449 2641 583 2676 Eodem
612 2643 685 2677 ritu
718 2644 757 2677 in
792 2644 951 2677 oratorio
976 2643 1022 2675 ad
1040 2642 1221 2675 sinistram
1242 2645 1427 2686 precatus,
1451 2634 1665 2684 apocombio
1682 2633 1720 2665 in

283 2697 381 2720 sacra
401 2698 524 2723 mensa
555 2690 714 2736 reposito
729 2717 739 2733 ,
773 2690 870 2734 abit,
895 2701 1032 2738 perque
1057 2690 1212 2735 ligneam
1233 2687 1364 2724 scalam
1382 2685 1427 2720 ad
1446 2683 1722 2720 catechumena,
