1878 3112
294 97 409 164 468
564 116 828 157 APPENmX
874 114 947 154 AD
985 115 1191 155 LmRUM
1232 115 1445 170 PRIMUM
1497 125 1502 131 -

290 218 518 260 πανὸέκται
555 214 663 268 μετὰ
694 216 897 257 παντοίων
933 213 1086 258 ἔλαιέον
1115 218 1188 258 καί
1220 216 1500 272 βοηθημάτων
1529 218 1604 258 καί
1628 231 1731 258 παν-

288 285 410 325 τοίων
440 278 715 336 ἑμπλάστρων
742 280 816 321 καί
841 281 1030 337 α’λοιφῶν
1070 284 1144 324 καί
1180 284 1436 338 α’λημμοίτων
1469 283 1543 324 καί
1577 284 1731 324 λοιπῶν

290 349 485 403 ἰατρικῶν
513 347 661 399 εἰδῶν,
704 349 890 399 βοτανῶν
916 346 991 388 καί
1015 350 1168 390 λοιπῶν
1203 351 1286 390 τῶν
1315 350 1374 398 εἷς
1399 348 1630 403 θεραπείαν
1657 348 1737 388 α’ν-’

290 411 475 469 θρώπων
501 413 573 452 καί
602 414 762 467 κτηνῶν
801 410 1102 466 τυγχανόντων.
1157 417 1426 456 σιτλολέκανα
1469 413 1633 469 ἀργυρᾶ
1660 413 1735 455 καί

146 477 546 534 Μ8,8,Ῑ,ἒπιχυτάρια
570 476 675 531 μετὰ
705 478 950 531 ἐνδυμάτων
978 476 1084 536 λόγῳ
1111 481 1186 521 τοῦ
1223 482 1450 533 βασιλέως,
1496 479 1572 520 καί
1608 477 1756 534 ἕτεραό

293 541 563 599 οἷσπρόχαλκα
590 545 663 584 καί
687 542 852 598 γανωτὰ
892 543 998 601 λόγῳ
1039 542 1251 600 ἀρχόντων
1285 545 1358 587 καί
1395 546 1573 599 εὕγενῶν
1600 558 1732 598 προσ-

294 610 463 667 φύγων.
517 607 676 651 πιλωτοὶ
704 608 921 663 διβλάττια
949 606 1089 664 παχέα
1118 612 1192 652 καί
1218 610 1343 653 πτενοὶ
1374 610 1480 668 λόγῳ
1507 612 1582 652 τοῦ
1608 613 1732 663 βασι-

256 678 399 725 Ολέως
445 673 516 716 διὰ
557 673 608 717 τοὶ
649 675 952 729 χαμόκουμβα·
1017 676 1162 718 σελλιά
1202 674 1278 718 δύο
1319 678 1394 731 τῆς
1438 675 1731 732 προελεύσεως,

291 740 434 785 σελλιόι
460 743 535 783 τοῦ
565 740 858 794 κουκουμιλίου
884 739 1062 783 ὁλόκανα
1092 742 1305 797 διάχρυσα
1334 741 1479 794 κοπτοὶ,
1525 740 1730 796 ἐπιστρώ·

289 823 405 861 ματα
433 804 604 860 ἔχοντα,
633 808 706 847 καί
731 808 852 861 ἕτερα
881 806 1175 861 ἐπιστρώματα
1201 803 1365 850 ἄνωθεν
1395 805 1784 862 συγκαλύπτονταιο

290 870 368 927 τήν
395 870 526 925 κοπήν
552 874 625 925 τῆς
651 874 822 926 χρείας·
879 874 953 914 καί
988 873 1094 929 λόγῳ
1133 875 1218 915 τῶν
1258 870 1438 928 εὖγενῶν
1477 872 1731 929 προσφύγων

291 938 414 992 ἕτερα
443 939 618 979 τοιαῦτα
649 935 1082 992 οἷργυροκατάκλειστα
1106 935 1207 979 δύο·
1249 940 1402 980 καυκία
1428 936 1626 992 βασιλικοὶ
1651 955 1732 992 χα-

291 1004 430 1053 λίνζια
459 1003 677 1060 λόγῳτῶν
706 1005 839 1059 φίλων
865 1006 953 1061 τῶν.
983 1002 1090 1055 μετὰ
1133 1005 1209 1045 τοῦ
1233 1006 1438 1058 βασιλέως
1479 1010 1732 1060 κλητωρευο-

290 1069 450 1121 μένων·
505 1069 670 1109 σπαθιά
697 1066 895 1122 βασιλικοὶ
925 1066 1024 1120 δύο,
1070 1070 1115 1111 ἓν
1142 1071 1217 1124 τῆς
1246 1067 1550 1125 προελεύσεως,
1589 1070 1663 1111 καί
1686 1072 1731 1112 ἓν

290 1135 363 1187 τῆς
391 1131 510 1175 ὁδοῦ.
565 1133 832 1189 παραμήριον
861 1137 929 1175 ἓν.
987 1132 1183 1187 discurri,
1235 1138 1498 1188 καπνίσματα
1531 1136 1782 1191 διάφορα,15

291 1200 491 1251 θυμίαμα
501 1232 513 1252 ,
541 1200 775 1253 μαστίχην,
806 1201 994 1252 λίβανον,
1029 1196 1188 1254 σοὶχαρ,
1221 1198 1393 1255 κρόκον,
1429 1195 1613 1255 μόσχον,
1645 1195 1729 1253 ἄμ·-

249 1271 391 1319 Βπαρ,
420 1262 625 1318 ξυλαλοὴν
652 1262 788 1320 ὑγρὰν
815 1263 890 1305 καί
917 1265 1058 1319 ξηρὰν,
1086 1265 1348 1318 κιννάμωμον
1384 1263 1583 1321 ἀληθινὸν
1614 1267 1731 1321 πρῶ-

291 1344 363 1372 τον
383 1329 456 1372 καὶ
476 1327 682 1387 δεύτερον,
712 1328 786 1372 καί
807 1327 1185 1384 ξυλοκιννοίμωμον,
1212 1332 1456 1387 μυρίσματα
1471 1330 1610 1374 λοιπά.
1638 1347 1732 1374 σεν-

295 1543 368 1578 quc
406 1531 615 1566 vestiarium
650 1531 866 1573 theriacam,
893 1532 1030 1566 cnitzin
1072 1531 1217 1576 aliaque
1242 1532 1508 1576 antipharmaca
1532 1531 1732 1577 composita

295 1586 332 1612 et
357 1579 534 1623 simplicia
558 1591 624 1624 pro
650 1579 718 1620 iis,
742 1581 806 1624 qui
844 1579 937 1612 forte
970 1589 1148 1613 venenum
1173 1578 1377 1620 hauserint3
1403 1577 1596 1622 pandectas
1622 1590 1730 1623 porro

294 1636 356 1659 seu
384 1625 575 1670 apothecas
611 1626 848 1667 universales,
881 1625 1029 1658 refertas
1068 1626 1183 1658 omnis
1218 1626 1356 1669 generis
1384 1625 1475 1658 oleis
1500 1630 1537 1658 et
1561 1625 1731 1658 remediis

296 1677 332 1704 et
355 1673 554 1716 emplastris
580 1677 617 1704 ct
643 1672 799 1706 initibus
826 1678 863 1705 et
887 1673 1079 1715 unguentis
1103 1672 1256 1715 aliisque
1284 1671 1472 1716 speciebus
1493 1671 1667 1710 medicis,
1691 1675 1734 1704 ut

295 1718 420 1752 herbis
449 1725 486 1752 et
510 1719 603 1759 aliis,
630 1730 722 1764 quae
749 1719 916 1752 sanandis
941 1718 1149 1751 hominibus
1175 1718 1373 1763 bestiisque
1398 1717 1620 1759 conducunt3
1646 1718 1734 1750 item

296 1766 508 1798 sitlolecana
542 1777 605 1798 seu
641 1766 862 1810 guttur-nium
899 1776 979 1798 cum
1005 1766 1191 1809 supposita
1215 1765 1329 1808 pelvi,
1353 1765 1456 1798 ambo
1482 1770 1668 1809 argentea,
1693 1766 1734 1797 iu

298 1812 469 1845 coriaceis
494 1812 567 1845 suis
595 1812 810 1853 involucris,
834 1823 898 1857 pro
923 1823 989 1844 usu
1014 1812 1242 1855 Imperatoris
1265 1811 1426 1855 proprio3
1447 1811 1519 1844 alia
1543 1811 1626 1844 talia
1649 1820 1734 1843 vasa

299 1862 432 1899 aenea,
460 1864 606 1891 externe
630 1864 796 1903 argento,
815 1860 957 1891 interne
984 1864 1111 1891 stanno
1136 1858 1292 1891 obducta
1319 1858 1358 1890 in
1383 1869 1482 1891 usum
1504 1857 1636 1891 ducum
1661 1857 1732 1890 mi—

300 1905 462 1937 litarium
490 1910 535 1938 et—
551 1905 811 1950 transfugarum
837 1904 1068 1938 nobiliorum.
1118 1904 1294 1937 Coactilia
1316 1915 1422 1948 porro
1459 1902 1615 1938 diblatta
1638 1902 1733 1936 den-¹
1768 1932 1781 1939 -

300 1962 338 1983 sa
364 1958 401 1984 et
423 1956 533 1995 ptena
561 1950 667 1996 [forte
694 1953 859 1985 culcitras
886 1951 1019 1996 plumis
1044 1950 1206 1998 refertas]
1231 1961 1295 1994 pro
1319 1951 1557 1994 Imperatore,
1582 1950 1620 1982 in
1645 1949 1731 1994 qui-

299 1998 367 2030 bus
399 1998 499 2031 humi
532 1998 700 2040 recubet}
733 1999 840 2032 sellas
877 1996 1055 2044 [equinas]
1089 1996 1175 2030 (luas
1207 1998 1446 2041 processionis
1482 1999 1571 2040 [seu
1595 1994 1730 2040 quibus

299 2045 338 2076 in
371 2044 662 2086 processionibus
691 2057 775 2078 usus
806 2044 916 2091 est,],
940 2044 1026 2077 item
1059 2044 1166 2076 sellas
1199 2044 1383 2076 cucumilii
1419 2041 1610 2076 holocanas
1641 2053 1729 2075 auro

298 2094 463 2133 pei-texta
490 2091 612 2123 striata
636 2092 785 2124 instrata
805 2089 998 2131 habentes3
1033 2094 1070 2122 et
1094 2089 1148 2121 his
1177 2089 1430 2134 superinducta
1466 2090 1614 2122 instrata
1645 2088 1730 2129 alia,

294 2135 553 2169 abscondentia
577 2137 643 2169 ista
678 2143 715 2169 et
739 2138 835 2170 demi
862 2141 938 2168 tum
964 2135 1076 2168 solita
1093 2160 1102 2175 ‚
1131 2146 1240 2180 quum
1268 2137 1462 2179 Imperator
1485 2136 1523 2167 in
1548 2146 1589 2168 ea
1613 2135 1730 2168 inses-

299 2183 450 2223 sum·it;
478 2188 514 2214 et
538 2193 604 2227 pro
638 2183 880 2216 nobilioribus
906 2182 1097 2227 transfugis
1122 2182 1191 2214 alia
1217 2183 1302 2215 talia
1327 2187 1495 2226 argentea
1519 2193 1580 2215 ora
1605 2186 1731 2214 ornata

305 2227 388 2261 duo.
439 2227 571 2261 Caucia
609 2239 671 2261 seu
706 2240 807 2263 cavas
845 2229 985 2272 patinas
1018 2228 1245 2272 imperiales,
1287 2226 1479 2260 chalintzia
1505 2228 1641 2269 dictas,
1663 2238 1732 2272 pro

301 2275 459 2308 convivis
483 2275 529 2308 ad
557 2276 668 2320 regias
694 2277 818 2320 epulas
839 2275 1011 2308 invitatis.
1062 2274 1212 2318 Spaihas
1241 2274 1446 2318 imperiales
1473 2273 1581 2315 duas3
1621 2275 1737 2307 unam'

301 2332 366 2365 pro
401 2323 631 2366 processione
663 2332 725 2354 seu
760 2333 831 2368 qua
874 2326 961 2354 tunc
1001 2321 1116 2354 utitur
1140 2322 1351 2364 Imperator,
1387 2320 1532 2365 quando
1568 2321 1606 2353 in
1631 2321 1730 2364 regio

255 2385 269 2396 κ
301 2367 498 2412 splendore
521 2368 589 2412 ipsi
616 2368 893 2412 comparendum
923 2373 995 2410 est;
1032 2373 1069 2400 et
1092 2368 1236 2400 alteram
1261 2368 1341 2399 viae
1363 2378 1426 2399 seu
1460 2378 1530 2412 qua
1552 2367 1669 2400 utitur
1691 2367 1732 2399 in

302 2414 517 2455 itineribus3
545 2415 630 2447 item
655 2415 882 2458 paramerion
907 2425 1018 2446 unum
1044 2425 1105 2446 seu
1131 2414 1237 2447 sicam
1265 2413 1464 2446 breviorem
1490 2424 1509 2446 e
1534 2411 1731 2446 femoribus

303 2460 579 2505 dependentem.
627 2461 717 2493 Item
742 2461 960 2500 suffimenta,
986 2471 1078 2505 quae
1103 2459 1319 2492 carbonibus
1343 2460 1432 2493 vivis
1455 2459 1670 2492 iniiciuntur
1694 2463 1734 2492 et

302 2507 568 2553 deliquescunt,
595 2508 677 2545 alia,
701 2518 792 2552 quae
818 2518 963 2540 accensa
987 2508 1077 2550 grati
1101 2506 1222 2539 odoris
1246 2506 1381 2538 sumum
1404 2507 1571 2539 sinuntur
1585 2505 1734 2538 exhala-

303 2565 341 2587 re
375 2559 412 2586 et
434 2555 473 2587 in
508 2553 697 2587 carbonem
722 2559 830 2598 atque
856 2553 1011 2585 savinam
1036 2552 1155 2593 abire3
1194 2563 1287 2597 quae
1320 2553 1417 2585 varia
1440 2557 1543 2592 sunt,
1565 2557 1606 2584 ut
1630 2549 1734 2592 thus,

302 2605 452 2643 mmtyx,
478 2600 675 2640 olibanum,
699 2600 895 2639 sacharum,
922 2611 1055 2638 crocus,
1082 2598 1259 2638 moschus,
1285 2598 1442 2639 ambara,
1465 2597 1608 2641 xylaloe
1639 2597 1732 2630 sicca

303 2652 340 2679 et
363 2646 503 2692 liquida
519 2672 527 2686 ‚
554 2649 817 2680 cinnamomum
847 2658 967 2680 verum
983 2647 1136 2690 primum
1161 2651 1197 2678 et
1221 2645 1437 2685 secundum,
1461 2643 1742 2687 xylocinnamo-'

302 2704 397 2726 mum
413 2719 422 2735 ,
447 2699 631 2738 unguenta
655 2695 813 2739 reliqua3
838 2692 888 2739 [et
922 2703 1052 2738 genera
1077 2692 1242 2738 telarum]
1281 2691 1432 2733 scndes,
1466 2689 1733 2724 linomalotaria
