1884 3112
301 113 322 150 1
334 93 406 151 38
563 113 921 156 CONSTANTlNl
962 108 1444 156 PORPHYROGEmTl
1465 115 1470 119 ·

289 217 419 276 σένζῳ
447 215 506 275 τῷ
529 213 734 273 ἱσταμένῳ
764 216 810 258 ἐν
832 217 891 274 τῷ
908 213 1080 275 τοιούτῳ
1108 218 1183 273 τῆς
1204 215 1430 275 μαναύρας
1458 218 1674 275 τρικλίνῳ·
1712 214 1740 258 ὅ

111 284 337 337 May-aad&
366 284 441 338 τῆς
469 279 763 330 καταστάσεως
795 278 954 332 ἔξωθεν
969 283 1151 338 διῖστησι
1176 281 1229 325 τά
1254 286 1381 339 βῆλα,
1417 280 1563 332 καθώς
1589 282 1616 338 ἦ
1638 297 1742 325 συν-

288 344 417 402 ήθεια
467 345 580 402 ἔχει,
626 347 903 404 μαγίστρους,
953 351 1197 405 πατρικίους
1238 348 1314 392 καὶ
1352 347 1526 398 λοιπούς
1561 351 1746 404 συγκλη-

287 412 450 467 τικούς,
489 411 563 455 καὶ
587 408 654 454 ὅτε
688 409 823 456 πάντα
851 415 990 463 καλῶς
1023 416 1384 471 εὕτρεπισθῶσιν,
1427 410 1744 469 ὑπομιμνήσκε-

288 497 358 524 ται
395 480 419 522 ὅ
463 477 690 534 βασιλευς,
729 478 804 522 καί
839 478 1162 537 περιβάλλονται
1191 479 1274 530 τάς·
1311 479 1539 538 χλαμύδας
1581 479 1657 522 καὶ
1684 476 1768 530 τὰς

288 547 530 601 στέμματα,
566 543 642 588 καί
681 542 865 597 ἀνιόντες
911 548 1162 599 καθέζονται
1206 547 1282 591 ε’πὶ
1322 550 1406 591 τῶν
1450 544 1612 590 ἑαυτῶν
1630 541 1740 602 θρό-

287 629 385 656 νων.
441 613 533 670 (B.)
564 611 660 655 Καὶ
693 613 855 663 εὐθέως
890 611 962 656 διά
995 612 1202 667 νεύματος
1232 616 1309 656 τοῦ
1334 615 1613 670 πραιποσίτου
1651 613 1739 655 εἰσ..

284 679 456 735 έρχεται
489 676 536 720 τό
587 677 904 734 κουβούκλειον,
971 679 1047 722 καὶ
1083 679 1188 735 μετὰ
1228 678 1275 723 τὸ
1317 681 1519 723 εἰσελθεῖν
1553 676 1602 722 τό
1636 692 1740 721 κου-

286 742 504 800 βούκλειον
553 744 626 787 καὶ
674 747 883 803 σταθῆναι
933 748 1051 805 δεξιᾷ
1102 746 1180 789 καί
1243 747 1448 804 ἀριστερᾷ
1454 778 1468 799 ,
1519 741 1665 794 καθώς
1709 742 1740 799 ἦ

243 809 496 867 Βσυνήθεια
530 813 615 855 τῶν
652 814 792 868 δοχῶν
825 811 941 869 ἔχει,
969 811 1084 857 νεύει
1113 813 1137 856 ὅ
1159 810 1435 871 πραιπόσιτος
1454 813 1514 870 τῷ
1539 811 1799 869 ὄστιαριζιιιο

286 879 344 937 τῷ
365 876 444 934 τῆν
461 880 631 935 χρυσῆν
657 877 817 936 ῥάβδον
834 881 1072 936 κατέχοντι,
1100 879 1175 923 καί
1194 876 1468 937 ἐξερχόμενος
1491 877 1516 921 ὅ
1551 874 1741 933 ὅστιάρι-

287 960 359 998 ος,
388 943 550 1000 εἰσάγει
573 947 704 1000 βῆλον
731 942 773 1000 ά,
802 945 902 996 τούς
928 947 1200 1003 μαγίστρους
1228 949 1361 1002 βῆλον
1389 945 1442 1001 β’,
1466 942 1568 994 τούς
1590 958 1742 1000 πατρι-

285 1012 423 1061 κίους·
460 1014 590 1067 βῆλον
617 1010 666 1067 γ’,
695 1012 798 1063 τούς
825 1012 1127 1070 συγκλητικούς
1137 1048 1150 1067 ‚
1179 1012 1254 1056 καί
1279 1013 1424 1063 ἅπλῶς
1446 1007 1527 1055 ὅσα
1553 1007 1606 1054 ἂν
1627 1012 1741 1066 βῆλα

285 1075 378 1132 ἔχει
402 1077 429 1133 ἦ
470 1074 679 1134 συνήθεια
709 1078 785 1122 καὶ
814 1081 840 1136 ἦ
872 1078 989 1132 τάξις
1023 1083 1108 1123 τῶν
1141 1082 1294 1135 δοχῶν.
1349 1077 1424 1121 καί
1437 1076 1545 1133 μετά
1566 1076 1613 1120 τό
1638 1093 1742 1120 ora-

285 1145 420 1199 θῆναι
456 1141 614 1194 πάντας
671 1143 785 1189 νεύει
827 1145 852 1189 ὅ
890 1145 1166 1204 πραιπόσιτος
1212 1147 1270 1205 τῷ
1305 1145 1511 1203 ὅστιαρίῳ
1557 1145 1616 1202 tq?
1663 1141 1798 1198 τὴνι5

284 1212 454 1266 χρυσῆν
477 1211 633 1268 βέργαν
658 1214 900 1268 κατέχοντι,
929 1212 1005 1256 καὶ
1029 1210 1235 1256 εἰσελθών
1263 1209 1424 1267 εἰσάγει
1445 1213 1575 1267 βῆλον
1601 1207 1643 1264 α’,
1670 1206 1743 1252 τόν

287 1274 518 1334 μάγιστρον
542 1277 618 1320 καὶ
647 1273 834 1335 ἄρχοντα
872 1281 951 1322 τοῦ
981 1281 1115 1337 ταρῶ.
1171 1277 1246 1321 καὶ
1272 1276 1326 1334 δὴ
1351 1274 1500 1321 τούτου
1527 1271 1744 1319 sicet-9152·-

287 1358 380 1396 τος,
407 1342 491 1385 ὑπὸ
523 1346 601 1387 τοῦ
628 1342 858 1392 κατεπάνω,
874 1348 959 1390 τῶν
982 1348 1215 1401 βασιλικῶν
1250 1343 1537 1402 κρατουμένου
1576 1341 1653 1385 καὶ
1665 1343 1744 1384 τοῦ

106 1419 171 1456 Ed.
182 1419 221 1454 L.
236 1420 281 1456 82
290 1409 516 1464 λογοθέτου
543 1411 622 1452 τοῦ
657 1407 836 1467 δρόμου,
862 1410 938 1454 καί
954 1409 1151 1462 πεσόντος
1168 1410 1243 1454 καὶ
1262 1406 1625 1467 προσκυνήσαντος
1643 1405 1745 1456 τούς

291 1474 520 1529 δεσπότας,
558 1477 765 1533 φέρουσιν
796 1476 927 1521 αὐτὸν
960 1477 1019 1528 ὥς
1055 1476 1138 1519 α’πό
1173 1478 1317 1532 ὀλίγον
1359 1472 1640 1530 διαστήματος
1663 1475 1798 1518 τοῦτο

288 1543 525 1598 βασιλικοῦ
527 1568 533 1579 =
551 1540 730 1598 θρόνου.
783 1542 858 1586 καὶ
887 1542 972 1586 ὑπὸ
1008 1546 1086 1586 τοῦ
1109 1544 1332 1599 λογοθέτου
1366 1539 1633 1599 ἐρωτώμενος
1665 1537 1768 1588 τάςκ

290 1605 496 1664 συνήθεις
549 1608 776 1666 ἐρωτήσεις
787 1642 801 1664 ,
847 1609 1013 1666 εἰσάγει
1060 1610 1083 1652 ὅ
1113 1607 1445 1667 πρωτονοτάριος
1474 1609 1551 1651 τοῦ
1579 1603 1742 1663 δρόμου

290 1673 338 1718 τό
357 1671 506 1718 τούτου
533 1677 771 1730 κανίσκιον,
809 1675 884 1719 καὶ
907 1676 958 1734 δὴ
987 1676 1093 1731 μετά
1127 1675 1204 1732 τήν
1228 1672 1533 1733 συμπλήρωσιν
1559 1674 1637 1716 τοῦ
1665 1688 1744 1714 κα-

292 1742 455 1785 νισκιόυ
502 1740 629 1785 πάλιν
673 1742 746 1786 ἐπὶ
772 1745 846 1799 τῆς
871 1746 948 1800 γῆς
977 1743 1142 1798 πεσών,
1181 1739 1477 1801 προσκυνήσας
1510 1739 1742 1796 ἐξέρχεται.

293 1808 369 1851 καί
399 1806 527 1851 πάλιν
550 1807 622 1851 διά
644 1807 847 1864 νεύματος
870 1813 946 1853 τοῦ
987 1812 1266 1869 πραιποσίτου
1313 1809 1562 1865 κατέρχεται
1584 1805 1607 1848 ὅ
1629 1807 1796 1854 ὅση-25

299 1874 419 1932 dem?
456 1874 480 1917 ὗ
507 1873 583 1931 τήν
616 1879 785 1933 χρυσῆν
818 1879 975 1935 βέργαν
997 1879 1210 1933 κατέχων,
1239 1875 1315 1919 καὶ
1346 1873 1507 1930 εἰσάγει
1527 1875 1657 1930 βῆλον
1686 1871 1740 1927 β’,

299 1971 428 2017 gistros
443 1997 454 2015 ,
475 1971 647 2018 patricios
672 1981 714 2004 ac
737 1976 875 2006 ceteros
899 1977 1084 2007 senatores
1106 1983 1172 2018 pro
1198 1983 1298 2005 more
1323 1969 1488 2011 ordinat,
1513 1972 1550 2002 et
1574 1967 1746 2002 omnibu·

299 2019 369 2052 rite
391 2021 566 2064 peractis,
606 2019 847 2052 admonentur
873 2020 1132 2064 Imperatores,
1169 2019 1233 2065 qui
1257 2019 1398 2051 tunicas
1430 2022 1468 2051 et
1491 2025 1640 2050 coronas
1662 2025 1744 2048 suas

300 2071 446 2100 sumunt
472 2071 511 2101 et
530 2064 701 2100 thronum
728 2076 831 2099 suum
856 2065 1101 2106 adscendunt,
1135 2066 1261 2112 ibique
1293 2063 1493 2099 consident.
1553 2061 1642 2110 (11.)
1673 2062 1746 2096 Cu·-

296 2111 486 2155 bicularii,
511 2113 612 2158 signo
637 2123 657 2145 a
682 2113 890 2159 praeposito
915 2113 1015 2156 dato,
1041 2113 1190 2154 intrant,
1217 2117 1255 2146 et
1278 2111 1429 2157 ingressi
1449 2109 1495 2143 ad
1519 2109 1681 2144 dextram
1707 2114 1746 2143 et

300 2160 495 2202 sinistram,
520 2165 562 2194 ut
586 2172 662 2194 mos
689 2166 744 2194 est
767 2161 807 2194 in
830 2159 1062 2205 Imperatoris
1086 2161 1318 2204 receptione,
1344 2158 1509 2198 adstant,
1535 2167 1607 2204 quo
1634 2157 1744 2197 facto,

299 2209 530 2253 praepositus
554 2207 720 2249 ostiario,
746 2217 890 2241 auream
914 2208 1048 2253 virgam
1075 2206 1239 2247 tenenti,
1278 2206 1418 2251 signum
1445 2204 1530 2239 dat:
1571 2204 1602 2238 is
1628 2214 1747 2249 egres-

300 2266 375 2296 sus,
398 2256 518 2289 velum
532 2256 699 2300 primum,
719 2255 920 2300 magistros,
934 2254 1142 2295 secundum,
1165 2252 1524 2300 patrici0s‚⁸tertium,
1547 2256 1748 2292 senatores,

302 2305 341 2334 et
364 2313 437 2336 uno
461 2302 571 2336 verbo
605 2303 725 2336 omnia
749 2302 829 2336 vela
864 2312 930 2347 pro
955 2313 1054 2335 more
1080 2306 1117 2334 et
1142 2300 1272 2334 ordine
1305 2300 1554 2344 receptionum
1584 2297 1744 2332 adducit.

302 2347 368 2382 Bis
393 2349 559 2384 omnibus
584 2349 638 2383 ibi
663 2349 887 2389 constitutis,
911 2349 1140 2394 praepositus
1164 2348 1333 2390 ostiario,
1360 2356 1507 2380 auream
1530 2347 1666 2392 virgam
1690 2349 1748 2379 te·-

301 2396 419 2438 nenti,
444 2397 585 2442 signum
611 2396 685 2438 dat,
714 2396 778 2442 qui
801 2395 980 2442 ingressus
1006 2396 1125 2430 velum
1149 2395 1315 2439 primum,
1339 2394 1550 2439 magistrum
1580 2398 1617 2427 et
1640 2402 1747 2437 prae—

303 2442 439 2476 fectum
459 2444 615 2486 uronis,
650 2443 859 2477 introducit.
914 2443 989 2488 Qui
1014 2454 1034 2475 a
1069 2442 1260 2487 capitaneo
1285 2441 1601 2486 Imperatoriorum
1626 2444 1663 2472 et
1685 2438 1748 2473 lo·-

303 2490 451 2535 gotheta
476 2502 597 2525 cursus
619 2491 758 2537 publici
779 2495 1014 2528 sustentatus,
1037 2489 1258 2535 ingreditur,
1287 2487 1445 2534 procidit
1474 2493 1511 2521 et
1544 2488 1747 2531 Imperato-

303 2548 360 2571 res
385 2538 524 2580 adorat,
551 2537 682 2573 deinde
707 2538 835 2584 exiguo
858 2537 1049 2579 intervallo
1074 2547 1095 2569 a
1118 2536 1251 2570 throno
1275 2535 1507 2581 Imperatoris
1530 2534 1576 2567 ab
1610 2533 1656 2566 iis
1681 2531 1750 2565 ad-

306 2583 462 2622 ducitur.
518 2587 762 2631 Interrogatur
795 2591 916 2619 autem
952 2596 972 2617 a
1001 2583 1209 2628 logotheta,
1248 2585 1302 2617 uti
1340 2581 1562 2616 consuetudo
1590 2585 1666 2621 est,
1711 2583 1750 2612 et

305 2633 575 2676 protonotarius
602 2644 723 2666 cursus
748 2632 888 2678 publici
916 2632 1113 2677 sportulam
1139 2632 1216 2664 eius
1243 2633 1359 2670 affert,
1389 2640 1459 2676 qua
1485 2633 1644 2672 accepta,
1670 2637 1748 2661 rur-

306 2689 366 2711 sus
392 2679 431 2714 in
455 2685 587 2714 terram
610 2679 782 2725 procidit,
810 2684 847 2714 et
871 2680 1090 2724 Imperatore
1114 2677 1284 2718 adorato,
1323 2677 1487 2710 discedit.
1536 2676 1670 2708 Rursus
1696 2672 1748 2706 si-

308 2737 376 2770 gno
405 2736 424 2758 a
448 2728 655 2774 praeposito
681 2731 849 2773 accepto,
880 2726 1067 2767 ostiarius,
1090 2725 1223 2771 virgam
1249 2735 1395 2759 auream
1421 2730 1571 2763 tenens,
1595 2719 1748 2754 deseen-
