1832 3112
301 125 380 167 10.
418 126 581 167 HENR.
618 123 816 166 LEICHII
855 124 1260 169 COMMENTATIO.
1336 126 1501 171 XXXIII

72 243 176 285 quae
191 229 437 270 occidentem
456 241 596 270 versus
616 230 758 268 unicae
778 231 891 282 regni
910 229 1141 284 amplissimi
1157 231 1349 286 reliquiae
1366 240 1499 287 erant,

72 287 221 338 partim
254 299 279 325 a
311 284 584 338 Longohardis
613 290 853 336 occupatae,
893 288 1042 338 partim
1076 286 1348 340 frequentibus
1376 288 1497 328 Sara-

72 354 266 380 cenorum
299 354 346 380 ex
384 339 523 379 Africa
563 338 857 378 incursionibus
894 342 1067 380 attritae.
1130 342 1216 382 Nec
1249 345 1381 382 oriens
1417 345 1498 383 im-

72 402 204 435 motus
227 401 336 445 erat,
364 408 456 433 cum
482 393 676 447 Scythicis
715 401 754 432 et
783 394 968 435 Arabicis
993 396 1174 448 gentibus
1205 399 1374 437 inermes
1401 412 1500 451 pro-⁴

72 451 252 502 vinciae,
281 456 320 488 et
345 462 500 502 semper
538 448 719 487 hostibus
752 451 948 500 expositae
963 480 974 500 ,
1014 452 1054 488 in
1086 453 1259 503 pretium
1287 453 1380 491 belli
1411 467 1497 493 ces-

73 506 230 555 sissent,
258 518 356 558 quas
382 503 529 542 frustra
550 504 691 541 Graeci
722 505 842 541 armis
872 505 1112 557 repetebant.
1167 507 1274 546 Inter
1299 507 1396 546 haec
1419 510 1497 548 mi·-

73 573 166 598 rum
194 566 279 610 est,
308 565 458 612 quanto
488 558 618 597 studio
647 559 911 608 Imperatores
945 560 1077 598 adnixi
1110 562 1190 600 sint
1206 591 1218 611 ‚
1245 570 1291 601 ut
1314 565 1498 603 maiestas

74 628 148 653 sua
178 620 218 652 et
234 615 411 666 potentia
428 612 653 652 veneranda
668 611 826 664 populis
850 627 895 652 ac
923 614 1109 654 terribilis
1135 623 1251 666 esset,
1283 631 1355 656 nec
1373 618 1500 658 fracta

72 675 135 708 tot
168 667 459 707 calamitatibus
474 696 486 717 ,
524 673 593 705 aut
633 668 868 718 imminuta,
904 668 1119 710 videretur.
1175 671 1279 709 Hinc
1321 671 1389 710 ille
1420 674 1499 711 mi·-

44 725 293 762 ·nistrorum
333 723 444 775 regni
478 735 668 759 numerus
698 749 711 770 ,
750 720 845 759 hinc
878 723 1134 775 triumphalia
1176 732 1410 765 ornamenta
1458 734 1499 766 et

73 791 271 831 pompae„
299 777 394 815 hinc
420 777 612 815 circenses
638 774 724 813 ludi
748 782 787 813 et
813 775 1036 828 spectacula
1066 778 1220 818 civibus
1248 781 1354 819 edita
1369 810 1380 831 ,
1405 780 1500 820 hinc

75 846 288 871 munerum
316 830 495 870 solennes
524 831 770 884 erogationes
785 857 797 879 ,
841 837 880 869 et
906 832 939 869 si
972 846 1074 884 quae
1110 832 1189 872 alia
1221 841 1290 873 aut
1327 837 1500 888 principi

74 887 220 926 decora
245 893 315 926 aut
345 893 504 938 accepta
532 884 655 938 vulgo
668 913 681 934 ‚
731 884 986 937 putabantur.
1054 887 1120 925 Sic
1141 901 1240 927 vero
1271 895 1500 942 temporum

77 955 260 981 successu
287 942 484 979 aerarium
512 939 746 978 exhaustum
776 946 859 989 est,
897 947 936 978 et
971 940 1144 980 mollicie
1173 956 1219 981 ac
1250 945 1332 982 otio
1367 945 1503 997 Impe-

75 1003 209 1036 rantes
231 1000 272 1043 et
290 995 455 1034 subiecti
479 994 784 1034 contabuerunt.
813 994 905 1033 Non
925 995 1025 1034 adeo
1043 1003 1176 1035 tamen
1199 998 1394 1038 virtutum
1420 1007 1502 1038 ste-

74 1049 165 1090 rilia
201 1051 299 1090 haec
333 1049 465 1089 secula
499 1049 635 1100 fuere,
672 1056 719 1088 ut
758 1062 840 1087 non
863 1057 921 1089 *et
960 1050 1067 1090 bona
1098 1051 1275 1105 exe'mpla
1310 1053 1502 1106 prodide-

72 1107 157 1145 rint
175 1134 188 1156 ,
216 1106 297 1144 imo
325 1103 460 1158 plures
486 1104 721 1157 Byzantium
747 1103 914 1155 habuit,
942 1119 1043 1158 quos
1071 1105 1207 1145 Italiae
1222 1135 1234 1156 ,
1262 1108 1402 1147 studiis
1432 1108 1502 1148 lit-

0 1163 2 1167 ’
72 1167 249 1200 terarum
275 1159 478 1213 quondam
507 1159 806 1198 florentissimae
826 1187 838 1209 ,
866 1166 953 1198 tum
986 1160 1056 1199 illo
1084 1160 1236 1200 lumine
1265 1162 1500 1214 destitutae,

72 1222 303 1268 opponeret.
358 1214 462 1252 Cum
492 1216 614 1263 enim,
643 1228 667 1252 a
701 1214 909 1252 Iustiniani
937 1221 1064 1253 aetate
1082 1245 1094 1265 ,
1123 1223 1228 1255 artes
1255 1219 1418 1270 antiqua
1443 1232 1501 1257 re·

73 1269 223 1324 ligione
259 1271 375 1322 pauci
413 1283 487 1322 per
516 1269 671 1308 Italiam
707 1267 928 1307 excolerent
941 1299 953 1319 ,
992 1270 1099 1323 quod
1131 1270 1316 1322 barbari,
1354 1273 1500 1325 quibus

72 1332 161 1367 tum
192 1338 332 1378 parere
367 1324 605 1377 cogebatur,
644 1324 692 1362 iis
736 1325 889 1362 animos
928 1323 1198 1376 effoeminari,
1239 1340 1284 1365 ac
1314 1327 1500 1366 bellicam

71 1381 264 1418 virtutem
292 1380 486 1432 opprimi,
514 1378 728 1418 credebant
741 1408 752 1429 ,
782 1379 948 1418 Graecia
972 1379 1215 1433 Procopium
1228 1410 1240 1430 ,
1270 1380 1501 1434 Agathiam,

74 1434 360 1487 Theophanem
378 1463 390 1484 ,
429 1435 644 1486 praestanti
675 1433 898 1472 eruditione
927 1435 1059 1484 viros,
1098 1434 1246 1475 extulit.
1313 1437 1386 1475 His
1419 1451 1501 1476 non

73 1490 206 1542 impar
231 1488 306 1528 fuit
332 1488 484 1527 Paulus
514 1488 760 1527 Silentiarius
777 1518 789 1538 ,
817 1487 994 1540 pulchris
1027 1489 1232 1542 doctisque
1258 1491 1503 1531 carminibus

73 1543 258 1594 inclitus,
286 1557 379 1582 cum
404 1557 548 1596 magna
578 1542 647 1581 illa
681 1544 839 1596 ingenia
875 1543 1026 1581 dudum
1050 1546 1093 1582 in
1129 1544 1243 1582 Italia
1268 1547 1500 1597 cessissent,

75 1605 117 1638 et
143 1600 353 1652 strepitum
393 1600 601 1651 poetarum
638 1599 874 1636 Latinorum
911 1599 978 1637 vix
1018 1612 1065 1637 ea
1102 1605 1308 1651 tempora,
1353 1601 1500 1652 quibus

74 1653 291 1708 prodibant
309 1681 322 1703 ,
370 1652 475 1702 ferre
501 1659 672 1705 possent.
725 1653 804 1691 Sed
829 1681 841 1702 ,
879 1658 926 1690 ut
957 1652 1009 1690 ad
1044 1654 1234 1705 propiora
1264 1655 1471 1692 veniamus
1485 1683 1499 1705 ,

75 1709 166 1760 quis
199 1707 347 1746 Photio
363 1736 375 1757 ,
401 1708 473 1759 qui
499 1706 632 1745 Basilii
671 1707 901 1744 Macedonis
928 1713 1098 1744 aetatem
1127 1706 1343 1746 illustravit
1357 1737 1369 1757 ,
1410 1710 1501 1759 quis

75 1763 258 1801 omnium
283 1763 510 1814 principum
542 1761 667 1798 Leoni
681 1789 694 1810 ,
721 1762 786 1798 cui
813 1760 994 1797 doctrina
1015 1767 1054 1798 et
1083 1767 1272 1812 paternus
1300 1762 1342 1799 in
1364 1763 1502 1802 Musas

76 1818 234 1855 animus
255 1816 451 1869 Sapientis
478 1828 698 1868 cognomen
732 1813 885 1852 addidit
900 1842 912 1862 ‚
941 1814 1028 1852 iure
1055 1822 1190 1866 posset
1216 1817 1504 1868 aequiparari?

77 1871 127 1910 ln
162 1872 246 1909 ei'us
275 1869 436 1923 quidem
466 1870 604 1908 edictis
633 1867 958 1907 declamatorium
987 1870 1122 1921 potius
1151 1869 1308 1908 dicendi
1342 1884 1466 1923 genus
1484 1873 1636 1922 ,LXIV

75 1939 199 1979 quam
225 1924 294 1964 illa
326 1926 499 1978 gravitas
523 1931 563 1963 et
590 1925 774 1962 maiestas
801 1923 988 1962 orationis
1003 1953 1015 1974 ,
1043 1937 1146 1976 quae
1176 1925 1349 1977 antiquis
1377 1923 1504 1976 inest,

77 1979 387 2033 deprehenditur
408 1994 420 2018 :
454 1978 525 2018 sed
561 1978 659 2017 haec
686 1978 853 2017 sortasse
880 1985 1107 2030 temporum
1139 1978 1256 2031 culpa
1269 2008 1281 2029 ,
1321 1986 1361 2017 et
1388 1982 1503 2033 quasi

78 2037 216 2088 genius
235 2034 399 2088 quidam
417 2033 511 2073 fuit.
564 2033 825 2072 Constantino
852 2033 1213 2086 Porphyrogenito,
1234 2034 1379 2073 Leonis
1401 2035 1500 2087 filio,

77 2096 284 2142 acceptum
309 2089 487 2138 ferimus,
508 2088 618 2142 quod
643 2095 800 2127 vetusta
826 2089 1016 2126 memoria
1044 2102 1126 2126 non
1150 2087 1269 2141 plane
1290 2090 1500 2142 interierit,

79 2158 174 2183 cum
203 2143 372 2183 Diodori
414 2143 536 2183 Siculi
549 2172 561 2192 ,
596 2143 737 2182 Dionis
776 2143 927 2191 Cassii,
978 2142 1148 2180 aliorum
1163 2171 1175 2192 ,
1217 2151 1473 2183 monumenta
1487 2173 1501 2194 ,

79 2198 221 2238 litteris
251 2199 412 2248 tradita,
446 2212 491 2237 ex
518 2197 588 2236 illa
615 2197 792 2250 palatina
818 2196 1059 2235 bibliotheca
1082 2199 1125 2235 in
1150 2197 1281 2236 lucem
1300 2205 1504 2252 utcunque

79 2253 291 2306 protulerit
304 2282 317 2303 ,
345 2254 528 2306 princeps
558 2259 599 2291 et
631 2254 717 2305 ipse
741 2253 895 2305 egregie
917 2252 1056 2290 doctus
1082 2259 1122 2290 et
1142 2252 1388 2292 eruditorum
1417 2253 1503 2293 cul-

78 2314 148 2347 tor
187 2309 228 2346 et
260 2308 420 2347 antistes
457 2309 665 2347 maximus.
721 2306 798 2346 Sed
826 2306 877 2344 de
914 2306 1161 2344 Constantini
1202 2308 1356 2360 scriptis
1388 2316 1427 2347 et
1461 2310 1503 2346 in

81 2362 207 2402 bonas
230 2361 382 2401 litteras
409 2364 559 2401 meritis
590 2362 816 2400 uberiorem
834 2362 1042 2399 materiam
1070 2360 1156 2399 aliis
1181 2363 1426 2414 temporibus
1449 2376 1506 2400 se-

187 2418 215 2466 ‘‚
242 2431 334 2456 cum
361 2419 445 2456 eius
465 2417 514 2456 de
536 2418 760 2456 cerimoniis
788 2415 902 2454 aulae
915 2416 1155 2468 Byzantinae
1181 2429 1297 2468 opus,
1330 2419 1371 2455 in
1404 2417 1504 2455 duos

79 2430 205 2510 iil-›iffs
231 2471 449 2524 digestum,
478 2486 501 2510 e
530 2472 667 2510 codice
685 2470 947 2509 bibliothecae
972 2469 1171 2522 publicae,
1193 2471 1235 2508 id
1261 2472 1369 2523 quod
1388 2473 1506 2508 maxi-

27 2568 30 2571 ,
81 2539 148 2564 me
176 2539 282 2563 nunc
306 2525 467 2576 molior,
498 2526 707 2579 evulgabo.
763 2524 886 2564 Aetas
915 2525 1015 2574 eius,
1043 2526 1077 2563 si
1100 2538 1203 2578 quae
1232 2524 1324 2575 alia,
1353 2526 1506 2578 magnis

83 2578 271 2631 exemplis
302 2580 412 2619 dives
438 2580 523 2621 fuit.
585 2581 690 2619 Nam
720 2579 835 2618 Russi
850 2608 862 2630 ,
892 2579 1120 2631 Turcique,
1162 2581 1282 2618 sacris
1309 2579 1503 2618 Christia-

83 2635 147 2672 nis
171 2641 257 2671 tum
280 2635 453 2686 primum
482 2642 551 2674 aut
578 2636 737 2684 initiati,
765 2641 835 2672 aut
862 2631 979 2672 altius
1007 2633 1149 2672 imbuti
1179 2641 1300 2683 sunt;
1328 2633 1505 2687 Bulgari,

84 2687 216 2727 valida
238 2692 277 2727 ct
299 2688 539 2727 ferocissima
566 2703 677 2742 gens,
697 2696 787 2741 post
805 2685 910 2727 bella
939 2687 1112 2740 plurima
1140 2694 1179 2726 et
1209 2695 1388 2741 cruenta,
1412 2702 1504 2728 san·

135 2753 395 2788 Constantinus
424 2753 596 2799 Porphyr.
625 2754 698 2787 Vol.
723 2754 750 2786 1.
1162 2753 1245 2779 *⁵*
