1878 3112
283 129 390 205 740
546 146 904 191 οοΝεΤΑΝΤιΝι
958 146 1440 192 PORPHYROGENm

273 251 455 303 πέμπτοι
471 282 483 304 ,
521 247 624 304 πρὸς
665 247 712 290 τό
743 247 896 299 αὖτοῦς
925 249 970 291 ἓν
1007 250 1065 307 τῷ
1092 250 1268 308 δευτέρῳ
1304 250 1438 309 μίνσῳ
1463 252 1536 308 τῆς
1561 254 1713 307 τραπέ-

274 315 348 370 ζης
375 312 626 368 τυγχάνειν.’
666 312 780 356 οἶδὲ
826 310 908 356 dnh
942 315 1028 356 τῶν
1055 312 1260 370 Νούνων,
1299 311 1392 372 ἦτοι
1431 317 1712 374 Βουλγάρων,

273 377 560 435 εἰσερχόμενοι
596 380 712 435 φίλοι
750 380 796 422 ἒν
820 380 899 433 μὲν
926 381 980 436 τῇ
1007 378 1148 434 κλήσει
1174 381 1256 423 τῶν
1295 384 1442 424 κοινῶν
1479 383 1714 438 κλητωρίων

272 447 461 499 τέταρτοι
490 441 518 500 ἦ
546 445 722 498 πέμπτοι
760 446 806 488 ἒν
831 447 882 502 τῇ
910 445 1110 503 εὔωνύμῳ
1138 447 1256 488 θέσει
1282 445 1588 503 κληθήσονται,
1637 450 1712 504 δη·-

271 508 407 552 λονότι
446 509 746 561 ὑποπίπτοντες
789 512 865 552 καί
901 506 1024 552 αὐτοὶ
1047 513 1097 568 τῇ
1123 513 1204 553 τῶν
1231 512 1459 568 πατρικίων
1486 516 1560 555 καί
1584 520 1738 570 στρα-5

273 577 408 630 τηγῶν
444 576 517 617 καί
552 573 719 618 πάντων
755 577 837 618 τῶν
873 577 918 618 ἐν
945 576 1004 634 τῷ
1046 577 1160 635 βήλῳ
1188 578 1416 634 πατρικίων
1455 580 1711 634 τεταγμένων

273 636 511 696 ἀρχόντων,
561 640 840 691 ἀπολαύοντες
876 643 950 683 καί
980 636 1102 684 advoc
1141 641 1214 684 τὸν
1248 644 1443 699 δεύτερον
1467 645 1615 697 μίνσον
1640 645 1713 698 τῆς

271 708 493 761 βασιλικῆς
530 707 751 762 τραπέζης.
805 709 850 749 ἐν
891 709 937 749 δὲ
964 714 1049 757 τοῖς
1077 707 1133 750 ιθ’
1163 711 1245 752 τῶν
1283 705 1437 766 ἑορτῶν
1477 709 1712 764 α’κουβίτοις

273 771 601 828 κλητωρεύονται
630 768 769 828 &ydem
795 775 868 816 καί
894 772 1074 828 ἔννατοι,
1112 775 1298 830 δηλονότι
1336 775 1634 824 ὑποπίπτοντες
1660 776 1712 832 τῇ

269 837 381 890 τάξει
408 840 487 879 τοῦ
514 841 815 894 προλεχθὲντος
845 838 992 894 βήλου.
1047 838 1086 881 οἱ
1114 841 1160 882 δὲ
1189 842 1234 882 ἐκ
1264 843 1471 898 Φράγγων
1499 843 1707 898 πρέσβεις,

76 905 312 957 Ειι.1,.4α9εἰ
335 905 412 958 μὲν
438 902 574 958 ἔχοιεν
610 907 896 960 χειροτονίας,
925 904 1031 947 κατὰ
1060 904 1214 955 ταύτας
1241 904 1545 963 κληθήσονται·
1603 908 1641 949 εἰ
1666 908 1714 948 δὲ

268 970 457 1024 παγανοί
490 970 618 1023 εἶσιν,
659 973 711 1027 τῇ
743 973 826 1013 τῶν
868 970 1151 1028 ὅφφικιαλίων
1178 972 1458 1015 ὖποπίπτουσι
1487 971 1616 1025 τάξει.
1672 970 1713 1014 οἱ

269 1037 317 1078 δὲ
341 1038 387 1079 ἐκ
413 1037 497 1079 τῶν
538 1039 694 1079 λοιπῶν
725 1038 862 1080 ἐθνῶν
891 1038 1112 1092 ἐρχόμενοι
1151 1041 1268 1095 φίλοι
1294 1041 1346 1099 τῇ
1372 1041 1456 1082 τῶν
1492 1041 1712 1096 σπαθαρο-

267 1101 528 1145 κανδιὸάτων
561 1102 841 1146 ὑποπίπτουσι
871 1102 1021 1154 πάντες
1049 1104 1159 1163 ἀξίᾳ.

886 1190 1010 1238 Τόμος
1035 1190 1080 1228 δ’.

374 1257 540 1314 Ἐπειδὴ
569 1260 640 1314 τῆς
666 1259 748 1300 τῶν
777 1252 1022 1314 ἇρτικλινῶν
1048 1258 1278 1316 ἐπιστήμης
1305 1258 1440 1316 ἴὸικὴν
1481 1277 1576 1302 τινα
1607 1277 1711 1316 πρα-

270 1327 473 1382 γματείαν
501 1322 835 1381 συγγράψασθαι
862 1325 1184 1379 ἐσπουδάσαμεν
1200 1360 1213 1380 ,
1258 1325 1332 1368 καί
1356 1324 1427 1375 τὰς
1453 1327 1531 1369 τοῦ
1557 1327 1709 1369 οἰκείου

270 1391 566 1444 πολιτεύματος
593 1391 713 1441 (ἰξίας
741 1391 1050 1447 ἐκφαντορικῶς
1077 1393 1122 1434 ἐν
1148 1397 1240 1441 ταῖς
1267 1394 1496 1449 καθέδραις
1525 1393 1710 1448 ἀκριβῶς

270 1459 521 1511 ἓξεθέμεθα,
569 1454 643 1498 καὶ
677 1454 755 1511 τὴν
780 1458 862 1498 τῶν
889 1456 1013 1512 ἱερῶν
1039 1459 1267 1511 βασιλικῶν
1295 1457 1531 1514 κλητωρίων
1557 1458 1709 1501 εὐστά-

1717 861 1763 888 10

1714 1174 1762 1217 ι5

233 1526 372 1567 Βθιαν
396 1525 471 1564 καί
495 1520 752 1564 κατάστασιν
779 1521 878 1575 ὑμῖν
903 1521 1190 1577 ὑπεδείξαμεν,
1219 1524 1322 1579 φέρε
1351 1523 1402 1579 δὴ
1424 1522 1499 1565 καί
1522 1523 1598 1573 τὰς
1624 1524 1763 1567 ἰδέ-πο

270 1604 324 1638 ας
350 1589 434 1630 τῶν
460 1589 530 1644 ἐφ’
555 1584 709 1646 ἑκάστῃ
737 1585 858 1645 ἑορτῇ
884 1591 1210 1644 κικλησκομένων
1248 1585 1497 1643 ἀξιωμάτων
1534 1589 1608 1632 καί
1639 1588 1711 1639 τὰς

274 1710 441 1745 collocati
467 1709 595 1745 sedent
610 1710 649 1744 in
673 1710 817 1746 sinistra
840 1711 1024 1757 positione
1050 1709 1135 1760 [seu
1156 1712 1271 1757 prima
1295 1722 1419 1745 mensa
1441 1712 1566 1757 plagae
1589 1711 1710 1746 tricli-

274 1757 332 1792 nii
356 1755 546 1804 sinistrae]
581 1757 701 1803 quarti
733 1767 754 1790 a
782 1759 963 1804 principio
993 1764 1056 1793 aut
1090 1759 1235 1805 quinti,
1282 1759 1367 1805 quia
1397 1769 1527 1803 nempe
1554 1758 1622 1792 sub
1650 1769 1710 1792 se-

274 1803 435 1838 cundum
467 1806 614 1838 missum
647 1804 790 1838 cadunt.
839 1805 913 1850 Qui
940 1804 986 1839 ab
1017 1806 1158 1839 Hunnis
1193 1806 1399 1850 Bulgarisve
1438 1805 1543 1839 amici
1579 1804 1710 1838 adfue-

275 1852 370 1893 rint,
402 1853 441 1885 in
465 1852 674 1885 evocatione
698 1853 940 1887 communium
967 1858 1004 1886 et
1029 1859 1281 1888 consuetorum
1312 1852 1555 1886 conviviorum
1587 1852 1709 1898 quarti

277 1903 341 1932 aut
367 1897 486 1944 quinti
510 1898 777 1932 introvocantor
801 1899 848 1931 in'
863 1898 1020 1933 secunda
1048 1900 1251 1944 positione,
1276 1899 1414 1932 scilicet
1433 1900 1541 1932 etiam
1566 1897 1604 1931 hi
1625 1902 1709 1942 post

276 1944 452 1991 patricios
488 1944 706 1991 eosdemque
741 1950 915 1990 strategos
938 1951 974 1979 et
997 1957 1121 1979 omnes
1145 1946 1183 1980 in
1207 1946 1286 1978 velo
1303 1943 1378 1992 [seu
1405 1943 1567 1991 corpore]
1594 1945 1710 1989 patri-

278 1992 415 2024 ciorum
440 1992 670 2031 constitutos,
687 1995 728 2024 et
751 1992 859 2024 simul
874 2004 953 2026 cum
966 1992 1127 2036 patriciis
1140 1992 1186 2026 ad
1200 1993 1396 2036 Augustum
1417 1991 1559 2025 admitti
1582 1991 1708 2023 solitos

277 2037 531 2081 magistratm3
557 2042 598 2070 ut
629 2037 737 2070 etiam
770 2038 841 2083 ipsi
874 2039 1033 2073 secundo
1059 2041 1168 2073 missu
1197 2048 1315 2072 sacrae
1349 2049 1494 2072 mensae
1532 2038 1706 2070 fruantur.

277 2083 322 2116 In
348 2084 583 2116 novendecim
607 2082 780 2117 accubitis
805 2089 946 2125 autem,
975 2086 1039 2129 qui
1064 2087 1238 2119 celebrari
1271 2085 1399 2118 diebus
1431 2084 1531 2117 festis
1568 2083 1708 2123 solent,

280 2135 474 2162 evocantur
496 2129 534 2163 hi
558 2131 674 2163 octavi
697 2135 759 2163 aut
782 2131 890 2172 noni3
929 2132 1068 2165 scilicet
1091 2137 1174 2175 post
1196 2131 1313 2164 velum
1339 2142 1401 2163 seu
1427 2139 1553 2174 corpus
1578 2140 1708 2174 proce—

280 2185 359 2209 rum
383 2175 617 2219 praedictum.
665 2176 882 2209 Francorum
905 2176 1050 2210 tandem
1069 2177 1188 2221 legati,
1213 2178 1243 2210 si
1270 2175 1415 2222 quidem
1441 2176 1602 2210 investiti
1624 2180 1710 2210 sunt

284 2221 497 2254 muneribus
534 2223 653 2267 iisque
697 2223 915 2267 funguntur,
960 2229 1153 2256 evocantur
1182 2222 1378 2256 secundum
1411 2222 1486 2256 illa.
1550 2222 1589 2256 si
1622 2233 1708 2256 vero

281 2273 370 2302 sunt
390 2268 519 2313 pagani
544 2279 606 2302 seu
631 2269 720 2302 cassi
744 2267 1001 2312 dignitatibus,
1025 2269 1295 2315 subsequuntur
1317 2269 1468 2302 classem
1493 2268 1710 2306 officialium.

282 2314 446 2360 Reliquis
470 2324 491 2348 e
525 2314 690 2359 gentihus
727 2314 963 2349 advenientes
991 2316 1096 2350 amici
1125 2315 1321 2350 succedunt
1355 2315 1401 2349 ad
1437 2326 1550 2350 unum
1582 2326 1708 2350 omnes

283 2361 389 2395 classi
412 2359 864 2407 spatharocandidatorum.

846 2439 956 2465 ουσι-
977 2439 1148 2472 Quantum

376 2496 566 2542 Postquam
594 2496 700 2541 igitur
735 2497 908 2531 scientiae
941 2498 1159 2532 articlinicae
1199 2498 1391 2543 specialem
1425 2495 1607 2543 quandam
1636 2499 1710 2530 tra-

284 2542 479 2576 ctationem
507 2543 729 2578 conscribere
767 2544 972 2585 studentes,
1006 2545 1149 2590 imperii
1180 2545 1295 2578 nostri
1331 2544 1524 2589 dignitates
1559 2542 1708 2576 demon-

283 2590 432 2622 stratiue
463 2589 706 2635 distincteque
742 2591 969 2635 exposuimus
998 2602 1248 2637 sacrorumque
1273 2592 1516 2625 conviviorum
1541 2589 1706 2623 decorem

283 2641 396 2681 atque
421 2637 719 2670 constitutionem
740 2637 841 2670 vobis
858 2637 1086 2671 exhibuimus
1106 2652 1114 2671 ε
1140 2637 1291 2682 agedum
1312 2637 1466 2671 narrabo
1490 2636 1591 2670 vobis
1615 2646 1707 2680 quo-

283 2691 376 2726 que,
415 2682 594 2728 quomodo
619 2683 755 2728 species
784 2682 1021 2727 dignitatum,
1045 2695 1137 2731 quae
1161 2685 1200 2718 in
1224 2694 1443 2730 unoquoque
1468 2682 1528 2716 die
1553 2682 1645 2715 festo
1663 2680 1709 2714 ad

285 2738 444 2772 mensam
463 2730 582 2764 vicari
606 2729 737 2773 solent,
760 2735 798 2765 et
819 2730 1058 2767 multiformes
1084 2742 1205 2767 earum
1225 2732 1387 2773 vestitus,
1411 2729 1544 2777 quibus
1578 2738 1709 2774 quam-

1870 563 1878 725 ——mn-r·.<
1875 521 1878 541 „.
1874 493 1878 499 .
1875 470 1878 477 .,
1873 370 1878 373 .

1865 1157 1878 1309 :Asu-neb..-
1866 1087 1878 1150 ...-
1865 1058 1878 1078 Δ
1867 917 1878 1051 arn-nuf—
1868 729 1878 908 ῌι--κ--ιὴ

1863 1352 1878 1402 -ἧ-ῡ·
1868 1315 1878 1345 au:

1871 1505 1878 1517 ι
1870 1465 1878 1492 ιι.
1865 1417 1878 1453 ff-
