1832 3112
270 126 299 159 2
307 125 339 159 Ο
549 122 904 167 CONSTANTINI
946 122 1426 166 PORPHYROGENITI

264 227 316 267 δὲ
344 223 466 266 λοιπὰ
495 225 568 279 τῆς
608 225 738 304 δοχῆς
765 224 1013 264 ἐπιτελεῖται
1051 221 1192 272 καθώς
1229 223 1488 280 προείρηται.
1542 227 1617 266 και
1640 239 1708 266 τε-

234 289 446 333 Ολευταία
486 288 590 345 δοχὴ
629 290 787 343 γίνεται
826 303 886 336 εις
922 286 970 328 τὸ
999 289 1310 365 tptssovvdltov:
1353 285 1483 344 ἤγουν
1518 289 1598 346 πρὸ
1625 307 1708 333 των

91 362 155 397 Ms.
170 373 225 409 ²7·
236 356 449 410 Βλύχιων,
477 371 547 397 και
575 356 740 407 δέχεται
769 353 894 395 κᾶκεῖ
911 369 932 394 ο
962 352 1226 410 δημοκράτης
1250 356 1334 397 τῶν
1351 357 1553 409 Βενέτων,
1579 371 1708 410 ηγσυν

263 421 287 464 ὅ
315 420 565 474 δομέστικος,
593 417 700 472 μετὰ
728 417 803 460 καί
825 420 900 460 τοῦ
926 422 1154 474 περατικοῦ
1183 420 1313 462 αυτου
1343 420 1480 476 δήμου
1507 423 1584 463 τοῦ
1611 425 1708 462 λευ-

264 488 352 529 κοῦ·
396 483 447 528 τὰ
477 485 523 525 δὲ
551 482 676 524 λοιπὰ
706 485 782 538 τῆς
811 485 938 539 δοχῆς
973 485 1222 526 ἐπιτελεῖται
1269 484 1410 535 καθώς
1445 487 1732 542 προείρηται.5

265 554 381 609 (IA.)
413 550 506 592 Καὶ
532 547 582 605 δὴ
614 547 720 603 μετὰ
747 547 901 604 ταύτην
940 548 1012 605 τήν
1040 548 1169 605 δοχὴν
1206 551 1442 608 διέρχονται
1483 551 1523 592 οἱ
1559 550 1706 594 δεσπό-

260 634 332 660 ται
361 616 431 659 διά
457 631 502 658 τε
530 617 614 658 τῶν
643 614 806 670 λύχνων
834 617 907 658 καί
942 617 1017 657 τοῦ
1053 616 1263 672 τρικλίνου
1301 618 1386 660 τῶν
1414 616 1705 672 ἐκσκουβίτων,

260 685 306 726 ἐν
334 684 381 725 δὲ
402 687 488 732 τοῖς
510 681 649 730 αὐτοῖς
671 682 953 735 ἐκσκουβίτοις
976 681 1102 724 πάλιν
1130 681 1371 738 εὐφημοῦσι
1391 680 1469 731 τοὶς
1494 678 1706 739 εὐφημίας

260 749 303 790 οῖ’
327 764 371 789 τε
397 748 559 801 νομικοὶ
584 748 657 788 καί
685 744 723 788 οἱ
763 747 975 788 διπανῖται
1011 746 1084 789 καί
1118 745 1159 787 οἱ
1201 747 1277 789 τοῦ
1303 749 1575 804 κοιαίστωρος
1603 763 1705 802 καγ-

258 813 466 870 κελλάριοι
505 810 646 862 καθώς
683 812 756 853 καί
793 811 1036 869 προείρηται
1051 846 1065 866 ,
1110 811 1299 868 δηλονότι
1338 814 1385 855 ἐν
1424 819 1512 863 τοῖς
1540 812 1758 863 οἷκείοιςιο

224 879 406 929 Βτόποις
434 876 658 932 ἱστάμενοι.
728 879 814 919 τῶν
853 879 900 920 δὲ
942 879 1154 921 δεσποτῶν
1194 879 1474 935 διερχομένων
1516 877 1587 921 διὰ
1627 880 1705 921 τοῦ

256 946 464 1002 τρικλίνου
506 946 590 986 τῶν
618 943 874 986 κανδιδάτων
911 944 956 986 ἐν
997 945 1047 1000 τῇ
1081 944 1196 1002 θύρᾳ
1223 946 1298 986 τοῦ
1326 944 1455 986 αὐτοῦ
1494 942 1703 1002 τρικλίνου

256 1013 309 1069 τῇ
337 1010 536 1068 ἐξαγούσῃ
553 1009 623 1052 ε’πί
642 1008 688 1052 τὸ
708 1009 876 1067 ἐξάερον
899 1011 984 1051 τῶν
1010 1011 1229 1052 δεκαεννέα
1258 1010 1532 1064 οἰκκουβίτων,
1561 1012 1704 1052 ἵσταν-

255 1094 328 1120 ται
357 1078 432 1118 δύο
458 1076 702 1130 βουκάλιοι,
743 1073 796 1117 τὰ
833 1074 996 1131 συνήθη
1032 1076 1107 1131 τῆς
1141 1071 1289 1131 ἑορτῆς
1319 1077 1499 1130 λέγοντες
1524 1081 1613 1125 τοῖς
1640 1077 1703 1117 δε-

256 1140 443 1191 σπόταις·
485 1143 558 1183 καί
584 1139 666 1183 οἷπὸ
693 1157 777 1183 των
805 1142 935 1183 ἐκεῖσε
962 1141 1226 1196 εἰσέρχονται
1253 1143 1299 1183 ἐν
1326 1142 1384 1199 τῷ
1410 1143 1700 1199 κονσιστωριῖι),
1709 1148 1756 1190 ¹5

229 1208 418 1250 ’κάκεῖσε
461 1208 652 1263 δηλονότι
691 1199 1024 1260 ἐναπομενόντων
1082 1205 1157 1248 καί
1192 1206 1483 1261 ἐπευχομένων
1520 1213 1608 1256 τοῖς
1636 1208 1705 1248 δε-

256 1272 451 1327 σπόταις,
506 1270 540 1326 ὅ,
556 1289 600 1316 τε
637 1271 1010 1328 πρωτοασηκρὴτης
1043 1288 1113 1314 και
1147 1271 1171 1314 ὅ
1222 1271 1551 1330 πρωτονοτὰριος
1595 1266 1704 1326 μετὰ

83 1342 344 1382 Ed.L13·cwv
382 1339 622 1394 ἆσηκρητῶν
667 1337 742 1380 καὶ
784 1339 940 1380 λοιπῶν
977 1334 1208 1394 οφφικίων,
1255 1338 1354 1387 τούς
1401 1353 1447 1380 τε
1485 1340 1705 1393 νοταρίους

258 1407 330 1447 καί
361 1405 700 1460 χαρτουλαρίους
741 1403 815 1445 καὶ
852 1402 1033 1452 λοιπούς·
1088 1404 1132 1444 ἐν
1171 1404 1218 1444 δὲ
1244 1405 1300 1461 τῷ
1338 1400 1537 1462 ὄνοποδίῳ
1579 1403 1704 1445 πάλιν

257 1473 450 1513 ἵστανται
476 1468 516 1511 οἱ
547 1469 759 1523 βασιλικοὶ
785 1463 1020 1525 ἄνθ-ρωποι,
1051 1466 1159 1522 μετὰ
1185 1467 1259 1509 καὶ
1279 1471 1353 1510 τοῦ
1381 1469 1596 1511 κατεπάνω
1622 1467 1755 1511 ati-20

257 1536 341 1578 τῶν
389 1536 463 1577 καί
502 1536 580 1587 τοῦ
627 1534 871 1587 δομεοτίκου
911 1534 1076 1576 αὐτῶν·
1120 1532 1233 1575 οἶδὲ
1259 1531 1482 1590 μα’γιστροι
1519 1536 1593 1577 καί
1625 1530 1702 1576 ἆν-

256 1601 443 1644 θύπατοι
470 1599 542 1643 καί
558 1600 767 1656 πατρίκιοι
795 1602 868 1643 καί
898 1598 1159 1657 ὄφφικιάλιοι
1195 1596 1285 1654 ἅμα
1309 1602 1385 1642 τοῦ
1407 1601 1481 1655 τῆς
1498 1600 1702 1642 καταστά-

257 1683 364 1717 σεως
401 1667 662 1722 εἰσέρχονται
714 1667 759 1708 ἐν
807 1667 867 1723 τῷ
906 1666 1105 1724 στενακίῳ
1142 1667 1216 1721 τῆς
1241 1667 1406 1722 χρυσῆς
1428 1664 1593 1722 χειρὸς,
1630 1664 1704 1708 καὶ

258 1735 453 1776 ἵστανται
481 1734 594 1790 δεξιᾷ
618 1733 698 1785 μὲν
726 1725 855 1785 οὗτοι,
882 1730 1082 1790 ἀριστερᾷ
1109 1733 1156 1773 δὲ
1178 1729 1217 1774 οἱ
1236 1733 1314 1774 τοῦ
1338 1730 1701 1788 χρυσοτρικλίνου.

261 1799 376 1856 (ΙΕ.)
404 1796 497 1841 Καὶ
521 1796 571 1854 δὴ
594 1798 674 1840 τῶν
693 1797 903 1841 δεσποτῶν
938 1798 1215 1854 διερχομὲνων
1240 1795 1348 1852 μετά
1365 1813 1410 1841 τε
1441 1797 1517 1840 τοῦ
1537 1798 1754 1853 plasta-25

262 1938 369 1973 supra
411 1924 613 1971 expositum
651 1924 723 1960 fuit
758 1936 779 1958 a
810 1924 967 1960 factione
990 1925 1238 1970 perficiuntur.
1288 1936 1421 1961 unum
1443 1926 1518 1960 fit‘
1507 1938 1546 1959 ιιι
1575 1926 1697 1961 tribu-

261 1975 335 2007 nali
379 1984 440 2006 seu
475 1979 558 2006 aute
596 1971 767 2016 lychnos,
813 1972 878 2005 ubi
911 1972 1133 2006 Venetorum
1164 1974 1331 2019 princeps
1375 1984 1438 2006 seu
1479 1972 1697 2007 domesticus

262 2031 342 2053 cum
378 2019 584 2052 transitoria
620 2030 685 2052 sua
719 2019 876 2051 factione
913 2019 996 2052 alba
1031 2025 1229 2064 exspectat.
1276 2026 1467 2066 ceteraque
1514 2025 1556 2053 ut
1591 2030 1698 2064 supra

261 2065 482 2100 ostendimus
509 2065 753 2098 observantur.
814 2064 926 2109 (XIV.
937 2065 952 2111 )
975 2066 1061 2099 Post
1081 2065 1174 2099 hanc
1197 2067 1440 2112 receptionem
1463 2066 1608 2100 Domini
1632 2077 1698 2112 per

260 2113 411 2157 lychnos
435 2118 472 2146 et
494 2112 695 2145 triclinium
724 2111 972 2144 excubitorum
997 2112 1270 2157 digrediuntur,
1303 2112 1368 2146 ubi
1386 2124 1505 2146 rursus
1528 2118 1601 2146 tam
1628 2123 1698 2146 no-

260 2161 367 2200 mici,
405 2170 512 2205 quam
543 2158 727 2203 dipanitae
763 2163 800 2191 et
835 2158 1034 2203 quaestoris
1067 2159 1294 2200 cancellarii,
1334 2159 1500 2192 solennes
1527 2170 1698 2205 appreca-

261 2208 379 2240 tiones
412 2211 453 2239 ut
487 2215 592 2249 supra
625 2205 761 2238 dictum
788 2209 842 2237 est
874 2204 912 2237 in
951 2205 1039 2238 locis
1069 2206 1142 2238 suis
1168 2206 1383 2246 constituti,
1419 2206 1584 2241 recitant.
1630 2207 1697 2240 Per

263 2252 534 2286 candidatorum
556 2262 640 2285 vero
664 2251 863 2284 triclinium
888 2251 1158 2284 transeuntibus
1184 2252 1361 2292 Dominis,
1393 2251 1432 2284 in
1455 2258 1559 2296 porta
1582 2252 1696 2296 ipsius

261 2299 426 2340 triclinii,
452 2309 544 2345 quae
571 2301 610 2331 in
636 2298 768 2331 atrium
791 2298 1028 2331 novendecim
1049 2298 1293 2332 accubitorum
1318 2298 1431 2338 ducit,
1455 2299 1596 2332 vocales
1615 2310 1698 2332 mu-

261 2346 326 2379 sici
355 2346 426 2379 (luo
451 2349 565 2385 stant,
606 2344 771 2377 Dominis
807 2355 899 2389 quae
937 2344 1029 2377 sesto
1065 2343 1136 2377 hoe
1159 2344 1218 2377 die
1259 2356 1336 2377 mos
1371 2349 1427 2377 est
1454 2351 1697 2390 apprecantes.

261 2391 351 2425 Inde
374 2392 625 2425 consistorium
650 2391 803 2431 adeunt,
841 2390 905 2423 ubi
930 2401 1074 2437 quoque
1101 2393 1286 2436 excepturi
1305 2391 1479 2424 Dominos
1506 2391 1694 2438 faustaque

262 2439 348 2483 ipsis
385 2438 564 2484 precaturi
612 2437 744 2470 adsunt
766 2438 1086 2480 protosecretarius
1126 2442 1163 2470 et
1185 2437 1455 2482 protonotarius
1491 2449 1571 2471 cum
1593 2449 1614 2471 a
1636 2449 1696 2472 se—

262 2487 366 2518 cretis
391 2485 591 2529 ceterisque
612 2484 764 2524 officiis,
799 2483 975 2524 notariis,
1000 2483 1222 2516 chartulariis
1257 2489 1294 2517 et
1322 2484 1485 2530 reliquis.
1532 2486 1575 2518 In
1603 2495 1696 2518 ono-

260 2532 371 2586 podio
390 2537 486 2565 stant
509 2530 735 2574 Imperatoris
757 2529 881 2563 famuli
910 2541 989 2563 cum
1008 2531 1193 2575 capitaneo
1222 2535 1258 2564 et
1283 2529 1480 2564 domestico
1507 2541 1590 2565 suo:
1614 2542 1694 2564 ma-

261 2578 386 2621 gistri,
426 2577 657 2621 proconsules
675 2601 685 2616 ‚
719 2577 861 2620 patricii
886 2581 922 2609 et
943 2576 1114 2609 officiales
1149 2587 1228 2609 cum
1249 2577 1502 2610 cerimoniario
1526 2577 1696 2622 angipor-

259 2629 335 2656 tum
360 2635 486 2657 aureae
506 2635 628 2656 manus
651 2623 811 2662 intrant,
837 2628 873 2656 et
893 2622 963 2667 ipsi
985 2623 1130 2668 quidem
1154 2622 1199 2656 ad
1228 2622 1406 2664 dextram,
1445 2623 1492 2656 ad
1501 2625 1695 2657 sinistram

259 2681 343 2702 vcro
363 2671 516 2704 ministri
538 2670 637 2703 aurei
668 2669 821 2702 triclinii
845 2668 995 2703 adstant.
1051 2669 1169 2714 (XV.)
1199 2669 1494 2714 Digredientibus
1512 2680 1595 2703 vero
1617 2670 1694 2703 Do-

260 2716 367 2750 minis
391 2728 472 2750 cum
498 2717 597 2750 clava
618 2717 760 2750 armatis
790 2720 828 2749 et
847 2715 981 2760 magnis
1006 2715 1190 2757 excubiis,
1229 2716 1422 2750 acclamant
1442 2727 1588 2758 omnes,
1617 2721 1694 2749 tum
