1878 3112
323 111 432 178 462
591 132 855 174 APPENDIX
890 133 963 173 AD
1004 135 1204 175 Lunum
1246 131 1458 178 PRIMUM

324 232 448 273 λεύει.
505 231 659 284 ὁμοίως
689 234 735 274 δὲ
763 235 833 274 καί
873 235 918 275 ἐκ
945 236 1029 276 τῶν
1058 237 1254 284 ξεναλίων
1291 239 1373 279 τῶν
1407 240 1762 296 προσφερομένων

326 300 383 354 τῷ
413 302 586 350 βασιλεῖ’
609 299 654 339 ἐν
682 301 814 356 καιρῷ
840 301 914 340 τοῦ
942 299 1177 358 φοσσάτου.
1232 305 1436 356 λαμβάνει
1478 301 1501 344 ὅ
1530 302 1662 359 κόμης
1686 307 1763 346 τοῦ

327 363 504 416 στάβλου
550 359 638 416 ἅμα
679 365 736 422 τῷ
768 368 1064 424 χαρτουλαρίῳ
1107 369 1183 408 τοῦ
1221 367 1402 422 στάβλου
1430 371 1478 413 ἔκ
1504 371 1580 412 τοῦ
1604 371 1764 412 εἰδικοῦ

133 436 314 480 Ed,L.267
326 430 384 478 εἷς
411 427 552 479 ἔξοδον
579 430 723 485 λίτρας
750 429 796 484 γ’.
853 433 925 472 καί
952 434 1112 487 θεωρεῖ
1132 429 1157 473 ὅ
1191 431 1320 488 κόμης
1361 437 1436 477 τοῦ
1462 433 1642 487 οτάβλου
1670 432 1762 488 ἅμα

322 495 376 550 τῷ
415 496 710 552 χαρτουλαρίῳ
732 497 792 545 εἰς
825 495 871 536 τὸ
896 496 1112 552 κελλάριον
1132 497 1176 539 τὸ
1199 498 1427 552 βασιλικὸν,
1457 499 1615 550 ὁπόσας
1633 502 1788 557 area-5

323 559 475 615 τούρας
504 559 590 613 ἔχει
617 563 838 614 βασιλικὰς
865 565 938 604 καί
962 567 1296 616 καβαλλοκιλίκια
1324 565 1405 608 ‹ini›
1432 566 1602 615 Λυδίας
1625 565 1762 621 ἐκτῆς

325 628 632 681 κουρατωρείας
658 629 739 669 ταῖν
772 629 1012 683 Τρυχίνων.
1071 630 1145 671 καί
1169 629 1374 684 λαμβάνει
1409 630 1460 674 τὰ
1488 632 1523 674 σ’
1553 646 1763 686 σαγματο-

325 690 598 745 πασμαγοὶδια
640 691 859 747 προσάπαξ
897 695 942 735 ἐν
982 696 1043 751 τῷ
1088 696 1220 751 καιρῷ
1256 697 1330 737 τοῦ
1359 697 1570 752 φοσσάτου
1599 694 1652 738 τὰ
1679 713 1763 752 μη-

325 754 498 798 τατινά.
553 756 705 810 ὁμοίως
736 761 808 800 καί
835 758 888 801 τὰ
927 759 989 814 (ιδ’
1019 759 1482 815 σαγματοπασμαγάδια
1521 759 1758 818 προσάπαξ·

326 820 436 874 ὁμοῦ
469 824 932 878 σαγματοπασμαγάδια
962 825 1038 868 τὸ’.
1095 825 1168 868 καί
1201 825 1306 881 πρὸς
1347 824 1641 884 α’ναπλήρωσιν
1680 829 1814 881 ruffum

327 886 419 944 φπέ
447 892 940 945 σαγματοπασμαγαὸάον
967 887 1173 946 ἀγοράζει,
1202 886 1330 947 ἤγουν
1355 891 1406 934 τά
1436 891 1685 950 ὅφειλόμενα
1713 894 1764 935 α’-

324 957 581 1009 γορασθῆναι
608 954 681 996 καί
724 958 986 1011 συσταθῆναι
1026 959 1285 1014 στρατοῧραι
1326 957 1398 1000 καὶ
1435 957 1627 1013 σάγματα
1654 956 1764 1000 σποί.

327 1021 420 1061 δέον
448 1021 494 1061 δὲ
524 1021 741 1076 ἀγοράζειν
772 1021 920 1076 ῥασικοὶ
951 1019 1111 1076 ἇμάλια
1139 1022 1212 1065 καὶ
1247 1022 1419 1078 βάπτειν
1446 1024 1651 1080 ἀληθινοὶ,
1694 1024 1767 1066 καὶ

327 1090 461 1126 ποιεῖν
489 1086 727 1139 σαγίσματα
756 1090 829 1129 καί
856 1087 1060 1142 βορκάδια
1091 1089 1162 1146 ρν’.
1200 1088 1273 1130 καί
1297 1087 1348 1132 τὰ
1376 1091 1455 1143 μὲν
1481 1089 1516 1146 ρ’
1545 1090 1652 1147 λόγῳ
1680 1090 1764 1131 τῶν

124 1170 178 1208 ἐξ.
293 1153 689 1206 Βπαρασυρομένων
734 1150 943 1207 ἱππαρίων
981 1152 1218 1208 ἔμπροσθεν
1246 1156 1323 1196 τοῦ
1351 1156 1576 1208 βασιλέως·
1631 1152 1683 1196 τά
1715 1155 1816 1199 δὲιό

322 1215 360 1258 λ’
391 1214 493 1273 λόγῳ
524 1218 607 1258 τῶν
633 1219 859 1269 βασιλικῶν
887 1221 1137 1274 σελλαρίων,
1185 1219 1257 1261 καί
1291 1219 1344 1260 τὰ
1371 1217 1403 1260 κ’
1432 1217 1540 1276 λόγῳ
1582 1220 1665 1261 τῶν
1693 1217 1765 1260 διά

327 1281 522 1333 ’ξεναλίων
551 1283 779 1334 διδομένων
812 1283 1043 1339 ἱππαρίων.
1097 1283 1170 1326 καί
1208 1283 1408 1341 τάγιστρα
1446 1285 1492 1326 ἐκ
1519 1286 1595 1326 τοῦ
1620 1288 1787 1326 usum.

327 1350 423 1402 ρίου
465 1349 538 1389 τοῦ
568 1350 785 1401 βασιλικοῦ
816 1349 1027 1391 ἀποθέτου
1059 1351 1133 1391 τοῦ
1170 1349 1348 1404 οτάβλου
1377 1350 1458 1406 ρν’·
1513 1349 1668 1402 ὁμοίως
1693 1349 1767 1391 καὶ

325 1413 538 1468 βυρσάρια
568 1414 637 1454 διὰ
663 1411 707 1454 τὸ
735 1416 931 1467 γενέσθαι
969 1417 1192 1470 καπίστρια
1234 1413 1298 1470 ρπ’
1317 1427 1326 1438 ·
1383 1418 1456 1457 καί
1497 1412 1764 1469 ἑξακάνθηλα

329 1478 430 1535 λόγῳ
459 1476 679 1532 κεδραίας,
724 1479 796 1520 καί
828 1479 954 1520 ἀσκιά
986 1480 1043 1529 εἷς
1074 1476 1182 1521 οἶνον
1224 1482 1295 1521 καί
1328 1474 1418 1530 ὅξος
1446 1479 1552 1538 λόγῳ
1581 1482 1664 1523 τῶν
1689 1495 1817 1524 rte-20

329 1586 548 1632 largitiones.
600 1584 724 1619 Comes
750 1585 884 1619 stabuli
913 1590 950 1618 ct
973 1585 1210 1619 chartularius
1235 1584 1367 1619 stabuli
1391 1586 1576 1631 accipiunt
1598 1585 1644 1619 ab
1668 1585 1764 1620 idico

329 1634 430 1668 litras
456 1638 526 1666 trcs
551 1631 596 1665 ad
621 1638 758 1665 sumtus
781 1630 965 1665 faciendos
992 1631 1045 1677 [in
1071 1644 1109 1665 ea
1138 1644 1266 1677 nempe
1295 1633 1554 1677 comparanda,
1579 1643 1670 1679 quae
1694 1639 1768 1666 sta-

329 1681 396 1713 tim
430 1678 626 1725 dicentur].
686 1678 828 1712 Deinde
865 1678 1020 1711 lustrant
1049 1679 1232 1712 cellarium
1264 1679 1452 1723 imperiale
1490 1684 1527 1712 et
1551 1677 1763 1724 inquirunt,

330 1731 422 1772 quot
443 1727 481 1758 in
508 1737 551 1758 co
580 1725 699 1759 adsint
722 1730 893 1759 straturae
917 1726 1036 1770 regiae
1063 1731 1100 1758 et
1124 1725 1243 1759 cilicia
1268 1726 1326 1759 vel
1350 1725 1443 1759 filtra
1466 1736 1532 1770 pro
1557 1725 1720 1766 caballis,
1746 1737 1767 1759 e

331 1772 445 1816 Lydia
470 1784 514 1805 ex
542 1773 719 1805 curatoria
744 1771 1009 1815 Trychinorum
1033 1774 1158 1817 petita.
1209 1772 1327 1805 Sumit
1350 1771 1435 1805 inde
1468 1783 1585 1805 comes
1612 1772 1766 1815 ducenta

333 1818 711 1865 sagmatopasmagadia
752 1820 923 1851 metatina
965 1829 1026 1851 seu
1060 1824 1222 1863 tempore
1263 1818 1387 1852 fossati
1427 1818 1592 1862 imperari
1630 1823 1667 1851 et
1689 1817 1766 1852 (lari

333 1871 503 1899 consueta
529 1865 656 1906 simul;
687 1870 724 1898 et
759 1865 845 1898 dein
883 1866 992 1898 sumit
1019 1876 1163 1910 quoque
1204 1864 1274 1897 alia
1296 1862 1403 1910 [doni
1441 1865 1589 1898 nomine
1615 1864 1763 1910 obtata]

334 1917 475 1946 centum
502 1917 538 1945 et
576 1917 729 1957 quatuor
762 1911 1145 1956 sagmatopasmagadia
1179 1911 1293 1943 simul.
1342 1910 1549 1944 conficiunt
1570 1910 1661 1944 haec
1685 1910 1763 1954 δαίμ

332 1959 494 2003 Reliqua,
526 1969 616 2003 quae
641 1957 773 1991 desunt
807 1958 851 1990 ad
875 1958 1124 2002 complendum
1157 1969 1343 1991 numerum
1377 1957 1443 1991 585
1467 1963 1764 2002 sagmatopasma-

335 2005 531 2049 gadiorum,
556 2004 595 2038 id
620 2010 674 2037 est
698 2006 759 2038 281
793 2010 960 2037 stratui-as
984 2004 1042 2037 vel
1068 2005 1257 2049 strangulas,
1284 2010 1320 2037 et
1343 2008 1495 2048 sagmata
1520 2014 1584 2036 seu
1609 2003 1765 2036 sarcinas

334 2052 391 2083 vel
423 2051 595 2092 bimecia,
633 2053 703 2084 emi
737 2057 773 2084 et
807 2051 1003 2095 comparari
1040 2050 1187 2090 debita,
1221 2051 1310 2082 emit
1335 2048 1418 2094 [pro
1446 2049 1519 2082 illis
1548 2048 1664 2082 tribus
1686 2051 1765 2083 auri

336 2098 449 2137 litris,
475 2109 560 2142 quas
586 2098 692 2130 modo
719 2097 922 2129 dicebamus
939 2097 982 2129 ab
1005 2095 1099 2129 idico
1126 2096 1316 2142 praeberil.
1365 2094 1484 2128 Debet
1503 2100 1621 2128 autem
1647 2106 1764 2129 emere

337 2144 451 2176 rasica
487 2143 636 2183 amana,
673 2143 710 2175 id
750 2149 803 2176 est
838 2153 934 2176 rasos
969 2153 1031 2175 seu
1079 2142 1262 2186 grossioris
1300 2141 1351 2173 fili
1391 2141 1512 2175 taneos
1550 2141 1767 2176 defloccaton

335 2201 487 2235 pannos,
515 2200 647 2235 eosque
669 2200 789 2222 curare
814 2189 932 2222 colore
960 2200 1138 2233 purpureo
1163 2187 1277 2221 imbui
1311 2193 1347 2221 et
1379 2187 1467 2220 inde
1490 2189 1568 2220 fieri
1593 2189 1764 2232 sagisma-

338 2243 375 2270 ta
400 2248 463 2269 seu
501 2240 668 2268 straturus
713 2237 863 2279 equinas
901 2240 938 2267 et
970 2234 1138 2267 borcadia
1171 2236 1255 2274 1503
1280 2245 1351 2278 quo
1378 2233 1422 2267 de
1447 2245 1595 2268 numero
1620 2241 1765 2268 centum

339 2283 486 2328 quidem
522 2281 700 2315 destinata
731 2287 827 2314 sunt·
851 2280 925 2314 illis
956 2287 1096 2314 centum
1143 2281 1265 2326 equis,
1298 2281 1359 2326 qui
1395 2291 1513 2313 coram
1543 2282 1764 2325 Imperatore

340 2331 409 2363 iter
456 2329 610 2362 faciente
653 2327 919 2373 praeducuntur
956 2332 992 2360 et
1020 2327 1310 2372 praeambulant,
1342 2326 1491 2371 triginta
1515 2338 1598 2360 vero
1631 2326 1765 2364 cedunt

341 2376 493 2409 sellariis
519 2375 622 2420 equis
656 2374 921 2419 imperialibus,
955 2379 991 2406 et
1026 2374 1152 2416 viginti
1175 2373 1320 2406 tandem
1346 2374 1448 2418 equis
1474 2373 1570 2413 illis,
1593 2373 1658 2419 qui
1683 2385 1765 2406 mu·-

339 2422 418 2456 neri
447 2423 588 2455 dantur.
647 2422 762 2454 Etiam
800 2432 819 2453 a
845 2420 990 2453 cellario
1033 2421 1150 2463 regiae
1187 2418 1382 2464 apothecae
1408 2419 1539 2452 stabuli
1563 2421 1673 2453 sumit
1700 2420 1763 2453 150

341 2471 488 2513 tagistra
548 2467 631 2514 {seu
695 2479 811 2500 saccos
865 2467 1110 2512 pabulatorios
1129 2492 1138 2506 ,
1194 2466 1316 2511 quales
1362 2477 1536 2511 equorum
1583 2465 1763 2510 capitibus

339 2516 568 2562 alfigantun]
603 2521 638 2548 et
662 2515 756 2548 coria
781 2526 844 2558 pro
879 2513 1106 2547 conficiendis
1143 2512 1226 2546 inde
1264 2513 1424 2556 capistris
1464 2513 1546 2552 180,
1591 2518 1628 2545 et
1653 2511 1765 2547 hexa-

341 2562 505 2595 canthcla
532 2561 605 2607 {scu
630 2561 842 2606 repositoria
877 2566 1032 2599 scortea,
1068 2560 1207 2603 singula
1250 2570 1350 2591 senas
1385 2558 1571 2603 amphoras
1607 2562 1765 2592 scorteu

342 2610 437 2642 intus
470 2608 640 2642 habentia
666 2609 688 2655 ‚1
725 2619 788 2652 pro
824 2607 949 2640 cedrea
973 2606 1030 2639 vel
1067 2606 1240 2651 godronio
1271 2605 1323 2638 ibi
1358 2604 1565 2648 condend03
1598 2609 1635 2637 et
1666 2609 1766 2641 niret,

342 2667 405 2699 pro
429 2657 513 2688 vino
539 2661 574 2690 et
602 2661 701 2688 aceto
719 2655 763 2688 ad
791 2655 1008 2687 curationem
1029 2653 1285 2698 aegrotantium
1321 2653 1560 2685 iumentorum
1586 2649 1765 2684 adhiben-

343 2701 399 2734 do.
470 2702 682 2747 Axinorygia
727 2712 871 2746 quoque
909 2701 1102 2744 comparari
1135 2699 1270 2732 debent
1303 2710 1364 2731 seu
1399 2709 1537 2731 secures
1575 2696 1764 2737 caedendis
