1832 3112
588 119 1009 163 PRAEFATIONFS.
1425 122 1538 160 XXV

84 224 334 276 secernendi,
361 233 484 278 quam
512 221 697 263 solertiae
734 224 1002 261 recentiorum
1039 219 1246 261 debemus.
1317 219 1538 261 Adscribe-

88 291 188 331 bant
223 291 422 332 librorum
457 296 640 329 veterum
680 290 856 327 iuniores
898 301 1143 342 possessores
1180 289 1224 327 in
1254 288 1503 341 marginibus
1522 317 1535 337 ,

90 371 196 411 quae
233 355 410 408 vellent3
447 369 495 396 ea
530 355 686 394 librarii
725 362 854 394 aetate
891 355 1130 408 posteriores
1168 355 1212 393 in
1238 355 1346 407 ipsos
1383 353 1541 394 codices

90 423 243 476 absque
270 421 354 462 ulla
379 421 634 461 distinctione
660 419 923 459 inferciebant
937 450 949 470 ,
994 427 1035 459 et
1062 420 1344 474 exspectabant
1371 420 1541 459 lectores

101 497 172 528 aut
196 496 281 528 tam
307 501 469 527 securos
497 494 537 526 et
565 488 725 540 ignaros
751 500 889 525 rerum
916 486 1115 536 omnium,
1142 494 1190 526 ut
1215 486 1400 540 scopulos
1428 486 1542 526 chro-

94 554 300 608 nologicos
338 553 493 607 absque
521 552 741 592 offensione
768 554 1062 606 praeterirent3
1101 559 1172 592 aut
1212 554 1246 592 si
1273 567 1374 607 quos
1399 553 1541 592 nanci-

90 628 299 667 scerentur
327 621 518 659 acutioris
546 632 684 658 sensus
698 648 711 670 ,
749 618 1045 672 persuadebant
1079 617 1155 658 sibi
1170 648 1183 670 ,
1211 632 1279 658 eos
1306 618 1447 670 facile,
1475 617 1543 659 vel

46 734 51 738 ἡ
92 701 178 727 non
204 686 454 737 admonitos,
483 692 710 724 assumenta
738 683 868 723 aliena
896 697 981 723 esse
1007 685 1230 737 agnituros.
1269 685 1443 724 Veniam
1469 698 1544 738 po-

91 760 198 794 terat
219 767 266 792 ea
285 751 519 805 simplicitas
538 751 735 801 invenire,
765 751 798 790 si
818 751 926 789 intra
946 763 1034 789 eam
1054 749 1338 800 substitissent,
1368 751 1439 804 qui
1458 757 1547 789 tum

92 826 225 870 erant,
254 818 453 858 librorum
478 818 822 857 consarcinatores
849 823 890 855 et
916 815 1088 855 librarii.
1148 815 1207 855 At
1233 815 1292 854 illi
1319 815 1448 855 multo
1475 829 1548 869 pe-

95 887 200 924 iora.
255 882 618 923 Transscrihebant
644 881 774 922 aliena
799 883 949 935 scripta
987 882 1248 932 verbotenus,
1277 881 1480 921 addebant
1506 883 1550 920 in

92 951 173 990 fine
200 963 344 1004 parum
370 947 524 1002 aliquid
551 949 603 988 de
630 962 703 988 suo
721 978 734 1000 ,
778 949 952 1002 denique
978 948 1253 1002 praefigebant
1291 961 1442 987 nomen
1470 954 1542 987 aut

92 1031 228 1068 suum,
256 1023 327 1056 aut
353 1014 463 1069 quod
493 1013 659 1067 vellent,
689 1022 729 1054 et
768 1015 941 1068 agebant
978 1015 1021 1054 in
1049 1014 1202 1054 litteras
1231 1013 1443 1054 latrocinia
1470 1014 1548 1052 im-

88 1095 216 1136 pune,
242 1088 433 1135 tantaque
475 1081 688 1121 securitate
715 1088 764 1135 ,et
802 1080 1069 1135 impudentia,
1107 1087 1194 1131 aut,
1223 1081 1257 1119 si
1285 1081 1432 1131 mavis,
1462 1086 1549 1119 stu-

90 1162 206 1202 pore,
235 1155 282 1188 ut
308 1147 405 1187 furti
432 1148 660 1202 veterisque
687 1147 841 1193 domini
868 1146 1019 1186 indicia
1054 1160 1139 1186 non
1167 1146 1371 1186 tollerent.
1426 1143 1551 1197 Quod

92 1213 319 1255 luculenter
344 1221 531 1266 testatur,
570 1228 622 1254 ne
650 1213 730 1254 alia
766 1213 985 1267 proferam,
1014 1212 1215 1252 indiculus
1254 1213 1551 1266 Imperatorum

97 1281 359 1323 CPtanorum
382 1295 408 1320 a
434 1281 651 1320 Lambecio
678 1280 730 1320 ad
759 1280 960 1321 Codinum
981 1279 1057 1319 sub
1077 1279 1199 1319 huius
1215 1279 1380 1318 nomine
1401 1278 1549 1318 editus.

203 1346 242 1402 S.
272 1346 314 1387 5.
381 1347 448 1387 De
484 1347 688 1387 exhibitis
733 1346 780 1386 in
818 1347 898 1387 hoc
937 1345 1179 1394 volumine,
1210 1353 1252 1384 et
1280 1346 1326 1384 in
1355 1352 1550 1384 secutur-o

95 1413 361 1454 exhibendis.
418 1413 665 1455 Praefationi
691 1413 844 1452 subieci
876 1411 931 1452 cl.
952 1412 1182 1451 Decessoris
1203 1412 1282 1450 mei
1302 1410 1553 1450 dissertatio-

94 1494 190 1520 nem
215 1480 268 1520 de
295 1480 558 1520 Constantino
574 1479 980 1533 Porphyrogenneto,
999 1492 1124 1531 quam
1138 1479 1173 1517 is
1197 1491 1304 1516 anno
1335 1476 1441 1532 1746
1466 1475 1555 1516 edi-

92 1545 169 1586 dit.
241 1546 380 1586 Vitam
413 1553 576 1586 enarrat
604 1546 862 1599 Imperatoris
888 1544 940 1584 ab
968 1558 1109 1584 amore
1140 1551 1180 1583 et
1217 1543 1359 1583 studiis
1397 1541 1554 1582 littera-

95 1625 189 1651 rum
215 1611 518 1652 celebratissimi
546 1626 650 1665 pura
677 1619 718 1652 et
745 1611 915 1665 eleganti
944 1611 1136 1660 dictione,
1165 1617 1358 1664 grataque
1385 1615 1426 1648 et
1453 1622 1554 1648 con-

97 1679 218 1716 cinna
238 1678 455 1728 brevitate,
484 1678 694 1730 bonaeque
726 1677 852 1730 frugis
877 1676 1224 1716 observationibus
1245 1677 1361 1714 nitet.
1418 1674 1555 1725 Quam
1563 1679 1626 1714 Ed.
1640 1678 1679 1714 1..
1694 1677 1728 1714 X

97 1741 152 1782 cl.
173 1741 355 1796 opusculi
375 1742 533 1782 Auctor
550 1743 592 1781 in
612 1743 691 1780 fine
717 1742 918 1794 promittit
946 1742 1287 1790 dissertationem,
1319 1739 1433 1779 velut
1460 1738 1554 1778 alte·

97 1821 187 1848 ram
224 1810 444 1862 praesentis
485 1815 659 1862 partem,
687 1807 738 1846 de
770 1807 1022 1846 Constantini
1060 1806 1218 1859 scriptis
1262 1812 1302 1844 et
1329 1806 1372 1844 in
1399 1805 1554 1845 litteras

95 1876 250 1915 meritis
265 1904 279 1926 ‚
317 1889 406 1915 eam
443 1876 488 1915 in
514 1876 601 1914 eius
627 1873 785 1913 schedis
818 1873 997 1928 reperire
1022 1882 1106 1911 non
1132 1872 1247 1925 potui
1274 1870 1522 1911 elaboratam
1535 1886 1549 1912 τ

79 1947 345 1995 ,quapropter
369 1939 567 1981 sarciendi
611 1939 790 1980 defectus
828 1932 965 1992 gratia*
995 1937 1253 1977 decreveram
1300 1929 1557 1991 particulam,

97 2021 202 2060 quae
227 2007 335 2047 idem
373 2013 654 2062 argumentum
681 2007 921 2059 exsequitur,
949 2019 972 2044 e
999 2004 1064 2044 Cl.
1093 2005 1279 2044 Flumen
1307 2003 1557 2043 Bibliotheca

95 2073 253 2112 Graeca
278 2080 473 2127 repetere.
538 2073 619 2122 Sed
653 2086 781 2127 quum
809 2072 912 2112 liber
939 2073 983 2111 in
1009 2071 1192 2111 omnium
1211 2085 1335 2110 manu
1361 2072 1430 2121 sit,
1459 2071 1555 2109 satis

99 2146 161 2178 cst
190 2138 287 2178 illuc
315 2139 486 2192 cupidos
515 2138 713 2193 ablegare.
768 2140 925 2193 Repetii
947 2145 1085 2178 tamen
1110 2137 1205 2176 inde
1231 2138 1417 2176 notitiam
1436 2136 1558 2176 huius

102 2203 261 2244 Codicis
287 2205 340 2243 ab
358 2204 628 2245 uffenbachio
646 2205 865 2245 conditam.
922 2205 1114 2258 Sequitur
1132 2203 1203 2243 illa
1220 2204 1439 2257 praemissa
1473 2203 1559 2256 ipse

102 2271 257 2324 primus
298 2270 620 2311 Constantiniani
649 2271 808 2311 Codicis
841 2269 1120 2310 Cerimonialis
1158 2269 1278 2320 liber,
1308 2284 1401 2309 cum
1432 2270 1558 2308 inter-

104 2338 330 2389 pretatione
368 2338 544 2390 primum
582 2337 747 2392 quidem
786 2336 1020 2388 Leichiana,
1064 2349 1168 2390 quae
1208 2350 1337 2390 usque
1376 2335 1428 2374 ad
1466 2348 1558 2388 pag.

105 2415 183 2442 221
219 2402 427 2455 procedit3
457 2402 603 2442 deinde
629 2418 729 2443 vero
755 2417 847 2443 mea
873 2417 1001 2456 usque
1029 2402 1081 2442 ad
1108 2403 1245 2442 finem.
1303 2401 1455 2441 Addidi
1474 2401 1560 2454 pri-

104 2481 173 2507 mo
211 2467 317 2507 libro
355 2468 467 2507 velut
493 2469 756 2522 appendicem
801 2468 871 2508 illa
895 2476 1111 2523 praecepta
1146 2467 1353 2518 militaria,
1384 2479 1489 2520 quae
1515 2466 1559 2506 in

105 2531 245 2572 codice
270 2541 409 2574 nostro
437 2537 710 2589 manuscripto
738 2536 899 2574 initium
925 2535 1110 2574 facientia
1136 2548 1211 2588 per
1237 2535 1387 2586 primas
1409 2532 1557 2586 viginti

105 2597 360 2637 membranas
403 2599 685 2640 decurrebant.
741 2600 960 2640 Potueram
986 2615 1075 2640 eam
1114 2598 1355 2655 particulam
1382 2595 1560 2636 secundo

102 2662 213 2704 <libro
241 2663 508 2719 subiungere3
539 2667 609 2707 sed
636 2666 862 2708 cavendum
899 2666 999 2708 mihi
1028 2673 1114 2706 erat
1128 2697 1141 2719 ,
1180 2679 1232 2704 ne
1258 2664 1456 2718 posterius
1486 2675 1562 2701 vo-
