1884 3112
394 149 466 188 DE
504 145 760 188 OEmmoN.
801 146 979 186 AULAE
1016 147 1236 189 BYZANT.
1263 149 1295 187 1.
1322 152 1388 192 20.
1519 148 1537 181 1
1557 147 1622 200 19

183 248 434 302 σύγκλητον,
481 247 554 291 κατ’
577 249 627 304 τῇ
655 249 787 290 ἕωθεν
815 250 913 303 περὶ
948 244 1064 303 ὥραν
1091 249 1291 304 δευτέραν
1317 245 1553 289 κελεύουσιν
1581 244 1621 287 οἱ

186 313 386 355 δεσπόται
412 310 612 356 εἰσελθεῖν
637 312 739 362 τούς
765 315 1082 368 πραιποσίτους,
1126 311 1200 355 καί
1225 312 1277 368 δὴ
1302 312 1461 356 τούτων
1487 313 1666 354 elasa-n

187 379 348 421 θόντων
371 378 477 432 μετὰ
504 378 579 421 καί
605 378 754 432 ὀλίγων
783 381 861 420 τοῦ
889 380 1208 432 κουβουκλείου,
1247 378 1502 433 ἀπέρχονται
1529 373 1621 430 ἅμα

186 445 262 486 τοῦ
287 445 422 486 παπία
447 447 521 486 καί
545 446 619 486 τοῦ
645 441 953 499 ἐταιρειάρχου,
982 443 1054 485 καί
1078 442 1288 498 εἰσάγουσι
1314 441 1387 486 τὸν
1416 443 1622 498 πατριάρ-

160 517 268 564 5χην
291 508 399 562 μετὰ
441 508 516 551 καὶ
539 511 621 552 τῶν
646 512 961 565 μητροπολιτῶν
999 510 1072 551 καί
1109 511 1183 564 τῆς
1219 510 1363 564 λοιπῆς
1389 506 1522 551 αὖτοῦ
1546 505 1621 550 τά-

188 577 299 625 ξεως.
344 574 418 616 καί
441 576 519 617 τοῦ
545 575 807 631 πατριάρχου
837 577 1132 631 εἰσερχομένου
1162 573 1232 617 διὰ
1259 577 1343 617 τῶν
1369 574 1620 628 διαβατικῶν

183 640 260 681 vob·
283 639 517 696 τρικόγχου,
550 639 722 695 ἔρχεται
749 643 823 683 καί
844 639 1024 696 κάθηται
1050 641 1096 683 ἐν
1123 642 1176 697 τῇ
1202 640 1371 697 καμάρᾳ
1397 640 1472 682 τοῦ
1498 635 1617 694 ἇγίου

187 705 428 760 Θεοδώρου,
466 706 631 748 κάκεῖσε
657 707 975 762 περιβάλλονται
1000 705 1074 756 τὰς
1100 703 1259 748 ἑαυτῶν
1287 707 1510 759 χλανίδας,
1538 704 1683 748 καίΕὰ
1693 706 1783 752 Ῑι-ΊΙ

182 769 444 824 ἐξερχόμενοι
470 769 626 821 ἔξωθεν
651 773 726 814 τοῦ
764 771 892 827 βήλου
933 774 1007 826 τῆς
1033 771 1164 827 αὐτῆς
1201 768 1392 827 καμάρας
1416 772 1616 814 ἵστανται.

138 833 227 876 ιοοῖ
255 837 302 877 δὲ
329 834 590 891 πραιπόσιτοι
614 835 878 892 ἐξερχόμενοι
903 835 1118 890 εἰσάγουσι
1151 835 1220 878 τὸν
1250 836 1536 892 πατριάρχην,
1577 834 1619 878 οἶ

186 900 232 942 δὲ
259 900 459 943 δεσπόται
484 903 631 944 τοῦτον
654 900 760 943 κατά
789 899 837 944 τὸ
870 900 1020 950 εἰωθὸς
1046 898 1343 955 ἀσπαζόμενοι,
1375 903 1619 953 καθέζονται

183 967 277 1018 μετ’
303 963 434 1008 αὐτοῦ
459 968 506 1009 ἐν
533 969 592 1024 τῷ
613 966 937 1024 χρυσοτρικλίνῳ
962 966 1111 1022 μικρόν
1135 983 1200 1020 τι,
1226 965 1301 1009 καὶ
1323 966 1483 1018 εὐθέως
1507 967 1617 1022 γίνε-

184 1046 254 1072 ται
279 1031 589 1085 μεταστάσιμον
601 1066 615 1086 ,
658 1034 733 1074 καί
768 1030 808 1074 οἱ
832 1034 911 1086 μὲν
935 1029 1161 1090 μάγιστροι
1186 1033 1261 1075 καί
1284 1029 1518 1076 ἀνθύπατοι
1545 1030 1620 1074 καὶ

183 1096 394 1152 πατρίκιοι
419 1097 493 1139 καὶ
513 1097 654 1140 λοιποὶ
683 1098 948 1154 συγκλητικοὶ
973 1100 1249 1154 κατέρχονται
1282 1099 1331 1141 ἐν
1356 1099 1412 1156 τῷ
1440 1097 1619 1153 νάρθηκι

134 1163 258 1216 ι5τῆς
283 1163 380 1212 νέας
406 1162 589 1219 μεγάλης
615 1163 854 1219 ἐκκλησίας,
884 1163 923 1206 οἱ
950 1166 998 1207 δὲ
1022 1166 1096 1207 τοῦ
1121 1165 1412 1219 κουβουκλείου
1442 1162 1620 1213 ἅπαντες

182 1227 424 1281 διέρχονται
464 1227 536 1270 διά
573 1231 648 1271 τοῦ
686 1227 908 1285 ὦρολογίου
952 1231 1026 1273 καὶ
1059 1233 1135 1273 τοῦ
1159 1229 1506 1287 χρυσοτρικλίνου
1546 1231 1620 1272 καί

180 1293 255 1346 τῆς
280 1291 473 1348 καμάρας
498 1296 572 1336 τοῦ
598 1297 786 1338 πανθέου
813 1295 887 1338 καὶ
909 1298 984 1338 τοῦ
1011 1294 1219 1352 φύλακος,
1264 1298 1338 1338 καί
1362 1294 1619 1350 ἐκβαίνοντες

181 1354 227 1398 τὸ
254 1358 513 1414 μονόθυρον,
558 1360 731 1403 ἀπίασιν
757 1363 803 1404 ἐν
836 1363 894 1418 τῷ
919 1363 1006 1418 ναῷ
1039 1364 1116 1417 τῆς
1152 1360 1381 1419 ὖπεραγίας
1409 1359 1616 1404 Θεοτόκου

181 1425 258 1464 τοῦ
285 1425 440 1480 φάρου,
468 1424 543 1467 καὶ
567 1426 606 1467 οἱ
630 1429 709 1480 μὲν
734 1427 930 1469 δεσπόται
962 1426 1230 1480 ἀνιστάμενοι
1256 1429 1514 1483 εἰσέρχονται
1538 1442 1616 1479 με-

129 1485 236 1528 2οτά
263 1491 338 1530 τοῦ
363 1490 625 1544 πατριάρχου
662 1494 874 1544 μυστικαῖς
901 1491 972 1534 διὰ
1010 1495 1089 1534 τοῦ
1116 1493 1334 1548 μάκρωνος
1361 1494 1439 1534 τοῦ
1465 1494 1648 1535 κοιτῶ-Β

183 1568 254 1601 νος
280 1555 339 1604 εἷς
366 1554 437 1596 τὸν
464 1555 564 1597 ναόν
589 1558 659 1613 τῆς
686 1555 914 1613 ὖπεραγίας
941 1557 1142 1600 Θεοτόκου
1170 1559 1248 1599 τοῦ
1277 1556 1440 1613 φάρου,
1477 1558 1548 1598 καί
1575 1556 1614 1597 οἱ

183 1618 378 1660 δεσπόται
405 1621 594 1663 ἵστανται
620 1624 666 1664 ἐν
691 1625 749 1681 τῷ
779 1621 978 1678 νάρθηκι,
1016 1622 1040 1665 ὅ
1067 1625 1115 1665 δὲ
1142 1620 1401 1677 πατριάρχης
1428 1623 1613 1676 εἰσέρχε-

182 1698 253 1723 ται
279 1685 339 1733 εἷς
366 1681 414 1725 τὸ
441 1685 756 1743 θυσιαστήριον,
783 1687 858 1729 καί
880 1690 954 1744 τῆς
981 1689 1179 1739 εἰωθυίας
1205 1684 1333 1743 εὖχῆς
1349 1688 1613 1742 τελουμένης,

274 1783 306 1818 5.
331 1784 484 1818 ΣΧΟΛ.
506 1784 656 1826 Ἰστέον,
682 1783 741 1819 ὅτι
757 1785 780 1820 o‘
803 1784 1099 1833 ρεφερενδάριος
1114 1786 1223 1829 δηλοῖ
1241 1787 1291 1831 τῷ
1320 1788 1445 1831 παπίςι
1459 1777 1530 1829 τῆν
1543 1787 1613 1819 τοῦ·

272 1829 511 1875 πατριάρχου
530 1831 675 1876 ἄφιξιν.
769 1845 799 1878 7.
826 1833 986 1880 καμάρᾳ.
1032 1835 1138 1867 Plura
1163 1833 1223 1866 hic
1246 1833 1421 1866 excidisse
1437 1837 1543 1878 putat
1559 1835 1612 1874 R„

273 1887 368 1920 quae
385 1889 419 1921 p.
442 1890 515 1912 ιη.
533 1878 723 1922 leguntur,
748 1879 834 1913 inde
854 1891 874 1912 a
894 1891 983 1913 vers.
1004 1884 1036 1917 8.
1065 1885 1131 1914 τοῦ
1145 1881 1459 1925 χρυσοτρικλίνου
1494 1890 1610 1924 usque

271 1922 319 1954 ad
334 1934 365 1957 v.
387 1935 438 1957 ια.
455 1924 496 1959 ἐν
523 1926 566 1970 τῇ
590 1925 750 1972 καμάρᾳ.
836 1929 887 1962 16.
913 1929 978 1961 καὶ
1002 1931 1086 1961 ante
1111 1927 1180 1961 τοῦ
1212 1927 1526 1973 χρυσοτρικλίνου
1546 1925 1610 1959 de-

271 1969 422 2003 lendum
449 1981 526 2004 esse
553 1977 658 2017 putat
674 1973 711 2005 R.
1316 1987 1326 1992 ·

181 2049 294 2089 luxit,
331 2051 423 2084 circa
446 2050 571 2084 horam
596 2051 788 2085 secundam
823 2056 1037 2088 matutinam
1060 2055 1282 2101 praepositos
1306 2054 1441 2088 intrare
1468 2053 1608 2094 iubent,

181 2107 253 2141 quo
278 2097 383 2138 facto,
410 2109 490 2130 cum
514 2099 636 2142 paucis
661 2099 890 2133 cubiculariis
915 2114 985 2135 una
1001 2114 1081 2135 cum
1097 2113 1190 2148 papa
1212 2106 1250 2135 et
1271 2100 1516 2135 hetaeriarcha
1540 2100 1609 2133 ab·

181 2147 293 2183 eunt,
324 2148 362 2176 et
384 2144 623 2188 patriarcham
647 2157 727 2178 eum
750 2149 991 2192 metropolitis
1019 2154 1056 2182 et
1079 2150 1220 2194 reliquo
1245 2148 1322 2181 eius
1345 2148 1467 2181 officio
1491 2146 1608 2180 addu-

180 2193 276 2222 cunt.
325 2189 397 2234 Qui
427 2202 489 2235 per
512 2193 671 2235 porticus
694 2192 883 2226 triconchii
909 2195 1112 2240 ingressus,
1143 2197 1183 2229 in
1203 2206 1339 2229 camera
1363 2195 1397 2228 S.
1422 2193 1608 2227 Theodori

180 2235 302 2276 sedet,
338 2237 479 2271 tunicas
506 2249 584 2271 suas
619 2240 766 2272 comites
801 2239 878 2273 eius
904 2242 958 2283 ibi
983 2241 1162 2281 induunt,
1199 2246 1236 2275 et
1261 2246 1360 2274 extra
1386 2241 1502 2273 velum
1530 2239 1607 2272 eius

180 2291 335 2315 camerae
356 2285 546 2328 progressi,
573 2285 782 2319 subsistunt.
829 2287 1027 2332 Praepositi
1051 2294 1171 2322 autem
1195 2288 1346 2333 egressi,
1371 2285 1609 2332 patriarcham

178 2326 385 2369 adducunt,
423 2341 529 2374 quem
552 2332 699 2365 Domini
734 2343 798 2376 pro
830 2344 928 2367 more
954 2336 1130 2375 osculati,
1172 2346 1253 2368 cum
1286 2345 1328 2367 eo
1352 2333 1539 2378 paululum
1569 2332 1608 2363 in

180 2383 287 2406 aureo
310 2375 468 2410 triclinio
493 2378 699 2418 consident,
737 2384 774 2411 et
796 2380 915 2412 statim
939 2383 1097 2426 receptio
1125 2382 1352 2420 instituitur,
1388 2386 1425 2413 et
1447 2377 1608 2422 magistri

179 2419 342 2463 quidem,
366 2424 607 2465 proconsules,
631 2425 774 2470 patricii
798 2431 836 2459 et
859 2429 971 2467 ceteri
996 2434 1177 2462 senatores
1202 2429 1241 2461 in
1265 2425 1468 2460 narthecem
1491 2434 1606 2457 novae

181 2475 329 2509 magnae
353 2469 524 2503 ecclesiae
549 2469 795 2515 descendunt3
834 2473 1051 2508 cubicularii
1087 2485 1169 2508 vero
1206 2485 1328 2507 omnes
1359 2484 1424 2516 per
1455 2470 1606 2504 horolo-

181 2512 278 2555 gium
302 2525 520 2560 aureumque
543 2518 762 2558 triclinium,
809 2529 980 2553 cameram
1011 2520 1163 2566 panthei
1200 2526 1237 2554 et
1268 2519 1464 2553 custodiam
1489 2522 1609 2550 trans-

182 2564 281 2597 eunt,
307 2570 399 2605 eque
423 2561 635 2606 monothyro
661 2566 805 2609 egressi,
829 2566 875 2599 ad
897 2568 1070 2612 tempium
1087 2568 1120 2601 S.
1136 2567 1310 2612 Deiparae
1331 2565 1432 2609 phari
1458 2563 1604 2596 abeunt.

181 2604 328 2638 Domini
353 2613 535 2650 surgentes
565 2609 642 2643 sine
667 2622 796 2656 pompa
819 2624 888 2646 una
910 2625 988 2646 cum
1011 2614 1212 2658 patrIarcha
1236 2624 1301 2658 per
1323 2612 1464 2654 longam
1488 2609 1606 2654 porti·-

181 2661 263 2705 eum
296 2651 452 2686 cubiculi
485 2654 531 2687 ad
565 2657 739 2701 templum
776 2661 1014 2692 sanctissimae
1038 2661 1215 2705 Deiparae
1248 2658 1349 2703 phari
1375 2657 1531 2696 abeunt,
1566 2660 1605 2688 et

181 2699 253 2742 ipsi
272 2698 418 2744 quidem
441 2701 480 2739 iu
503 2701 669 2740 nartheca
694 2703 907 2748 subsistunt,
931 2705 1132 2751 patriarcha
1157 2717 1240 2741 vero
1265 2705 1304 2739 in
1329 2703 1525 2740 oratorium
1547 2702 1606 2739 in·
