1832 3112
311 98 445 138 XXVI
812 98 887 138 10.
933 96 1038 138 IAC.
1079 97 1275 139 REISKH

309 198 450 239 lumen
477 199 584 240 mole
612 200 718 241 ultra
748 203 862 255 prius
891 201 1111 244 excederet.
1169 201 1234 242 Cl.
1263 202 1454 242 Letcnms
1481 202 1526 242 id
1551 202 1643 242 ideo
1664 215 1779 256 pror-

311 281 380 306 sus
408 268 614 319 omiserat,
641 269 738 322 quia
766 269 818 308 ab
844 267 922 308 hoc
950 282 1073 322 opere
1093 268 1328 310 decreverat
1355 282 1494 309 arcere
1510 298 1523 320 ,
1550 276 1591 309 et
1617 270 1662 308 in
1689 268 1775 308 col-

308 334 481 375 lectione
512 335 771 375 Tacticorum
800 336 1066 388 Graecorum,
1093 350 1218 390 quam
1243 335 1532 387 meditabatur,
1571 335 1776 376 exhibere.

309 401 454 441 Habeo
482 402 526 440 in
552 402 740 442 manibus
761 401 964 456 exemplar
981 401 1272 456 opusculorum
1294 402 1567 454 Constantini,
1597 416 1622 442 a
1642 403 1777 442 Meur-

306 468 370 507 sio
401 468 534 522 Lugd.
564 469 705 509 Batav.
733 483 772 508 a.
810 467 910 508 1611
944 468 1146 508 editorum
1168 497 1181 520 ‚
1242 470 1286 509 in
1325 469 1476 524 quibus
1503 469 1671 508 Tactica
1697 469 1776 508 Vir

306 533 375 574 Cl.
403 536 554 589 passim
583 536 869 575 emendaverat
898 549 974 576 sua
1001 550 1125 575 manu
1154 543 1277 590 atque
1303 535 1579 590 suppleverat,
1617 549 1641 575 e
1667 535 1779 575 codi-

307 614 370 652 ce,
409 608 456 640 ut
482 602 672 654 coniicio,
701 601 957 656 Augustano.
1012 602 1156 642 Inveni
1195 603 1240 641 in
1280 602 1366 642 eius
1393 601 1653 643 Adversariis
1695 602 1776 642 alia

305 665 587 720 supplementa
625 668 848 708 eorundem
891 668 1171 719 Tacticorum,
1208 675 1256 708 ut
1294 676 1335 708 et
1372 668 1548 720 Leonis,
1582 684 1611 711 e
1637 669 1778 709 codice

306 733 549 786 Augustano
563 763 576 786 ,
615 748 719 788 quae
749 749 775 774 a
816 733 1080 775 celeberrimo
1128 735 1348 775 Baucnno
1387 742 1611 790 acceperat.
1685 735 1779 789 Ego

306 813 423 851 verO,
452 814 581 853 quum
610 815 635 840 a
661 800 733 840 tali
762 801 931 841 consilio
960 801 1115 841 alienus
1145 803 1238 854 sim,
1267 808 1308 841 et
1334 817 1410 856 per
1427 816 1612 842 mearum
1636 816 1776 843 rerum

302 865 582 906 conditionem
615 881 816 921 nequeam
858 882 943 908 non
973 882 1075 919 esse,
1106 868 1229 907 debui
1267 870 1435 909 omnino
1462 868 1600 909 locum
1626 870 1670 908 in
1697 869 1780 909 hae

305 933 489 973 editione
515 934 712 988 opusculo
742 934 856 986 dare,
886 936 1153 989 interpretatu
1181 935 1347 989 quidem
1375 935 1546 987 difficili,
1576 936 1685 976 lectu
1710 943 1775 975 ta-

307 1014 403 1040 men
443 1001 639 1053 iucundo,
685 1000 887 1056 plenoque
922 1016 1060 1042 rerum
1091 1003 1193 1041 scitu
1221 1002 1564 1056 dignissimarum.
1621 1004 1777 1043 Parum

304 1067 520 1119 referebat,
540 1068 695 1108 ubiubi
714 1068 1003 1120 collocaretur3
1031 1068 1154 1108 modo
1171 1068 1307 1109 locum
1318 1068 1490 1110 haberet
1506 1083 1590 1109 non
1601 1069 1775 1114 nullum.

418 1134 651 1174 Secundum
689 1135 882 1175 volumen
924 1135 1039 1174 dabit
1077 1135 1298 1175 secundum
1339 1136 1486 1176 Graeci
1522 1135 1645 1176 huius
1674 1138 1777 1176 ceri-

305 1200 494 1241 monialis
537 1201 706 1254 librum,
748 1217 843 1242 cum
879 1202 1071 1241 adiuncta
1110 1202 1260 1241 Latina
1298 1215 1391 1242 mea
1425 1203 1777 1256 interpretatione.

306 1269 497 1309 Proxime
524 1283 725 1323 apponam
750 1276 868 1309 notas
895 1269 1054 1308 criticas
1074 1298 1086 1319 ,
1130 1283 1234 1322 quae
1261 1269 1443 1308 codicem
1482 1269 1684 1309 Graecum
1710 1277 1776 1324 ty-

305 1337 370 1390 pis
408 1350 640 1391 expressum
671 1350 717 1375 ex
745 1337 925 1390 ipsarum
956 1335 1289 1375 membranarum
1319 1335 1454 1375 denuo
1482 1350 1507 1375 a
1532 1327 1597 1375 me
1617 1335 1781 1390 diligen-

307 1410 372 1442 ter
396 1404 669 1457 inspectarum
722 1403 802 1443 fide
838 1410 878 1442 et
915 1403 1157 1442 coniecturis
1184 1403 1284 1442 meis
1312 1401 1600 1442 emendabunt.
1656 1402 1779 1442 Exci-

299 1471 424 1524 'pient
463 1483 529 1510 eas
560 1470 928 1510 animadversiones
955 1468 1170 1509 historicae
1202 1470 1246 1508 in
1273 1475 1405 1508 totum
1433 1482 1537 1523 opus
1564 1483 1658 1508 cum
1683 1469 1784 1509 Lei-

299 1537 466 1576 ‘chianis
497 1551 628 1590 meae3
657 1538 779 1576 finem
819 1537 939 1576 faciet
969 1535 1088 1575 index
1118 1536 1372 1575 Graecitatis.
1430 1535 1577 1575 Latina
1613 1535 1782 1590 quidem

310 1604 594 1657 interpretatio
624 1605 668 1643 in
695 1603 849 1643 mundo
878 1610 938 1643 est
951 1633 963 1655 ,
1002 1610 1050 1642 ut
1078 1602 1194 1642 facile
1229 1603 1356 1655 possit
1380 1615 1464 1641 una
1491 1615 1586 1642 cum
1613 1602 1783 1641 Graecis

309 1671 418 1710 intra
445 1671 570 1711 breve
598 1678 760 1724 tempus
787 1669 925 1725 praelo
953 1669 1127 1723 absolvi.
1185 1668 1357 1721 Reliqua
1386 1670 1574 1722 quamvis
1591 1667 1780 1722 expeditu

310 1737 440 1777 ardua
467 1744 507 1777 et
533 1751 774 1776 aerumnosa
812 1750 936 1790 pensa
964 1737 1046 1775 sint
1064 1765 1077 1785 ,
1107 1748 1227 1789 spero
1251 1741 1389 1774 tamen
1414 1734 1502 1774 sore
1515 1763 1528 1786 ,
1547 1735 1596 1774 ‘si
1636 1735 1778 1789 propi-

310 1806 415 1845 tium
443 1817 594 1843 numen
624 1804 774 1857 coeptis
802 1804 901 1842 meis
930 1802 1125 1856 adspiret,
1154 1809 1201 1840 ut
1232 1807 1400 1840 exeunte
1418 1800 1583 1841 biennio
1603 1801 1776 1841 alterum

248 1910 250 1913 ,
308 1884 477 1925 quoque
505 1869 716 1921 volumen,
749 1869 956 1922 aliquanto
1003 1869 1181 1921 spissim,
1209 1881 1334 1921 quam
1361 1866 1441 1906 hoc
1468 1875 1545 1920 est,
1575 1867 1778 1922 futurum,

312 1939 356 1976 in
385 1937 600 1976 doctorum
628 1935 842 1974 hominum
870 1949 1015 1974 manus
1045 1934 1198 1973 veniat.

424 2001 462 2057 §.
492 2001 536 2041 6.
605 2000 850 2041 Admonitio
892 1999 952 2039 de'
985 1999 1143 2040 tabulis
1176 1999 1322 2038 aeneis
1346 1998 1515 2054 primae
1540 2000 1666 2055 parti
1693 2001 1776 2040 hu-

318 2069 385 2107 ius
413 2068 555 2121 operis
583 2068 768 2107 insertis.
826 2067 876 2106 In
916 2068 1049 2120 primo
1094 2065 1189 2105 folio
1237 2065 1381 2104 Graeci
1409 2066 1542 2119 operis
1565 2064 1779 2107 curaverat

315 2133 371 2173 cl.
400 2134 592 2173 menms
619 2141 711 2173 tum
738 2134 932 2188 temporis
951 2163 962 2185 ,
993 2146 1121 2187 quum
1149 2131 1192 2171 id
1221 2133 1330 2187 typis
1362 2131 1626 2172 excuderetur
1642 2163 1655 2184 ,
1698 2135 1778 2173 tria

314 2214 446 2239 vacua
482 2201 611 2254 spatia
649 2214 724 2254 pro
765 2200 936 2239 totidem
969 2198 1119 2238 tabulis
1147 2199 1283 2238 aeneis
1310 2198 1484 2252 relinqui
1500 2227 1512 2250 ,
1543 2213 1618 2253 per
1645 2201 1776 2239 otium

315 2265 550 2320 aliquando,
579 2274 619 2306 et
644 2266 807 2321 quando
835 2266 992 2306 luberet
1020 2280 1044 2304 a
1072 2264 1368 2320 chalcographo
1396 2263 1635 2319 supplenda.
1669 2265 1780 2305 Ante

300 2347 432 2387 vero,
461 2347 584 2387 quam
622 2335 726 2374 serio
766 2333 844 2373 hac
871 2333 922 2372 de
948 2347 993 2372 re
1021 2334 1214 2387 cogitaret
1229 2362 1241 2383 ,
1273 2331 1403 2371 fatum
1442 2345 1537 2371 eum
1563 2332 1777 2372 avocabat.

317 2400 458 2452 Quum
495 2402 632 2454 itaque
669 2402 871 2454 integrum
908 2400 1011 2439 mihi
1049 2406 1152 2439 esset
1179 2413 1254 2453 pro
1280 2397 1412 2438 lubitu
1439 2405 1480 2437 et
1508 2397 1657 2438 iudicio
1687 2412 1779 2438 meo

315 2468 512 2521 imagines
544 2468 657 2521 operi
687 2467 852 2519 addere,
882 2468 924 2506 in
954 2468 1042 2520 ipso
1074 2467 1325 2520 frontispicio
1353 2465 1548 2505 collocavi
1579 2466 1779 2520 egregiam

316 2533 355 2571 N
358 2534 538 2588 icephori
582 2535 817 2574 Botoniatae
856 2535 1088 2588 imaginem,
1129 2547 1174 2573 ex
1203 2533 1494 2572 Montfauconii
1531 2531 1780 2572 Bibliotheca

318 2599 567 2641 Coisliniana
594 2601 864 2656 depromtam,
895 2609 1109 2655 propterea
1139 2602 1313 2639 maxime
1331 2629 1342 2649 ,
1370 2599 1480 2653 quod
1509 2612 1595 2638 rem
1623 2599 1770 2638 vestia-

320 2668 422 2707 riam
450 2668 765 2721 Byzantinorum
805 2669 894 2708 aevi
935 2668 1075 2720 medii,
1124 2667 1302 2722 profecto
1344 2666 1631 2720 perobscuram
1674 2671 1713 2703 et
1753 2678 1779 2702 a
