1832 3112
260 89 336 147 66
547 107 908 150 CONSTANTINI
949 108 1434 153 PORPHYROGENITI

259 215 343 264 λεΐ,
394 209 416 253 ὃ
449 210 496 252 δὲ
530 209 731 264 βασιλεύς
763 211 1004 266 ἐξέρχεται,
1051 214 1126 255 καί
1161 213 1484 270 δηριγευόμενος
1514 211 1598 255 ὕπὸ
1628 214 1713 257 τῶν

216 282 250 318 ’Β
261 279 571 333 προειρημένων
588 310 602 330 ,
652 275 838 318 τουτέστι
898 277 982 319 τῶν
1032 277 1253 334 ἀρχόντων
1299 281 1377 322 τοῦ
1418 281 1712 334 κουβουκλείου
1736 279 1741 286 ’

259 343 487 398 πατρικίων
517 357 563 383 τε
589 343 663 383 καί
687 343 952 397 στρατηγῶν,
978 342 1087 396 μετὰ
1115 346 1188 387 καί
1209 346 1285 401 τῆς
1320 344 1551 401 συγκλήτου
1581 345 1714 401 ἀπέρ-

258 424 397 463 χεται,
421 406 495 449 καί
518 409 685 449 ἵσταται
709 408 754 449 ἐν
781 409 838 464 τῷ
859 409 978 467 δεξιῷ
1006 411 1127 464 μέρει
1148 413 1224 452 τοῦ
1246 412 1580 467 θυσιαστηρίου,
1608 412 1714 453 ἐπα-

263 475 503 528 κουμβίζων
542 474 601 531 τῷ
629 474 838 532 καγκέλλῳ
870 475 915 516 ἐν
948 476 1007 533 τῷ
1037 471 1262 534 ἀντιμισίῳ
1291 479 1365 533 τῆς
1395 475 1600 532 πλαγίας,
1641 475 1739 527 καί5

259 543 391 583 ἐκεῖσε
423 538 595 582 δίδωσιν
614 538 638 580 ὅ
665 537 865 593 βασιλεύς
883 538 1047 596 ἀγάπην
1074 543 1132 598 τῷ
1163 557 1209 584 τε
1239 540 1478 600 πατριάρχῃ
1503 557 1713 598 μητροπο-

259 605 397 655 λίταίς
422 620 466 647 τε
489 606 563 648 καί
583 603 826 655 ἐπισκόποις
835 639 847 659 ,
877 601 1067 661 ἄρχοι-σι’
1084 622 1130 648 τε
1161 608 1237 662 τῆς
1258 607 1487 664 ἐκκλησίας,
1514 607 1587 650 καὶ
1606 609 1714 650 πᾶσι

261 677 350 722 τοῖς
375 673 418 722 ἐξ
446 670 600 726 ἔθους,
628 670 702 714 καί
724 669 808 715 εἶθ’
839 669 971 722 οὕτως
997 673 1359 729 προσκυνήσαντες
1384 674 1591 729 ἀλλήλους
1608 669 1644 727 ὅ,
1666 687 1713 715 τε

260 736 461 793 βασιλεὺς
489 737 564 780 καί
583 736 603 780 ὃ
626 740 912 794 πατριάρχης,
942 741 1188 795 κατέρχεται
1211 739 1232 782 ὁ
1266 738 1465 794 βασιλεὺς
1495 741 1567 782 καί
1594 741 1713 782 ἵστα-

261 820 358 858 ται,
403 803 508 846 ἔνθα
535 803 719 846 εἴθισται
747 800 879 847 αὖτὸν
919 802 1085 846 διδόναι
1114 803 1190 861 τήν
1219 804 1385 861 ἀγάπην
1411 809 1510 848 καθ’
1534 803 1767 861 ἓκάστηνιο

261 865 523 926 προέλευσιν.
579 870 652 911 καί
683 870 944 926 εἰσέρχονται
982 870 1027 911 ἐν
1066 868 1133 912 ἑνί
1167 870 1280 929 βήλῳ
1317 870 1551 928 μα’γιστροί
1570 886 1614 914 τε
1641 869 1716 913 καί

261 936 472 991 πατρίκιοι
510 935 582 978 καί
608 935 862 992 στρατηγοί,
910 935 1019 990 μετά
1061 939 1134 978 καί
1172 938 1452 992 δὀμεστίκων,
1497 937 1572 980 καὶ
1597 935 1635 979 οἱ
1661 935 1715 980 τὰ

228 1002 408 1057 Οπριότα
447 997 629 1058 ὀφφίκια
668 1001 916 1055 κατέχοντες
945 1001 1162 1059 δήμαρχοί
1183 1018 1230 1044 τε
1256 1004 1331 1044 καί
1353 1001 1376 1046 ὅ
1406 1005 1481 1058 τῆς
1506 1001 1715 1045 καταστά-

261 1084 378 1120 σεως,
409 1063 588 1117 ἅπαντες
607 1069 654 1109 δὲ
683 1065 721 1108 οἱ
750 1069 1042 1124 προειρημένοι
1062 1067 1348 1125 εἰσερχόμενοι
1371 1067 1477 1125 πρὸς
1495 1066 1544 1110 τὸ
1574 1065 1714 1110 ἀσπά-

85 1136 422 1182 Μὼ44-ᾶσασθαι
448 1131 516 1175 τὸν
545 1134 723 1187 βασιλέα
751 1135 1047 1189 προσκυνοῦσι,
1074 1132 1133 1190 μὴ
1163 1136 1380 1185 πίπτοντες
1408 1132 1479 1176 διά
1506 1131 1583 1189 τήν
1611 1129 1767 1176 ἀνά-15

267 1216 417 1243 στασιν
434 1234 448 1254 ,
488 1200 579 1241 ἀλλ’
604 1198 887 1255 ἀπερχόμενος
927 1200 1096 1250 ἕκαστος
1138 1198 1244 1242 κατὰ
1273 1199 1419 1254 τάξιν,
1459 1201 1610 1242 δίδωσι
1637 1197 1714 1255 τὴν

261 1264 426 1323 ἀγάπην
461 1269 520 1325 τῷ
557 1269 735 1320 βασιλεῖ.
805 1266 879 1309 καί
915 1264 999 1309 εἷθ’
1037 1265 1173 1316 οὕτως
1209 1264 1390 1317 ἅπαντες
1433 1268 1627 1318 ἵστανται
1667 1267 1714 1308 ἐν

260 1339 354 1383 ταῖς
378 1332 542 1383 τάξεσιν
571 1330 732 1386 αὐτῶν,
775 1335 848 1376 καί
886 1336 1192 1391 προσκυνοῦσιν
1231 1332 1465 1390 ἀμφότεροι
1508 1330 1714 1388 ἀλλήλους

262 1396 298 1454 ὅ,
313 1415 357 1442 τε
385 1397 584 1454 βασιλεὺς
611 1401 683 1442 καί
713 1398 734 1441 ὅ
765 1398 1052 1455 πατριάρχης,
1091 1398 1165 1441 καὶ
1190 1399 1421 1456 ἀπέρχεται
1459 1397 1483 1440 ὅ
1513 1394 1716 1453 βασιλεῦς

262 1467 309 1509 ἐν
337 1468 396 1524 τῷ
422 1467 685 1524 μητατωρίῳ.
742 1466 815 1508 καί
841 1467 915 1521 τῆς
941 1467 1064 1515 θείας
1091 1467 1310 1516 κοινωνίας
1337 1464 1598 1521 ἐγγιζούσης,
1626 1465 1767 1507 εἰσ-20

263 1535 434 1590 έρχεται
463 1531 484 1575 ὅ
506 1534 580 1588 τῆς
606 1531 901 1582 καταστάσεως
929 1533 1002 1575 καί
1028 1534 1153 1588 δηλοῖ
1174 1534 1232 1590 τῷ
1261 1533 1544 1589 πραιποσιῑτῳ,
1572 1530 1714 1572 κάκεῖ-

262 1615 333 1650 νος
355 1600 413 1658 τῷ
439 1602 628 1654 βασιλεῖ,
667 1596 688 1640 ὃ
720 1600 766 1642 δὲ
802 1597 1003 1654 βασιλεὺς
1042 1600 1256 1656 ἐξέρχεται
1292 1600 1368 1641 καί
1394 1595 1714 1654 ὃηριγευόμενος

261 1662 345 1707 nim}
374 1666 457 1708 τῶν
484 1666 797 1721 προειρημένων
830 1664 1020 1719 πάντων,
1064 1665 1295 1721 ἀπέρχεται
1333 1665 1406 1706 καί
1441 1665 1612 1706 ἵσταται
1637 1660 1715 1714 ἔμ-

263 1734 449 1789 προσθεν
485 1733 564 1774 τοῦ
601 1732 903 1788 θυσιαστηρίου
946 1734 991 1775 ἐν
1028 1733 1086 1789 τῷ
1113 1731 1316 1789 βασιλικῷ
1355 1730 1599 1788 ἀντιμισίῳ,
1641 1730 1716 1771 καί

358 1829 393 1864 8.
417 1826 438 1862 ὁ
456 1824 629 1908 fineval-6133
649 1827 704 1862 ed.
805 1840 855 1864 ια.
882 1828 1102 1874 κατέχοντες
1123 1825 1247 1862 Leich.
1274 1825 1446 1873 idemque
1471 1824 1573 1867 eod„
1603 1823 1716 1859 κατέ-

359 1885 480 1919 χοντα
507 1886 525 1908 e
554 1898 562 1907 .

266 1964 428 2006 indicat,
453 1965 516 2010 qui
543 1976 564 1998 a
588 1964 696 1999 dictis
723 1965 922 2006 ministris,
954 1965 1095 1999 scilicet
1119 1976 1139 1998 a
1163 1964 1357 2010 praesectis
1383 1963 1564 2003 cubiculi,
1599 1962 1715 2008 patri-

266 2013 352 2052 ciis,
379 2013 542 2056 strategis
571 2018 608 2044 et
632 2012 859 2046 senatoribus
886 2014 1062 2058 stipatus,
1089 2012 1296 2057 egreditur,
1322 2017 1360 2045 et
1395 2011 1435 2044 in
1459 2010 1586 2043 dextra
1607 2015 1712 2054 parte

266 2059 440 2099 sacrarii,
468 2059 636 2092 cancellis
662 2060 702 2092 in
728 2060 946 2093 antimensio
974 2059 1097 2092 lateris
1123 2058 1266 2103 obliqui
1302 2057 1483 2091 accumbit
1506 2066 1714 2101 sacramque

267 2116 404 2151 agapen
426 2105 668 2150 patriarchae,
692 2107 954 2151 metropolitis,
980 2106 1170 2151 episcopis,
1194 2105 1388 2150 praefectis
1417 2105 1591 2137 ecclesiae
1615 2108 1727 2139 cete-A
1758 2135 1761 2137 ,

266 2155 390 2198 risque
414 2163 479 2197 pro
504 2163 602 2185 more
627 2152 826 2186 distribuit.
874 2153 1016 2186 Deinde
1043 2158 1230 2198 postquam
1269 2153 1348 2197 ipse
1373 2157 1411 2184 et
1432 2149 1638 2196 patriarcha
1673 2159 1713 2182 se

267 2196 539 2233 invicem'flexo
564 2211 656 2244 genu
682 2200 905 2241 salutarunt,
939 2201 1136 2244 Imperator
1172 2198 1219 2231 ad
1242 2199 1385 2239 locum,
1419 2198 1484 2231 ubi
1511 2208 1647 2243 agapen
1671 2196 1712 2230 in

269 2247 437 2280 omnibus
463 2245 757 2291 processionibus
794 2246 1013 2281 distribuere
1039 2247 1153 2286 solet,
1191 2245 1278 2279 abit„
1329 2246 1433 2279 Tunc
1466 2246 1506 2277 in
1532 2256 1604 2277 uno
1628 2243 1729 2277 velo!

268 2293 451 2338 magistri,
481 2294 647 2338 patricii,
681 2294 854 2338 strategi,
885 2305 965 2327 cum
991 2293 1224 2332 domesticis,
1267 2293 1411 2338 iisque,
1447 2292 1511 2336 qui
1536 2290 1712 2335 supremis

270 2340 394 2374 officiis
430 2339 565 2374 admoti
602 2346 708 2380 sunt,
748 2339 930 2373 demarchi
965 2346 1002 2373 et
1038 2340 1334 2379 cerimoniarius,
1357 2339 1516 2376 ,intrant-
1577 2337 1713 2370 Omnes

270 2393 391 2425 autem
418 2387 463 2420 ad
488 2386 723 2422 osculandum
749 2388 1003 2432 Imperatorem
1027 2387 1191 2432 ingressi,
1217 2398 1292 2419 non
1320 2386 1359 2418 in
1385 2390 1515 2418 terram
1543 2394 1715 2429 procum-

268 2435 364 2469 bunt
386 2434 433 2468 ob
471 2434 744 2467 resurrectionis
768 2435 1000 2475 memoriam,
1035 2434 1100 2468 sed
1134 2433 1268 2477 singuli
1299 2432 1474 2466 abeuntes
1500 2429 1713 2476 Imperatori

270 2482 434 2516 osculum
458 2481 555 2526 pacis
580 2481 677 2514 dant.
727 2481 878 2514 Posthac
902 2493 1026 2516 omnes
1051 2482 1091 2514 in
1120 2481 1209 2514 locis
1235 2480 1308 2512 suis
1334 2479 1489 2519 adstant,
1513 2478 1731 2522 Imperator,

271 2534 309 2562 et
332 2527 535 2573 patriarcha
559 2533 684 2561 mutua
708 2527 781 2561 sibi
806 2529 927 2561 oscula
954 2528 1065 2572 dant;
1097 2538 1181 2561 mox
1205 2527 1269 2559 ille
1294 2526 1332 2559 in
1355 2524 1589 2559 metatoriam
1623 2522 1712 2556 abit.

268 2574 595 2620 Appropinquante
630 2586 727 2608 sacra
770 2577 1021 2609 communione
1040 2600 1050 2616 ‚
1104 2574 1377 2608 cerimoniarius
1420 2571 1629 2617 praeposito
1673 2567 1714 2602 id

269 2624 500 2657 nuntiaturus
525 2622 658 2662 intrat,
692 2622 722 2654 is
745 2622 1000 2666 Imperatorem
1031 2626 1155 2655 monet
1171 2646 1181 2662 ,
1206 2621 1269 2666 qui
1295 2631 1315 2653 a
1342 2618 1535 2665 praedictis
1559 2617 1713 2660 stipatus

269 2669 370 2710 abit,
405 2675 442 2704 et
467 2675 550 2703 ante
578 2669 772 2703 sacrarium
807 2669 846 2701 in
871 2671 1089 2702 antimensio
1125 2667 1362 2712 Imperatorio
1394 2665 1561 2699 subsistit
1584 2673 1713 2708 preca-

270 2721 402 2763 tusque
427 2716 638 2758 adscendit,
672 2720 710 2750 et
733 2727 753 2749 e
777 2715 1003 2762 patriarchae
1028 2727 1135 2750 manu
1162 2726 1295 2748 sacram
1323 2713 1638 2751 communionem,
1671 2710 1713 2742 ut

1808 2122 1832 2529 *²*T2‘.·1**'.‘„it'am';'e..›.i..·.31r·a‘k»..-A‘k-
1812 1541 1832 2104 ffls-22QQM1ss
1826 1467 1832 1519 -
1828 1434 1832 1452 -.
