1884 3112
271 134 378 189 292
537 131 896 176 CONSTANTINI
945 129 1429 183 PORPHYROGENITI

264 251 334 278 ται
362 235 493 277 ἐκεῖσε
520 236 565 277 ἓν
590 239 682 283 ταῖς
710 233 851 275 αὑτῶν
877 230 1039 282 τάξεσι·
1094 233 1355 288 τελεσθείσης
1379 234 1426 275 δὲ
1452 235 1526 288 τῆς
1554 235 1709 291 φωνῆς,

265 298 485 343 ἀνίσταται
514 300 534 340 ὁ
563 297 787 353 βασιλεὺς,
830 299 903 340 καί
930 298 1055 340 αὐλεῖ
1076 296 1123 340 τὸ
1155 293 1351 353 ὄργανον,
1391 301 1465 342 καί
1491 300 1657 341 ἵσταται
1686 296 1711 340 ὅ

265 365 463 421 βασιλεύς
492 361 667 407 ὄπισθεν
703 367 779 406 τοῦ
808 366 1008 417 σέντζου,
1058 363 1131 406 καί
1168 362 1301 407 ὄπίσω
1345 367 1481 407 αιῖτοῦ
1521 367 1711 407 ἵστανται

264 435 460 486 εὐνοῦχοι
489 429 863 486 πρωτοσπαθάριοι
891 430 1167 486 ἦλλαγμένοι,
1209 433 1281 472 καί
1307 429 1547 486 ἔμπροσθεν
1575 427 1710 472 αὐτοῦ

264 499 454 540 ἵστανται
490 493 687 554 ἄρχοντες
722 499 796 539 τοῦ
823 496 1114 550 κουβουκλείου
1154 494 1274 539 ἔνθεν
1303 494 1467 538 κάκεῖσε
1494 493 1599 551 μετὰ
1627 501 1737 544 ποι-5

263 565 433 622 τρικίων
460 581 504 607 τε
529 563 602 606 καὶ
628 565 870 620 στρατηγῶν
896 565 1024 619 μέχρι
1051 564 1122 618 τῆς
1149 563 1396 618 εἰσαγούσης
1420 562 1554 618 πύλης
1582 565 1627 605 ἐν
1653 565 1709 621 τῷ

260 632 617 688 χρυσοτρικλίνῳ.
686 632 757 672 καί
784 628 927 685 λαβὼν
970 631 1102 683 νεῦμα
1132 630 1153 673 ὃ
1184 628 1454 686 πραιπὸσιτος
1491 628 1604 684 παρὰ
1635 628 1712 671 τοῦ

262 700 481 752 βασιλέως,
507 699 655 746 δίδωσι
675 699 807 750 νεῦμα
835 695 1163 755 κουβικουλαρίῳ
1184 698 1240 754 τῷ
1260 695 1500 755 φωνοβόλῳ,
1523 693 1710 745 κάκεῖνος

222 762 532 821 οπαρακύψας,
561 761 674 807 νεύει
701 765 746 805 ἐκ
773 765 912 820 τρίτου
943 765 1000 820 τῷ
1020 765 1105 820 λαῷ
1123 760 1192 804 διὰ
1221 766 1294 818 τῆς
1310 761 1466 819 χειρὸς,
1493 761 1565 804 καί
1585 761 1711 804 παύει

261 829 310 873 τὸ
335 825 522 887 ὄργανον,
555 829 634 873 σὺν
666 829 779 888 αὐτῷ
801 830 874 871 καί
898 829 935 871 οἱ
960 830 1038 871 τοῦ
1062 830 1230 884 μέρους,
1253 829 1325 871 καί
1345 825 1365 870 ὅ
1387 826 1620 886 φωνοβόλος
1643 828 1765 871 λέ-ιο

258 912 335 952 γει·
365 897 417 950 ,,ὄ
447 896 763 949 παντοδύναμος
788 898 860 938 καί
879 897 1095 945 πολυέλεος
1119 896 1250 945 Θεὸς”
1271 897 1342 937 καί
1353 896 1404 937 τὰ
1418 893 1524 952 ἑξῆς.
1552 893 1626 936 καί
1644 909 1712 935 τε-

260 964 458 1012 λέσαντος
487 958 630 1015 αὐτοῦ,
661 958 864 1018 ἄρχονται
891 961 928 1003 οἱ
958 964 1031 1004 τοῦ
1057 963 1213 1018 μέρους
1241 963 1455 1004 αἰτεῖσθαι
1481 958 1558 1011 τὰς
1583 960 1712 1016 συνή-

261 1032 354 1080 θεις
382 1030 592 1084 τέσσαρας
620 1027 815 1084 αἰτήσεις,
844 1030 916 1071 καί
940 1027 1098 1071 τούτων
1125 1031 1255 1084 πέρας
1282 1027 1526 1085 εἰληφότων,
1555 1026 1666 1070 νεύει
1688 1026 1711 1070 ὅ

258 1093 461 1149 βασιλευς
486 1096 544 1152 τῷ
567 1096 839 1153 πραιποσίτῳ,
860 1091 1042 1145 κᾶκεῐνος
1060 1096 1118 1153 τῷ
1139 1095 1378 1152 φωνοβόλῳ,
1401 1090 1588 1144 κάκεῖνος
1610 1110 1712 1136 συν-

260 1161 422 1204 τίθεται
451 1159 521 1202 du>
549 1163 620 1216 τῆς
644 1158 811 1216 χειρὸς,
849 1162 895 1203 ἐκ
923 1160 1067 1216 τρίτου
1094 1164 1216 1203 τοῦτο
1243 1163 1372 1203 τελῶν
1400 1163 1498 1201 καθ’
1530 1157 1765 1214 ἓκάστηνι5

262 1227 454 1284 αἴτησιν,
498 1226 555 1276 ὥς
584 1227 776 1283 ἀνωτέρω
806 1225 978 1283 εἴρηται.
1039 1228 1128 1284 (H.)
1158 1223 1258 1269 Εἶθ’
1285 1224 1418 1276 οὕτως
1446 1227 1660 1282 διέρχεται
1688 1220 1711 1266 ὅ

262 1294 461 1348 βασιλεὺς
490 1292 559 1335 διὰ
589 1295 665 1336 τοῦ
693 1292 828 1335 αὐτοῦ
857 1295 1054 1349 ἡλιακοῦ,
1096 1293 1411 1350 δηριγευόμενος
1446 1290 1529 1334 ὑπό
1558 1308 1603 1333 τε
1629 1292 1712 1334 τῶν

266 1361 484 1415 ἀρχόντων
509 1361 584 1402 τοῦ
611 1359 917 1412 κουβουκλείου,
946 1359 1175 1416 πατρικίων
1198 1376 1244 1401 τε
1271 1358 1343 1400 καί
1360 1360 1612 1414 στρατηγῶν,
1640 1359 1715 1400 καί

220 1427 499 1481 Βεῖσέρχεται
528 1427 574 1467 ἐν
599 1427 671 1483 τῷ
684 1425 1036 1483 χρυσοτρικλίνῳ,
1078 1424 1149 1467 καί
1175 1426 1346 1468 ἵσταται
1374 1424 1612 1481 ἔμπροσθεν
1638 1422 1713 1466 τοῦ

269 1494 462 1545 σέντζου,
506 1490 543 1534 οἱ
573 1493 619 1534 δὲ
657 1494 948 1548 προειρημένοι
984 1491 1134 1541 πάντες
1161 1493 1350 1534 ἵστανται
1387 1490 1510 1534 ἔνθεν
1535 1487 1769 1532 accinctos-20

271 1557 344 1600 καὶ
371 1556 511 1612 λαβών
539 1560 674 1611 νεῦμα
704 1556 727 1599 ὅ
756 1556 1023 1614 πραιπόσιτος
1059 1555 1176 1613 παρὰ
1218 1559 1290 1600 τοῦ
1327 1559 1555 1611 βασιλέως,
1603 1556 1714 1610 λέγει

269 1622 567 1678 ,,κελεύσατε·”
626 1623 665 1665 οἱ
694 1626 741 1666 δὲ
780 1623 1082 1680 ὑπερεύχονται
1118 1622 1188 1666 τὸν
1215 1626 1392 1678 βασιλέα
1417 1624 1509 1677 ,,εἰς
1536 1619 1715 1671 πολλοὺς

268 1689 490 1744 χρόνους,”
517 1691 591 1732 καί
616 1692 868 1747 ἐξέρχονται.
896 1694 974 1732 τοῦ
1002 1692 1047 1733 δὲ
1074 1692 1277 1743 βασιλέως
1305 1689 1577 1741 εἰσελθόντος,
1605 1693 1716 1741 λαμ-

69 1755 393 1810 Με.ι33.1)βάνει
421 1754 442 1798 ὃ
472 1757 744 1813 πραιπόσιτος
771 1755 818 1799 τὸ
850 1759 1015 1811 στέμμα
1040 1754 1120 1799 ἀπὸ
1147 1758 1220 1813 τῆς
1247 1758 1431 1812 κεφαλῆς
1459 1751 1615 1807 αὐτοῦ,
1643 1751 1717 1795 καὶ

268 1820 526 1873 εἰσελθόντες
567 1821 606 1865 οἱ
641 1821 884 1881 βεστὴτορες
911 1822 1175 1879 λαμβάνουσι
1202 1825 1274 1865 καί
1300 1823 1425 1865 adron*
1448 1820 1522 1877 τὴν
1546 1819 1767 1876 χλαμύ-25

271 1971 414 2000 cantum
450 1969 649 2013 Imperator
673 1970 807 2016 surgit,
845 1981 1013 2016 organum
1043 1970 1225 2015 pulsatur,
1262 1969 1463 2014 Imperator
1486 1978 1582 2012 pone
1606 1964 1714 2000 thro-

270 2024 356 2046 num
373 2039 382 2053 ‚
414 2026 434 2047 a
458 2021 557 2060 tergo
583 2018 660 2050 eius
686 2016 842 2054 eunuchi
869 2017 1148 2062 protospatharii
1172 2016 1211 2049 in
1236 2015 1452 2056 mutatoriis,
1485 2019 1568 2047 ante
1594 2013 1711 2057 ipsum

270 2061 447 2105 praefecti
501 2062 669 2097 cubiculo
720 2064 763 2097 ab
805 2069 960 2109 utroque
999 2065 1113 2097 latere
1154 2074 1236 2095 cum
1279 2062 1440 2107 patriciis
1477 2066 1515 2094 et
1546 2060 1712 2104 strategis

271 2105 318 2140 ad
343 2113 482 2151 portam
505 2121 618 2155 usque
643 2111 682 2143 in
711 2121 857 2144 aureum
880 2111 1078 2143 triclinium
1095 2109 1287 2142 ducentem
1315 2113 1422 2142 stant.
1470 2107 1713 2151 Praepositus,

271 2154 372 2197 siguo
398 2153 443 2186 ab
475 2156 692 2200 Imperatore
716 2163 884 2201 accepto,
922 2156 1181 2190 cubicularium
1207 2160 1478 2200 praecentorem
1502 2159 1645 2193 monet,
1681 2153 1712 2186 is

270 2201 491 2244 prospiciens
516 2208 572 2235 ter
595 2214 701 2236 manu
727 2204 862 2248 popuio
889 2205 1029 2243 annuit,
1054 2213 1260 2248 organoque
1289 2207 1325 2234 et
1348 2200 1572 2234 factionariis
1597 2200 1714 2233 silen-

270 2246 392 2287 tibus,
425 2249 563 2292 precari
588 2250 738 2295 incipit:
776 2252 1009 2296 Omnipotens
1033 2258 1067 2284 et
1100 2247 1206 2284 dives
1240 2246 1496 2283 misericordia
1519 2248 1619 2282 Deus
1643 2252 1714 2284 etc.

271 2293 354 2339 Quo
381 2295 508 2336 finito,
542 2296 753 2331 factionarii.
781 2303 936 2344 quatuor
960 2297 1124 2331 solennes
1143 2296 1344 2340 ,petitiones
1369 2295 1587 2335 instituunt,
1622 2304 1716 2339 qua·

270 2351 349 2375 rum
374 2347 415 2374 ut
440 2341 523 2376 data
548 2343 652 2388 copia
670 2350 735 2384 est,
758 2345 954 2389 Imperator
978 2344 1180 2389 praeposito
1195 2369 1205 2385 ,
1232 2341 1293 2375 hic
1317 2343 1544 2386 praecentori
1567 2341 1715 2381 annuit,

269 2388 300 2420 is
319 2398 434 2433 ,mauu
458 2394 514 2423 ter
537 2391 688 2431 annuit,
726 2391 837 2438 idque
871 2391 918 2424 ad
946 2391 1101 2436 singulas
1134 2390 1381 2435 precatione8‚
1417 2394 1458 2421 ut
1481 2399 1588 2433 supra
1614 2387 1713 2421 dixi-

269 2445 368 2476 mus,
405 2438 549 2481 repetit.
597 2437 750 2479 (VIII.)
781 2439 839 2472 Sic
861 2439 1056 2483 Imperator
1078 2449 1143 2483 per
1178 2435 1275 2469 idem
1313 2436 1483 2469 solarium
1509 2435 1710 2481 digressus,

269 2482 462 2525 praefectis
486 2484 669 2525 cubiculi,
706 2485 885 2530 patriciis,
919 2485 1078 2530 strategis
1105 2483 1386 2524 comitantibus,
1421 2493 1571 2516 aureum
1594 2481 1713 2515 triclie

269 2529 372 2562 nium
397 2531 618 2576 ingreditur,
651 2537 688 2565 et
713 2537 796 2565 ante
822 2531 992 2565 thronum
1016 2532 1199 2571 subsistit,
1232 2531 1270 2563 in
1296 2536 1450 2576 utroque
1475 2530 1552 2563 eius
1578 2528 1713 2568 latere,

269 2587 362 2621 quos
387 2577 564 2619 diximus,
588 2589 763 2623 proceres.
811 2579 1036 2624 praepositus
1060 2584 1104 2612 ut
1126 2577 1171 2611 ab
1197 2578 1414 2621 Imperatore
1440 2577 1580 2622 signum
1606 2584 1708 2608 acce-

267 2623 343 2667 pit,
383 2623 494 2660 dicit:
531 2626 675 2667 Ιιιόειος
711 2625 751 2659 hi
777 2626 988 2671 Imperatori
1012 2631 1174 2669 tempora
1202 2625 1316 2658 multa
1340 2622 1544 2669 apprecafi,
1580 2621 1700 2655 disee-

269 2668 371 2703 dunt.
422 2672 639 2717 Imperatore
663 2673 821 2718 ingresso
836 2697 846 2714 ,
885 2674 1107 2718 praepositus
1133 2683 1301 2705 coronam
1325 2670 1370 2704 ab
1399 2671 1476 2704 eius
1501 2668 1620 2715 capite
1644 2666 1711 2700 de-

269 2716 357 2760 mit,
380 2719 570 2755 vestitores
592 2721 756 2756 tunicam
775 2726 924 2755 sumunt
947 2725 984 2755 et
1008 2718 1256 2766 egrediuntur:
1283 2718 1369 2760 ille,
1394 2718 1424 2751 si
1451 2716 1593 2762 placet,
1619 2720 1709 2760 prb*
