1884 3112
327 180 399 223 DE
437 170 698 224 CERIMON.
738 176 917 219 AULAE
953 176 1178 219 BYzAN'r.
1221 179 1253 217 1.
1283 180 1351 222 tu.
1453 176 1564 229 209

132 298 276 328 νουσιν
294 277 427 339 αὖτῆν
446 281 488 324 οἷ
504 281 636 334 adrat,
666 279 739 323 καὶ
755 279 881 322 πάλιν
901 283 1018 321 ποιεῖ
1026 278 1157 335 εὔχὴν
1181 279 1255 322 ἐπὶ
1271 278 1346 321 τοῦ
1374 279 1563 331 neupa-

130 365 204 399 τος
219 347 294 392 καὶ
309 349 393 391 τόν
415 347 759 404 πρεπενδουλίων,
783 346 857 387 καί
879 340 946 387 ὅτε
965 343 1162 401 πληρώσῃ
1182 343 1258 399 τήν
1278 339 1327 386 εὖ
1328 342 1410 399 χὴν
1436 340 1460 384 ὅ
1482 353 1627 388 not-Ed.
1640 355 1676 388 L.
1696 356 1758 390 123

128 407 346 472 τριάρχης,
360 413 580 455 ἐπιδίδωσι
601 409 648 454 τὸ
670 412 836 464 στέμμα
856 414 943 459 τοῖς
964 408 1194 462 δεσπόταις,
1217 410 1291 452 καί
1307 408 1346 451 οἱ
1366 406 1566 452 δεσπόται

129 480 390 524 ἐπιτιθέασιν
414 473 516 521 αὖτὸ
540 477 599 528 εἷς
617 475 695 533 τὴν
713 474 896 532 κεφαλὴν
924 476 997 531 τῆς
1024 473 1272 530 αὖγούστης.
1298 473 1450 529 ὁμοίως
1472 475 1566 517 ἐπι-

101 547 302 594 &ravum
318 545 343 590 ὅ
361 544 620 603 πατριάρχης
639 546 712 587 καί
729 542 781 586 τὰ
806 542 1106 600 πρεπενδούλια
1126 545 1212 590 τοῖς
1234 538 1464 593 δεσπόταις,
1494 538 1568 582 καὶ

128 615 337 671 κρεμῶσιν
372 609 485 655 αὐτοὶ
515 609 555 653 οἶ
582 607 781 653 δεσπόται
821 609 868 651 ἐν
894 609 954 667 τῷ
980 609 1189 661 στέμματι
1215 608 1291 662 τῆς
1317 604 1559 662 αὖγοὺστης,
1573 612 1702 658 Ms.95.
1716 622 1739 645 a

130 680 204 722 καί
227 678 390 727 εὐθέως
417 678 651 733 εἰσέρχεται
679 673 702 716 ὅ
729 672 990 730 πατριάρχης
1025 673 1085 722 εἰς
1110 670 1182 715 τὸν
1210 668 1330 727 ἅγιον
1353 674 1570 728 Στέφανον

130 742 204 788 καὶ
222 742 262 786 οἶ
285 745 499 787 ἐπίσκοποι
523 740 596 784 καί
615 739 663 783 τὸ
683 741 877 796 σέκρετον
900 741 978 781 τοῦ
999 737 1280 794 πατριάρχου,
1308 737 1382 780 καὶ
1406 737 1571 780 τίθεται

132 812 294 855 σελλίον
321 803 422 851 ἄλλο
449 808 556 866 λόγῳ
583 809 658 863 τῆς
684 806 940 860 αὖγούστης,
966 803 1040 846 καὶ
1064 802 1225 852 εὔθέως
1252 804 1501 854 καθέζονται
1529 802 1571 844 οῖ

85 875 338 920 ιοδεσπόται
374 873 449 916 καὶ
484 874 510 930 ἦ
540 873 768 928 αὖγοῦστα.
822 872 895 912 καί
918 871 1022 923 μετὰ
1053 869 1171 912 τοῦτο
1196 867 1432 923 εἰσάγονται
1451 867 1568 923 παρὰ

133 944 211 986 τοῦ
239 943 314 997 τῆς
340 940 637 989 καταστάσεως
667 936 840 989 πάντες,
868 937 1202 991 προσκυνοῦντες
1227 933 1279 977 τοὶ
1308 932 1462 988 γόνατα
1487 935 1571 975 τῶν

133 1007 345 1050 δεσποτῶν
373 1006 446 1048 καί
468 1007 542 1061 τῆς
570 1003 825 1059 αὕγούστης,
859 1004 935 1044 καί
958 1000 1065 1055 μετὰ
1089 998 1137 1042 τὸ
1158 1001 1446 1056 προσκυνῆσαι
1462 995 1572 1040 πάν-

84 1112 86 1114 ,
132 1088 207 1122 τας
230 1074 307 1116 τοῦ
331 1072 547 1127 σεκρέτου,
588 1071 779 1112 ἵστανται
805 1069 880 1111 καί
910 1066 951 1110 οῖ
980 1067 1273 1122 σιλεντιάριοι,
1310 1063 1384 1107 καί
1408 1064 1562 1119 εἰσάγει
1576 1078 1603 1111 Β

133 1134 291 1187 αὕτοῦς
315 1135 339 1179 ὅ
367 1133 651 1192 τοποτηρητὴς
677 1135 738 1194 τῷ
755 1134 905 1190 κόμητι
927 1135 1011 1176 τῶν
1031 1128 1309 1187 ἇδμησιόνων,
1335 1129 1411 1173 καὶ
1437 1145 1570 1186 προσ-

81 1200 305 1246 ιὸκννοῦσι
331 1200 406 1248 καὶ
429 1202 626 1244 ἵστανται
651 1194 847 1253 ὄπισθεν,
897 1196 972 1241 καί
991 1203 1220 1254 προσκυνεῖ·
1238 1198 1314 1239 καί
1344 1195 1367 1238 ὃ
1397 1198 1471 1252 τῆς
1494 1212 1571 1237 κα-

127 1267 391 1322 ταστάσεως,
426 1269 501 1311 καὶ
523 1266 682 1316 εὐθέως
709 1266 915 1320 λαμβάνει
949 1266 1086 1318 νεῦμα
1113 1261 1230 1319 παρὰ
1251 1264 1336 1304 τῶν
1361 1262 1570 1304 δεσποτῶν

127 1335 151 1380 ὅ
175 1334 444 1392 πραιπόσιτος
476 1332 552 1376 καὶ
579 1332 689 1388 λέγει
724 1330 971 1386 »κελεύσατε
985 1331 1027 1383 ,''
1081 1329 1155 1371 καὶ
1183 1330 1422 1384 ἐξέρχονται
1445 1328 1570 1368 ἐπευ-

124 1400 316 1456 χόμενοι,
362 1398 437 1442 καὶ
468 1399 720 1456 α’πέρχονται
747 1396 788 1439 οἷ
835 1399 1044 1452 πατρίκιοι
1078 1396 1140 1444 εἰς
1161 1393 1206 1437 τὸ
1231 1393 1470 1445 ὄνοπόδιον,
1499 1391 1575 1433 καὶ

133 1467 173 1510 οἱ
199 1463 353 1509 ὕπατοι
380 1467 440 1515 εἷς
466 1463 540 1508 τὸν
565 1463 749 1520 πόρτηκα
775 1465 861 1505 τῶν
898 1461 953 1504 ι3·’
991 1460 1245 1515 ἆκουβίτων,
1283 1457 1356 1500 καὶ
1380 1458 1572 1500 ἵστανται

79 1531 427 1587 sonoram-cuiqam
453 1532 514 1580 εἷς
539 1529 586 1573 τὸ
606 1528 778 1584 σχιστὸν
803 1531 946 1584 βῆλον,
974 1526 1014 1569 οἶ
1042 1529 1089 1569 δὲ
1117 1525 1292 1580 κόμητες
1320 1525 1394 1565 καί
1415 1521 1453 1564 οἱ
1472 1538 1572 1564 xav-

134 1597 295 1640 διδάτοι
322 1601 395 1640 καί
429 1596 470 1639 οἶ
507 1598 740 1650 δομέστικοι
778 1594 852 1636 καί
887 1593 927 1636 οἷ
963 1593 1103 1636 λοιποὶ
1137 1589 1394 1646 ἀπέρχονται
1433 1590 1478 1631 ἐν
1513 1590 1573 1644 τῷ·

133 1661 423 1720 τριβουναλίῳ,
450 1661 525 1703 καί
547 1661 734 1703 ἵστανται
762 1659 997 1715 ἔμπροσθεν
1024 1658 1108 1700 τῶν
1136 1658 1308 1699 σκευῶν.
1362 1655 1434 1697 καί
1459 1655 1570 1703 ἔξελ-

134 1726 282 1777 θόντος
306 1729 383 1769 τοῦ
407 1728 598 1783 σεκρέτου
626 1723 709 1767 ἀπὸ
739 1725 815 1766 τοῦ
840 1724 1043 1780 πόρτηκος
1069 1723 1142 1765 τοῦ
1170 1721 1459 1775 αὔγουστέως,
1498 1715 1570 1759 εὗ-

135 1795 246 1845 θέως
271 1790 427 1847 εἰσάγει
453 1791 475 1834 ὅ
513 1793 585 1847 τῆς
611 1792 900 1839 καταστάσεως
935 1787 1042 1844 μετὰ
1077 1786 1152 1830 καί
1185 1783 1329 1844 ἑτέρου
1360 1789 1569 1829 σιλεντια-

224 1903 280 1949 ²4·
304 1904 369 1937 καὶ
385 1903 459 1938 τοῦ
478 1902 616 1939 oderr-
640 1902 697 1936 ed.

136 2006 258 2030 rursus
282 2007 391 2044 super
414 2006 544 2030 corona
565 1994 738 2041 vittisque
762 1997 944 2039 precatur,
969 1991 1154 2039 finitisque
1176 1983 1368 2037 precibus,
1399 1998 1567 2022 coronam

133 2043 300 2078 Dominis
322 2042 456 2084 tradit,
481 2044 545 2088 qui
569 2043 684 2088 ipsam
713 2042 823 2087 capiti
846 2041 1027 2086 Augustae
1051 2042 1252 2084 imponunt.
1299 2035 1435 2071 Eodem
1458 2035 1564 2068 modo

132 2091 337 2136 patriarcha
358 2089 446 2134 ipsis
469 2090 575 2124 vittas
599 2088 684 2130 dat,
717 2099 803 2134 quas
837 2098 989 2121 coronae
1012 2086 1188 2131 Augustae
1213 2083 1446 2130 appendunt,
1483 2093 1566 2114 mox

132 2137 336 2182 patriarcha
359 2136 394 2170 S.
420 2136 595 2182 Stephani
621 2134 748 2169 aedem
777 2146 850 2167 una
881 2145 961 2167 cum
985 2133 1162 2178 episcopis
1196 2138 1233 2166 et
1254 2135 1392 2165 secreto
1416 2141 1481 2163 suo
1506 2129 1564 2160 iu-

134 2187 219 2225 trat,
243 2184 335 2218 alius
358 2182 508 2216 thronus
533 2183 711 2228 Augustae
734 2182 895 2227 ponitur,
919 2181 1113 2226 statimque
1136 2179 1284 2212 Domini
1308 2188 1389 2211 cum
1411 2176 1566 2220 Augusta

136 2229 334 2264 consident.
372 2228 515 2263 Deinde
535 2240 671 2270 omnes,
698 2229 933 2273 Imperatores
959 2232 997 2260 et
1018 2227 1213 2271 Augustam
1238 2225 1434 2264 adoraturi,
1458 2234 1480 2255 a
1504 2232 1564 2254 ce-

137 2274 345 2311 rimoniario
371 2275 620 2316 adducuntur,
655 2280 694 2310 et
724 2279 913 2320 postquam
946 2278 1122 2307 secretum
1152 2272 1339 2312 adoravit,
1370 2267 1563 2305 silentiarii

137 2319 287 2364 adsunt,
314 2328 352 2356 et
375 2333 439 2367 per
461 2323 634 2356 vicarium
657 2320 703 2355 ad
730 2323 898 2355 comitem
922 2319 1181 2354 admissionum
1206 2318 1352 2352 adducti
1366 2343 1376 2359 ‚
1400 2316 1563 2353 adorant,

138 2365 272 2402 deinde
298 2376 319 2402 a
341 2373 440 2414 tergo
464 2368 630 2409 adstant,
666 2368 834 2413 magister
857 2367 1131 2401 cerimoniarum
1156 2365 1302 2407 adorat,
1338 2362 1565 2410 praepositus

137 2424 235 2453 vero,
260 2415 360 2460 siguo
385 2426 406 2448 a
429 2415 583 2449 Domino
609 2419 768 2458 accepto,
790 2413 898 2447 dicit:
924 2413 1059 2447 lubece-
1088 2413 1135 2446 Et
1158 2414 1209 2446 sic
1236 2412 1353 2445 fausta
1377 2411 1563 2455 precantes

138 2459 388 2505 egrediuntur,
411 2460 618 2508 abeuntque
640 2461 785 2507 patricii
814 2460 860 2493 ad
883 2458 1127 2504 onopodium‚
1152 2459 1315 2492 consules
1339 2457 1384 2490 ad
1408 2453 1566 2488 triclini-

137 2517 199 2539 um
223 2506 301 2540 xlx
327 2505 552 2542 accubituum
577 2514 615 2542 et
637 2513 720 2541 ante
744 2508 864 2540 fissum
887 2507 1027 2546 velum,
1067 2506 1215 2539 comites
1237 2516 1319 2538 vero
1334 2529 1342 2544 ,
1368 2498 1565 2537 candidati,

139 2551 326 2586 domestici
358 2564 398 2586 ac
434 2554 566 2599 reliqui
601 2555 640 2587 in
674 2554 850 2587 tribunali
884 2558 921 2586 et
943 2557 1028 2586 ante
1054 2563 1135 2585 vasa
1161 2552 1369 2585 consistunt.
1418 2547 1565 2590 Egresw

138 2603 259 2632 autem
283 2605 417 2633 secreto
442 2610 462 2632 e
486 2601 627 2645 porticu
651 2601 831 2645 augustei,
873 2598 1140 2632 cerimoniarius
1165 2604 1202 2631 et
1230 2598 1321 2630 alius
1345 2591 1566 2628 silentiarius

139 2645 262 2678 statim
284 2645 363 2679 vela
386 2644 585 2686 adducunt,
607 2646 759 2690 primam
783 2646 996 2679 senatoriam
1018 2655 1126 2678 manu
1153 2644 1346 2681 ducentes,
1372 2650 1480 2686 quam
1505 2647 1568 2669 1'0‘

137 2691 261 2738 liquae
287 2696 507 2738 sequuntur,
550 2703 666 2726 eoram
691 2692 823 2739 quibus
850 2692 1015 2725 ostiarius
1047 2702 1127 2727 cum
1158 2690 1267 2734 virgis
1300 2685 1486 2732 procedit,
1529 2687 1567 2716 et

137 2743 329 2786 postquam
350 2737 407 2773 his
431 2738 571 2784 signum
594 2737 720 2779 dedit,
755 2743 811 2772 ter
834 2737 1037 2784 procidunt.
1086 2737 1218 2772 Omnes
1242 2745 1325 2770 vero
1352 2744 1374 2768 a
1398 2730 1565 2767 silentia-

189 2806 447 2845 Constantinus
464 2807 637 2855 Porphyr.
658 2808 734 2847 Vol.
756 2807 784 2841 I.
1260 2799 1301 2848 ¹4
