<?xml version="1.0" encoding="UTF-8"?>
<!DOCTYPE html PUBLIC "-//W3C//DTD XHTML 1.0 Transitional//EN"
    "http://www.w3.org/TR/xhtml1/DTD/xhtml1-transitional.dtd">
<html xmlns="http://www.w3.org/1999/xhtml" xml:lang="en" lang="en">
 <head>
  <title>
</title>
<meta http-equiv="Content-Type" content="text/html;charset=utf-8" />
  <meta name='ocr-system' content='tesseract 3.04.00' />
  <meta name='ocr-capabilities' content='ocr_page ocr_carea ocr_par ocr_line ocrx_word'/>
</head>
<body>
  <div class='ocr_page' id='page_1' title='image "./corpusscriptorum07niebuoft_0070.png"; bbox 0 0 1832 3112; ppageno 0'>
   <div class='ocr_carea' id='block_1_1' title="bbox 262 83 1419 157">
    <p class='ocr_par' dir='ltr' id='par_1_1' title="bbox 262 83 1419 157">
     <span class='ocr_line' id='line_1_1' title="bbox 262 83 1419 157; baseline -0.01 -15"><span class='ocrx_word' id='word_1_1' title='bbox 262 83 301 148; x_wconf 77' lang='grc'>4</span> <span class='ocrx_word' id='word_1_2' title='bbox 535 94 890 157; x_wconf 72' lang='lat' dir='ltr'><strong>eoNsTAerm</strong></span> <span class='ocrx_word' id='word_1_3' title='bbox 941 91 1419 135; x_wconf 71' lang='lat' dir='ltr'><strong>Ponmwnoemm</strong></span> 
     </span>
    </p>
   </div>
   <div class='ocr_carea' id='block_1_2' title="bbox 114 186 1806 1678">
    <p class='ocr_par' dir='ltr' id='par_1_2' title="bbox 114 186 1806 1678">
     <span class='ocr_line' id='line_1_2' title="bbox 267 186 1696 255; baseline -0.008 -12"><span class='ocrx_word' id='word_1_4' title='bbox 267 197 576 255; x_wconf 71' lang='grc' dir='ltr'><em>ἀνατρεχούσης</em></span> <span class='ocrx_word' id='word_1_5' title='bbox 615 195 687 238; x_wconf 77' lang='grc' dir='ltr'><strong>καὶ</strong></span> <span class='ocrx_word' id='word_1_6' title='bbox 724 193 793 236; x_wconf 78' lang='grc' dir='ltr'><em>διιὶ</em></span> <span class='ocrx_word' id='word_1_7' title='bbox 825 194 944 236; x_wconf 81' lang='grc' dir='ltr'><em>τοῦτο</em></span> <span class='ocrx_word' id='word_1_8' title='bbox 965 195 1214 249; x_wconf 82' lang='grc' dir='ltr'><em>θαυμαστῆς</em></span> <span class='ocrx_word' id='word_1_9' title='bbox 1235 186 1362 247; x_wconf 65' lang='grc' dir='ltr'><em>οὔσης</em></span> <span class='ocrx_word' id='word_1_10' title='bbox 1382 189 1527 233; x_wconf 80' lang='grc' dir='ltr'><em>ἔθνεσί</em></span> <span class='ocrx_word' id='word_1_11' title='bbox 1546 207 1590 234; x_wconf 83' lang='grc' dir='ltr'><strong>τε</strong></span> <span class='ocrx_word' id='word_1_12' title='bbox 1623 191 1696 232; x_wconf 79' lang='grc' dir='ltr'><strong>καὶ</strong></span> 
     </span>
     <span class='ocr_line' id='line_1_3' title="bbox 251 254 1695 321; baseline -0.006 -14"><span class='ocrx_word' id='word_1_13' title='bbox 251 257 493 321; x_wconf 69' lang='grc' dir='ltr'><em>ἡμετέροις.</em></span> <span class='ocrx_word' id='word_1_14' title='bbox 548 260 677 302; x_wconf 78' lang='grc' dir='ltr'><em>πολλοὶ</em></span> <span class='ocrx_word' id='word_1_15' title='bbox 713 257 790 314; x_wconf 76' lang='grc' dir='ltr'><strong>γὰρ</strong></span> <span class='ocrx_word' id='word_1_16' title='bbox 829 254 916 300; x_wconf 82' lang='grc' dir='ltr'><em>οἶδε</em></span> <span class='ocrx_word' id='word_1_17' title='bbox 946 259 1002 314; x_wconf 78' lang='grc' dir='ltr'><strong>τῷ</strong></span> <span class='ocrx_word' id='word_1_18' title='bbox 1024 259 1170 315; x_wconf 76' lang='grc' dir='ltr'><em>μακρῷ</em></span> <span class='ocrx_word' id='word_1_19' title='bbox 1205 257 1342 314; x_wconf 76' lang='grc' dir='ltr'><em>χρόνῳ</em></span> <span class='ocrx_word' id='word_1_20' title='bbox 1378 254 1695 311; x_wconf 83' lang='grc' dir='ltr'><em>συναπολήγειν,</em></span> 
     </span>
     <span class='ocr_line' id='line_1_4' title="bbox 265 318 1695 383; baseline -0.008 -11"><span class='ocrx_word' id='word_1_21' title='bbox 265 330 323 379; x_wconf 75' lang='grc' dir='ltr'><em>ὥς</em></span> <span class='ocrx_word' id='word_1_22' title='bbox 349 331 394 371; x_wconf 79' lang='grc' dir='ltr'><em>ἐν</em></span> <span class='ocrx_word' id='word_1_23' title='bbox 433 327 547 383; x_wconf 75' lang='grc' dir='ltr'><em>αὐτῷ</em></span> <span class='ocrx_word' id='word_1_24' title='bbox 590 325 834 379; x_wconf 73' lang='grc' dir='ltr'><strong><em>πραχθέντα</em></strong></span> <span class='ocrx_word' id='word_1_25' title='bbox 880 321 952 363; x_wconf 86' lang='grc' dir='ltr'><strong><em>καί</em></strong></span> <span class='ocrx_word' id='word_1_26' title='bbox 978 321 1053 364; x_wconf 77' lang='grc' dir='ltr'><em>’ὕπ’</em></span> <span class='ocrx_word' id='word_1_27' title='bbox 1089 322 1220 364; x_wconf 73' lang='grc' dir='ltr'><em>αὐτοῦ</em></span> <span class='ocrx_word' id='word_1_28' title='bbox 1252 318 1550 373; x_wconf 77' lang='grc' dir='ltr'><em>δαπανώμενα,</em></span> <span class='ocrx_word' id='word_1_29' title='bbox 1593 323 1695 373; x_wconf 78' lang='grc' dir='ltr'><em>μεθ’</em></span> 
     </span>
     <span class='ocr_line' id='line_1_5' title="bbox 266 383 1692 443; baseline -0.007 -8"><span class='ocrx_word' id='word_1_30' title='bbox 266 389 327 435; x_wconf 78' lang='grc' dir='ltr'><em>ὧν</em></span> <span class='ocrx_word' id='word_1_31' title='bbox 357 394 429 434; x_wconf 84' lang='grc' dir='ltr'><em>καί</em></span> <span class='ocrx_word' id='word_1_32' title='bbox 458 389 502 433; x_wconf 80' lang='grc' dir='ltr'><strong>τὸ</strong></span> <span class='ocrx_word' id='word_1_33' title='bbox 532 391 642 443; x_wconf 88' lang='grc' dir='ltr'><em>μέγα</em></span> <span class='ocrx_word' id='word_1_34' title='bbox 673 389 818 442; x_wconf 76' lang='grc' dir='ltr'><em>χρῆμα</em></span> <span class='ocrx_word' id='word_1_35' title='bbox 849 388 920 428; x_wconf 82' lang='grc' dir='ltr'><em>καί</em></span> <span class='ocrx_word' id='word_1_36' title='bbox 951 390 1109 440; x_wconf 86' lang='grc' dir='ltr'><em>τίμιον,</em></span> <span class='ocrx_word' id='word_1_37' title='bbox 1152 386 1179 441; x_wconf 81' lang='grc' dir='ltr'><em>ἦ</em></span> <span class='ocrx_word' id='word_1_38' title='bbox 1202 386 1275 440; x_wconf 77' lang='grc' dir='ltr'><strong>τῆς</strong></span> <span class='ocrx_word' id='word_1_39' title='bbox 1301 384 1515 439; x_wconf 78' lang='grc' dir='ltr'><em>βασιλείου</em></span> <span class='ocrx_word' id='word_1_40' title='bbox 1539 383 1692 435; x_wconf 79' lang='grc' dir='ltr'><em>τάξεως</em></span> 
     </span>
     <span class='ocr_line' id='line_1_6' title="bbox 223 446 1717 507; baseline -0.005 -7"><span class='ocrx_word' id='word_1_41' title='bbox 223 467 250 500; x_wconf 90' lang='grc' dir='ltr'><strong>Β</strong></span> <span class='ocrx_word' id='word_1_42' title='bbox 264 456 427 506; x_wconf 84' lang='grc' dir='ltr'><em>ἔκθεσίς</em></span> <span class='ocrx_word' id='word_1_43' title='bbox 447 471 490 496; x_wconf 88' lang='grc' dir='ltr'><strong>τε</strong></span> <span class='ocrx_word' id='word_1_44' title='bbox 509 455 581 495; x_wconf 85' lang='grc' dir='ltr'><em>καί</em></span> <span class='ocrx_word' id='word_1_45' title='bbox 597 451 875 504; x_wconf 76' lang='grc' dir='ltr'><em>ὖποτύπωσις,</em></span> <span class='ocrx_word' id='word_1_46' title='bbox 902 446 952 506; x_wconf 80' lang='grc' dir='ltr'><em>ἧς</em></span> <span class='ocrx_word' id='word_1_47' title='bbox 975 449 1283 507; x_wconf 87' lang='grc' dir='ltr'><em>παροραθείσης</em></span> <span class='ocrx_word' id='word_1_48' title='bbox 1306 449 1401 503; x_wconf 83' lang='grc' dir='ltr'><strong>καί,</strong></span> <span class='ocrx_word' id='word_1_49' title='bbox 1430 446 1517 493; x_wconf 85' lang='grc' dir='ltr'><em>οἷον</em></span> <span class='ocrx_word' id='word_1_50' title='bbox 1547 451 1717 503; x_wconf 81' lang='grc' dir='ltr'><em>εἷπεῖν,5</em></span> 
     </span>
     <span class='ocr_line' id='line_1_7' title="bbox 263 511 1694 575; baseline -0.006 -11"><span class='ocrx_word' id='word_1_51' title='bbox 263 521 637 575; x_wconf 77' lang='grc' dir='ltr'><em>ἀπονεκρωθείσης,</em></span> <span class='ocrx_word' id='word_1_52' title='bbox 666 513 978 558; x_wconf 75' lang='grc' dir='ltr'><em>ἀκαλλώπιστον</em></span> <span class='ocrx_word' id='word_1_53' title='bbox 1003 518 1059 574; x_wconf 72' lang='grc' dir='ltr'><strong>τῷ</strong></span> <span class='ocrx_word' id='word_1_54' title='bbox 1085 511 1168 557; x_wconf 73' lang='grc' dir='ltr'><em>ὄντι</em></span> <span class='ocrx_word' id='word_1_55' title='bbox 1190 517 1262 557; x_wconf 80' lang='grc' dir='ltr'><em>καί</em></span> <span class='ocrx_word' id='word_1_56' title='bbox 1280 516 1451 570; x_wconf 74' lang='grc' dir='ltr'><em>δυσειδῆ</em></span> <span class='ocrx_word' id='word_1_57' title='bbox 1474 512 1550 570; x_wconf 72' lang='grc' dir='ltr'><strong>τήν</strong></span> <span class='ocrx_word' id='word_1_58' title='bbox 1569 517 1694 568; x_wconf 83' lang='grc' dir='ltr'><em>βασι-</em></span> 
     </span>
     <span class='ocr_line' id='line_1_8' title="bbox 262 577 1693 640; baseline -0.006 -13"><span class='ocrx_word' id='word_1_59' title='bbox 262 584 376 627; x_wconf 90' lang='grc' dir='ltr'><em>λείαν</em></span> <span class='ocrx_word' id='word_1_60' title='bbox 401 581 453 639; x_wconf 78' lang='grc' dir='ltr'><em>ἦν</em></span> <span class='ocrx_word' id='word_1_61' title='bbox 476 583 672 640; x_wconf 77' lang='grc' dir='ltr'><em>καθορᾷν.</em></span> <span class='ocrx_word' id='word_1_62' title='bbox 727 578 864 636; x_wconf 71' lang='grc' dir='ltr'><em>ὥσπερ</em></span> <span class='ocrx_word' id='word_1_63' title='bbox 899 579 980 637; x_wconf 78' lang='grc' dir='ltr'><strong>γὰρ</strong></span> <span class='ocrx_word' id='word_1_64' title='bbox 1022 579 1215 632; x_wconf 75' lang='grc' dir='ltr'><em>σώματος</em></span> <span class='ocrx_word' id='word_1_65' title='bbox 1233 577 1290 634; x_wconf 79' lang='grc' dir='ltr'><em>μὴ</em></span> <span class='ocrx_word' id='word_1_66' title='bbox 1312 579 1580 635; x_wconf 71' lang='grc' dir='ltr'><em>εὐσχημόνως</em></span> <span class='ocrx_word' id='word_1_67' title='bbox 1598 581 1693 620; x_wconf 82' lang='grc' dir='ltr'><em>δια-</em></span> 
     </span>
     <span class='ocr_line' id='line_1_9' title="bbox 220 642 1693 702; baseline -0.003 -12"><span class='ocrx_word' id='word_1_68' title='bbox 220 686 223 690; x_wconf 94' lang='grc'><em>.</em></span> <span class='ocrx_word' id='word_1_69' title='bbox 260 648 580 702; x_wconf 84' lang='grc' dir='ltr'><em>πεπλασμένου,</em></span> <span class='ocrx_word' id='word_1_70' title='bbox 609 645 714 688; x_wconf 75' lang='grc' dir='ltr'><em>ἀλλὰ</em></span> <span class='ocrx_word' id='word_1_71' title='bbox 748 644 913 702; x_wconf 78' lang='grc' dir='ltr'><em>φύρδην</em></span> <span class='ocrx_word' id='word_1_72' title='bbox 950 644 1024 687; x_wconf 78' lang='grc' dir='ltr'><strong>καὶ</strong></span> <span class='ocrx_word' id='word_1_73' title='bbox 1049 642 1122 686; x_wconf 73' lang='grc' dir='ltr'><em>οῦκ</em></span> <span class='ocrx_word' id='word_1_74' title='bbox 1154 642 1418 700; x_wconf 75' lang='grc' dir='ltr'><em>εὖαρμόότως</em></span> <span class='ocrx_word' id='word_1_75' title='bbox 1443 646 1527 686; x_wconf 79' lang='grc' dir='ltr'><strong>τῶν</strong></span> <span class='ocrx_word' id='word_1_76' title='bbox 1555 643 1693 696; x_wconf 77' lang='grc' dir='ltr'><em>μελῶν</em></span> 
     </span>
     <span class='ocr_line' id='line_1_10' title="bbox 265 706 1691 771; baseline -0.005 -16"><span class='ocrx_word' id='word_1_77' title='bbox 265 709 380 771; x_wconf 70' lang='grc' dir='ltr'><em>αὐτῷ</em></span> <span class='ocrx_word' id='word_1_78' title='bbox 413 713 710 767; x_wconf 78' lang='grc' dir='ltr'><em>συγκειμένων,</em></span> <span class='ocrx_word' id='word_1_79' title='bbox 760 710 933 761; x_wconf 78' lang='grc' dir='ltr'><em>ἀταξίαν</em></span> <span class='ocrx_word' id='word_1_80' title='bbox 973 706 1025 752; x_wconf 73' lang='grc' dir='ltr'><em>ἄν</em></span> <span class='ocrx_word' id='word_1_81' title='bbox 1060 725 1124 758; x_wconf 90' lang='grc' dir='ltr'><strong>τις</strong></span> <span class='ocrx_word' id='word_1_82' title='bbox 1162 708 1207 750; x_wconf 85' lang='grc' dir='ltr'><strong>τὸ</strong></span> <span class='ocrx_word' id='word_1_83' title='bbox 1245 708 1431 751; x_wconf 81' lang='grc' dir='ltr'><em>τοιοῦτον</em></span> <span class='ocrx_word' id='word_1_84' title='bbox 1459 707 1691 766; x_wconf 77' lang='grc' dir='ltr'><em>προσείποι,</em></span> 
     </span>
     <span class='ocr_line' id='line_1_11' title="bbox 229 771 1743 829; baseline -0.004 -10"><span class='ocrx_word' id='word_1_85' title='bbox 229 774 377 823; x_wconf 73' lang='grc' dir='ltr'><em>(ζοῧτω</em></span> <span class='ocrx_word' id='word_1_86' title='bbox 401 779 473 818; x_wconf 84' lang='grc' dir='ltr'><em>καί</em></span> <span class='ocrx_word' id='word_1_87' title='bbox 491 776 568 817; x_wconf 78' lang='grc' dir='ltr'><strong>τοῦ</strong></span> <span class='ocrx_word' id='word_1_88' title='bbox 590 776 810 829; x_wconf 79' lang='grc' dir='ltr'><em>βασιλικοῦ</em></span> <span class='ocrx_word' id='word_1_89' title='bbox 840 773 1134 827; x_wconf 83' lang='grc' dir='ltr'><em>πολιτεύματος</em></span> <span class='ocrx_word' id='word_1_90' title='bbox 1157 773 1215 828; x_wconf 77' lang='grc' dir='ltr'><em>μὴ</em></span> <span class='ocrx_word' id='word_1_91' title='bbox 1240 774 1353 823; x_wconf 80' lang='grc' dir='ltr'><em>τάξει</em></span> <span class='ocrx_word' id='word_1_92' title='bbox 1387 772 1590 828; x_wconf 68' lang='grc' dir='ltr'><em>ἀγομένου</em></span> <span class='ocrx_word' id='word_1_93' title='bbox 1617 771 1690 814; x_wconf 78' lang='grc' dir='ltr'><em>καί</em></span> <span class='ocrx_word' id='word_1_94' title='bbox 1696 787 1743 813; x_wconf 84' lang='grc' dir='ltr'><strong>ιο</strong></span> 
     </span>
     <span class='ocr_line' id='line_1_12' title="bbox 264 833 1692 896; baseline -0.005 -11"><span class='ocrx_word' id='word_1_95' title='bbox 264 841 602 896; x_wconf 83' lang='grc' dir='ltr'><em>κυβερνωμένου,</em></span> <span class='ocrx_word' id='word_1_96' title='bbox 629 844 716 882; x_wconf 85' lang='grc' dir='ltr'><em>κατ’</em></span> <span class='ocrx_word' id='word_1_97' title='bbox 754 839 877 882; x_wconf 72' lang='grc' dir='ltr'><em>οῦδὲν</em></span> <span class='ocrx_word' id='word_1_98' title='bbox 907 841 1055 882; x_wconf 89' lang='grc' dir='ltr'><em>διοίσει</em></span> <span class='ocrx_word' id='word_1_99' title='bbox 1086 841 1158 894; x_wconf 81' lang='grc' dir='ltr'><strong>τῆς</strong></span> <span class='ocrx_word' id='word_1_100' title='bbox 1189 839 1400 894; x_wconf 78' lang='grc' dir='ltr'><em>ἰδιωτικῆς</em></span> <span class='ocrx_word' id='word_1_101' title='bbox 1418 838 1491 880; x_wconf 77' lang='grc' dir='ltr'><strong>καὶ</strong></span> <span class='ocrx_word' id='word_1_102' title='bbox 1525 833 1692 879; x_wconf 83' lang='grc' dir='ltr'><em>ἆνελευ-</em></span> 
     </span>
     <span class='ocr_line' id='line_1_13' title="bbox 261 899 1692 962; baseline -0.003 -14"><span class='ocrx_word' id='word_1_103' title='bbox 261 910 392 962; x_wconf 91' lang='grc' dir='ltr'><em>θέρου</em></span> <span class='ocrx_word' id='word_1_104' title='bbox 437 906 655 959; x_wconf 77' lang='grc' dir='ltr'><em>διαγωγῆς.</em></span> <span class='ocrx_word' id='word_1_105' title='bbox 709 905 761 946; x_wconf 79' lang='grc' dir='ltr'><em>ἵν’</em></span> <span class='ocrx_word' id='word_1_106' title='bbox 805 899 878 946; x_wconf 77' lang='grc' dir='ltr'><em>οὖν</em></span> <span class='ocrx_word' id='word_1_107' title='bbox 910 903 969 959; x_wconf 78' lang='grc' dir='ltr'><em>μὴ</em></span> <span class='ocrx_word' id='word_1_108' title='bbox 1001 906 1122 946; x_wconf 85' lang='grc' dir='ltr'><em>τοῦτο</em></span> <span class='ocrx_word' id='word_1_109' title='bbox 1161 905 1328 958; x_wconf 87' lang='grc' dir='ltr'><em>γένηται</em></span> <span class='ocrx_word' id='word_1_110' title='bbox 1387 904 1460 944; x_wconf 79' lang='grc' dir='ltr'><em>καί</em></span> <span class='ocrx_word' id='word_1_111' title='bbox 1509 901 1692 955; x_wconf 81' lang='grc' dir='ltr'><em>δόξωμεν</em></span> 
     </span>
     <span class='ocr_line' id='line_1_14' title="bbox 263 965 1690 1025; baseline -0.003 -13"><span class='ocrx_word' id='word_1_112' title='bbox 263 968 448 1018; x_wconf 77' lang='grc' dir='ltr'><em>ἀτάκτως</em></span> <span class='ocrx_word' id='word_1_113' title='bbox 473 967 719 1025; x_wconf 85' lang='grc' dir='ltr'><em>φερόμενοι,</em></span> <span class='ocrx_word' id='word_1_114' title='bbox 747 966 822 1024; x_wconf 81' lang='grc' dir='ltr'><strong>τὴν</strong></span> <span class='ocrx_word' id='word_1_115' title='bbox 841 969 1059 1024; x_wconf 71' lang='grc' dir='ltr'><em>βασιλικὴν</em></span> <span class='ocrx_word' id='word_1_116' title='bbox 1078 969 1351 1023; x_wconf 76' lang='grc' dir='ltr'><em>καθυβρίζειν</em></span> <span class='ocrx_word' id='word_1_117' title='bbox 1379 965 1690 1021; x_wconf 85' lang='grc' dir='ltr'><em>μεγαλειότητα,</em></span> 
     </span>
     <span class='ocr_line' id='line_1_15' title="bbox 262 1030 1692 1092; baseline -0.002 -15"><span class='ocrx_word' id='word_1_118' title='bbox 262 1037 349 1077; x_wconf 79' lang='grc' dir='ltr'><em>δεῖν</em></span> <span class='ocrx_word' id='word_1_119' title='bbox 373 1035 567 1092; x_wconf 74' lang='grc' dir='ltr'><em>ᾠήθημεν</em></span> <span class='ocrx_word' id='word_1_120' title='bbox 577 1067 591 1087; x_wconf 83' lang='lat'>‚</span> <span class='ocrx_word' id='word_1_121' title='bbox 619 1030 694 1075; x_wconf 78' lang='grc' dir='ltr'><strong>ὅσα</strong></span> <span class='ocrx_word' id='word_1_122' title='bbox 715 1049 760 1075; x_wconf 87' lang='grc' dir='ltr'><strong>τε</strong></span> <span class='ocrx_word' id='word_1_123' title='bbox 794 1033 909 1090; x_wconf 85' lang='grc' dir='ltr'><em>παρὰ</em></span> <span class='ocrx_word' id='word_1_124' title='bbox 930 1035 1010 1075; x_wconf 79' lang='grc' dir='ltr'><strong>τῶν</strong></span> <span class='ocrx_word' id='word_1_125' title='bbox 1042 1033 1326 1089; x_wconf 84' lang='grc' dir='ltr'><em>παλαιοτέρων</em></span> <span class='ocrx_word' id='word_1_126' title='bbox 1370 1034 1583 1089; x_wconf 80' lang='grc' dir='ltr'><em>ἑφευρέθη</em></span> <span class='ocrx_word' id='word_1_127' title='bbox 1618 1031 1692 1074; x_wconf 82' lang='grc' dir='ltr'><strong><em>καί</em></strong></span> 
     </span>
     <span class='ocr_line' id='line_1_16' title="bbox 261 1095 1806 1157; baseline -0.001 -16"><span class='ocrx_word' id='word_1_128' title='bbox 261 1098 375 1157; x_wconf 70' lang='grc' dir='ltr'><em>παρὰ</em></span> <span class='ocrx_word' id='word_1_129' title='bbox 402 1101 485 1142; x_wconf 75' lang='grc' dir='ltr'><strong>τῶν</strong></span> <span class='ocrx_word' id='word_1_130' title='bbox 525 1095 767 1155; x_wconf 72' lang='grc' dir='ltr'><em>ἑωρακότων</em></span> <span class='ocrx_word' id='word_1_131' title='bbox 810 1099 1029 1154; x_wconf 75' lang='grc' dir='ltr'><em>διηγγέλθη</em></span> <span class='ocrx_word' id='word_1_132' title='bbox 1058 1100 1128 1141; x_wconf 82' lang='grc' dir='ltr'><em>καί</em></span> <span class='ocrx_word' id='word_1_133' title='bbox 1149 1100 1245 1155; x_wconf 88' lang='grc' dir='ltr'><em>παρ’</em></span> <span class='ocrx_word' id='word_1_134' title='bbox 1268 1098 1388 1154; x_wconf 73' lang='grc' dir='ltr'><em>ἡμῶν</em></span> <span class='ocrx_word' id='word_1_135' title='bbox 1413 1095 1551 1140; x_wconf 76' lang='grc' dir='ltr'><em>αῧτῶν</em></span> <span class='ocrx_word' id='word_1_136' title='bbox 1570 1098 1744 1140; x_wconf 59' lang='lat' dir='ltr'><strong>§.ind-15</strong></span> <span class='ocrx_word' id='word_1_137' title='bbox 1800 1107 1806 1121; x_wconf 73' lang='lat'><em>³</em></span> 
     </span>
     <span class='ocr_line' id='line_1_17' title="bbox 220 1161 1692 1221; baseline -0.001 -16"><span class='ocrx_word' id='word_1_138' title='bbox 220 1169 321 1221; x_wconf 81' lang='grc' dir='ltr'><strong>Βθη</strong></span> <span class='ocrx_word' id='word_1_139' title='bbox 355 1166 429 1206; x_wconf 85' lang='grc' dir='ltr'>καί</span> <span class='ocrx_word' id='word_1_140' title='bbox 469 1165 515 1206; x_wconf 80' lang='grc' dir='ltr'><em>ἐν</em></span> <span class='ocrx_word' id='word_1_141' title='bbox 553 1161 652 1218; x_wconf 78' lang='grc' dir='ltr'><em>ἡμῖν</em></span> <span class='ocrx_word' id='word_1_142' title='bbox 684 1162 913 1219; x_wconf 77' lang='grc' dir='ltr'><em>ἐνηργήθη,</em></span> <span class='ocrx_word' id='word_1_143' title='bbox 955 1166 1090 1205; x_wconf 82' lang='grc' dir='ltr'><em>ταῦτα</em></span> <span class='ocrx_word' id='word_1_144' title='bbox 1118 1161 1319 1221; x_wconf 75' lang='grc' dir='ltr'><em>φιλοπόνῳ</em></span> <span class='ocrx_word' id='word_1_145' title='bbox 1349 1165 1498 1220; x_wconf 79' lang='grc' dir='ltr'><em>μελέτῃ</em></span> <span class='ocrx_word' id='word_1_146' title='bbox 1522 1164 1568 1204; x_wconf 75' lang='grc' dir='ltr'><em>ἐκ</em></span> <span class='ocrx_word' id='word_1_147' title='bbox 1591 1167 1692 1205; x_wconf 86' lang='grc' dir='ltr'><em>πολ-</em></span> 
     </span>
     <span class='ocr_line' id='line_1_18' title="bbox 262 1227 1692 1285; baseline -0.001 -13"><span class='ocrx_word' id='word_1_148' title='bbox 262 1232 346 1272; x_wconf 78' lang='grc' dir='ltr'><strong>λῶν</strong></span> <span class='ocrx_word' id='word_1_149' title='bbox 379 1230 657 1284; x_wconf 77' lang='grc' dir='ltr'><em>ἐρανίσασθαι</em></span> <span class='ocrx_word' id='word_1_150' title='bbox 701 1228 773 1270; x_wconf 76' lang='grc' dir='ltr'><strong>καὶ</strong></span> <span class='ocrx_word' id='word_1_151' title='bbox 813 1227 917 1285; x_wconf 81' lang='grc' dir='ltr'><em>πρὸς</em></span> <span class='ocrx_word' id='word_1_152' title='bbox 949 1228 1198 1271; x_wconf 77' lang='grc' dir='ltr'><em>εὐσύνοπτον</em></span> <span class='ocrx_word' id='word_1_153' title='bbox 1238 1228 1474 1284; x_wconf 77' lang='grc' dir='ltr'><em>κατάληψιν</em></span> <span class='ocrx_word' id='word_1_154' title='bbox 1506 1228 1564 1285; x_wconf 77' lang='grc' dir='ltr'><strong>τῷ</strong></span> <span class='ocrx_word' id='word_1_155' title='bbox 1610 1245 1692 1271; x_wconf 84' lang='grc' dir='ltr'><strong>πα-</strong></span> 
     </span>
     <span class='ocr_line' id='line_1_19' title="bbox 264 1292 1692 1351; baseline -0.001 -15"><span class='ocrx_word' id='word_1_156' title='bbox 264 1294 383 1351; x_wconf 89' lang='grc' dir='ltr'><em>ρόντι</em></span> <span class='ocrx_word' id='word_1_157' title='bbox 413 1295 617 1336; x_wconf 74' lang='grc' dir='ltr'><em>ἐκθέσθαι</em></span> <span class='ocrx_word' id='word_1_158' title='bbox 644 1292 992 1349; x_wconf 82' lang='grc' dir='ltr'><em>φιλοτεχνήματι,</em></span> <span class='ocrx_word' id='word_1_159' title='bbox 1021 1294 1093 1336; x_wconf 82' lang='grc' dir='ltr'><strong><em>καί</em></strong></span> <span class='ocrx_word' id='word_1_160' title='bbox 1113 1293 1296 1350; x_wconf 89' lang='grc' dir='ltr'><em>πατρίων</em></span> <span class='ocrx_word' id='word_1_161' title='bbox 1331 1295 1441 1335; x_wconf 75' lang='grc' dir='ltr'><em>ἐθῶν</em></span> <span class='ocrx_word' id='word_1_162' title='bbox 1469 1308 1692 1349; x_wconf 87' lang='grc' dir='ltr'><em>παρεωρα-</em></span> 
     </span>
     <span class='ocr_line' id='line_1_20' title="bbox 114 1354 1690 1416; baseline -0.003 -11"><span class='ocrx_word' id='word_1_163' title='bbox 114 1369 184 1405; x_wconf 83' lang='lat' dir='ltr'><strong>Ms.</strong></span> <span class='ocrx_word' id='word_1_164' title='bbox 204 1371 265 1404; x_wconf 86' lang='lat' dir='ltr'><strong>fol.</strong></span> <span class='ocrx_word' id='word_1_165' title='bbox 275 1361 410 1412; x_wconf 88' lang='grc' dir='ltr'><em>μένων</em></span> <span class='ocrx_word' id='word_1_166' title='bbox 442 1356 672 1414; x_wconf 85' lang='grc' dir='ltr'><em>παράδοσιν</em></span> <span class='ocrx_word' id='word_1_167' title='bbox 702 1364 788 1409; x_wconf 84' lang='grc' dir='ltr'><em>τοῖς</em></span> <span class='ocrx_word' id='word_1_168' title='bbox 823 1362 920 1412; x_wconf 78' lang='grc' dir='ltr'><em>μεθ’</em></span> <span class='ocrx_word' id='word_1_169' title='bbox 947 1359 1056 1414; x_wconf 78' lang='grc' dir='ltr'><em>ἡμᾶς</em></span> <span class='ocrx_word' id='word_1_170' title='bbox 1089 1357 1419 1416; x_wconf 67' lang='grc' dir='ltr'><em>ἐνσημήνασθαι,</em></span> <span class='ocrx_word' id='word_1_171' title='bbox 1448 1359 1521 1400; x_wconf 81' lang='grc' dir='ltr'><em>καί</em></span> <span class='ocrx_word' id='word_1_172' title='bbox 1550 1354 1690 1414; x_wconf 69' lang='grc' dir='ltr'><em>ὥσπέρ</em></span> 
     </span>
     <span class='ocr_line' id='line_1_21' title="bbox 169 1418 1742 1480; baseline -0.001 -14"><span class='ocrx_word' id='word_1_173' title='bbox 169 1429 361 1466; x_wconf 67' lang='lat' dir='ltr'><strong>2²·a‘twa</strong></span> <span class='ocrx_word' id='word_1_174' title='bbox 397 1418 507 1478; x_wconf 70' lang='grc' dir='ltr'><em>ἄνθη</em></span> <span class='ocrx_word' id='word_1_175' title='bbox 535 1424 580 1464; x_wconf 77' lang='grc' dir='ltr'><em>ἐκ</em></span> <span class='ocrx_word' id='word_1_176' title='bbox 611 1422 822 1477; x_wconf 74' lang='grc' dir='ltr'><em>λειμώνων</em></span> <span class='ocrx_word' id='word_1_177' title='bbox 851 1426 1141 1480; x_wconf 83' lang='grc' dir='ltr'><em>δρεψαμένους</em></span> <span class='ocrx_word' id='word_1_178' title='bbox 1172 1426 1232 1472; x_wconf 81' lang='grc' dir='ltr'><strong>εἰς</strong></span> <span class='ocrx_word' id='word_1_179' title='bbox 1267 1420 1508 1479; x_wconf 71' lang='grc' dir='ltr'><em>ἀσύγκριτον</em></span> <span class='ocrx_word' id='word_1_180' title='bbox 1538 1420 1742 1479; x_wconf 66' lang='grc' dir='ltr'><em>εὖπρέ-αο</em></span> 
     </span>
     <span class='ocr_line' id='line_1_22' title="bbox 269 1485 1692 1546; baseline 0 -16"><span class='ocrx_word' id='word_1_181' title='bbox 269 1505 390 1530; x_wconf 88' lang='grc' dir='ltr'><em>πειαν</em></span> <span class='ocrx_word' id='word_1_182' title='bbox 412 1490 464 1545; x_wconf 82' lang='grc' dir='ltr'><strong>τῇ</strong></span> <span class='ocrx_word' id='word_1_183' title='bbox 491 1492 687 1546; x_wconf 84' lang='grc' dir='ltr'><em>βασιλικῇ</em></span> <span class='ocrx_word' id='word_1_184' title='bbox 712 1490 982 1546; x_wconf 81' lang='grc' dir='ltr'><em>παραθέσθαι</em></span> <span class='ocrx_word' id='word_1_185' title='bbox 1010 1487 1287 1544; x_wconf 86' lang='grc' dir='ltr'><em>λαμπρότητι,</em></span> <span class='ocrx_word' id='word_1_186' title='bbox 1323 1490 1396 1530; x_wconf 80' lang='grc' dir='ltr'><em>καί</em></span> <span class='ocrx_word' id='word_1_187' title='bbox 1420 1485 1508 1531; x_wconf 82' lang='grc' dir='ltr'><em>οἷόν</em></span> <span class='ocrx_word' id='word_1_188' title='bbox 1538 1505 1579 1530; x_wconf 90' lang='grc' dir='ltr'><strong>τι</strong></span> <span class='ocrx_word' id='word_1_189' title='bbox 1615 1486 1692 1530; x_wconf 83' lang='grc' dir='ltr'><em>κοί-</em></span> 
     </span>
     <span class='ocr_line' id='line_1_23' title="bbox 271 1550 1691 1609; baseline -0.002 -13"><span class='ocrx_word' id='word_1_190' title='bbox 271 1569 449 1609; x_wconf 85' lang='grc' dir='ltr'><em>τοπτρον</em></span> <span class='ocrx_word' id='word_1_191' title='bbox 487 1555 654 1608; x_wconf 83' lang='grc' dir='ltr'><em>διαυγὲς</em></span> <span class='ocrx_word' id='word_1_192' title='bbox 684 1556 756 1596; x_wconf 82' lang='grc' dir='ltr'><strong><em>καί</em></strong></span> <span class='ocrx_word' id='word_1_193' title='bbox 789 1551 1036 1609; x_wconf 87' lang='grc' dir='ltr'><em>νεόσμηκτον</em></span> <span class='ocrx_word' id='word_1_194' title='bbox 1073 1556 1117 1596; x_wconf 82' lang='grc' dir='ltr'><strong>έν</strong></span> <span class='ocrx_word' id='word_1_195' title='bbox 1146 1555 1288 1607; x_wconf 87' lang='grc' dir='ltr'><em>μέσοις</em></span> <span class='ocrx_word' id='word_1_196' title='bbox 1327 1559 1414 1602; x_wconf 79' lang='grc' dir='ltr'><em>τοῖς</em></span> <span class='ocrx_word' id='word_1_197' title='bbox 1448 1550 1691 1608; x_wconf 70' lang='grc' dir='ltr'><em>ἀνακτόροις</em></span> 
     </span>
     <span class='ocr_line' id='line_1_24' title="bbox 114 1613 1686 1678; baseline 0.001 -19"><span class='ocrx_word' id='word_1_198' title='bbox 114 1624 179 1662; x_wconf 84' lang='lat' dir='ltr'><strong>Ed.</strong></span> <span class='ocrx_word' id='word_1_199' title='bbox 189 1617 521 1675; x_wconf 65' lang='grc' dir='ltr'><em>1,.3ἱδρὺσασθαι</em></span> <span class='ocrx_word' id='word_1_200' title='bbox 529 1654 543 1673; x_wconf 87' lang='grc'><em>,</em></span> <span class='ocrx_word' id='word_1_201' title='bbox 571 1621 615 1661; x_wconf 81' lang='grc' dir='ltr'><em>ἐν</em></span> <span class='ocrx_word' id='word_1_202' title='bbox 639 1613 674 1678; x_wconf 77' lang='grc' dir='ltr'><em>ᾦ</em></span> <span class='ocrx_word' id='word_1_203' title='bbox 695 1618 768 1662; x_wconf 84' lang='grc' dir='ltr'><em>καί</em></span> <span class='ocrx_word' id='word_1_204' title='bbox 785 1617 836 1661; x_wconf 80' lang='grc' dir='ltr'><strong>τὰ</strong></span> <span class='ocrx_word' id='word_1_205' title='bbox 858 1621 908 1676; x_wconf 83' lang='grc' dir='ltr'><strong>τῇ</strong></span> <span class='ocrx_word' id='word_1_206' title='bbox 942 1621 1135 1677; x_wconf 73' lang='grc' dir='ltr'><em>βασιλείῳ</em></span> <span class='ocrx_word' id='word_1_207' title='bbox 1161 1614 1271 1675; x_wconf 74' lang='grc' dir='ltr'><em>ἀρχῇ</em></span> <span class='ocrx_word' id='word_1_208' title='bbox 1294 1619 1503 1676; x_wconf 85' lang='grc' dir='ltr'><em>πρέποντα</em></span> <span class='ocrx_word' id='word_1_209' title='bbox 1541 1617 1615 1660; x_wconf 82' lang='grc' dir='ltr'><strong><em>καί</em></strong></span> <span class='ocrx_word' id='word_1_210' title='bbox 1634 1618 1686 1661; x_wconf 74' lang='grc' dir='ltr'><strong>τὰ</strong></span> 
     </span>
    </p>
   </div>
   <div class='ocr_carea' id='block_1_3' title="bbox 357 1717 577 1754">
    <p class='ocr_par' dir='ltr' id='par_1_3' title="bbox 357 1717 577 1754">
     <span class='ocr_line' id='line_1_25' title="bbox 357 1717 577 1754; baseline -0.005 0"><span class='ocrx_word' id='word_1_211' title='bbox 357 1730 388 1754; x_wconf 81' lang='lat'><strong>2.</strong></span> <span class='ocrx_word' id='word_1_212' title='bbox 414 1717 499 1752; x_wconf 80' lang='grc' dir='ltr'><em>οἴδα</em></span> <span class='ocrx_word' id='word_1_213' title='bbox 523 1719 577 1753; x_wconf 88' lang='lat' dir='ltr'><strong>ed.</strong></span> 
     </span>
    </p>
   </div>
   <div class='ocr_carea' id='block_1_4' title="bbox 266 1822 1728 2698">
    <p class='ocr_par' dir='ltr' id='par_1_4' title="bbox 266 1822 1728 2698">
     <span class='ocr_line' id='line_1_26' title="bbox 268 1822 1690 1870; baseline -0.003 -11"><span class='ocrx_word' id='word_1_214' title='bbox 268 1826 350 1859; x_wconf 84' lang='lat' dir='ltr'><strong>stris</strong></span> <span class='ocrx_word' id='word_1_215' title='bbox 392 1824 528 1858; x_wconf 84' lang='lat' dir='ltr'><strong>civibus</strong></span> <span class='ocrx_word' id='word_1_216' title='bbox 566 1824 795 1859; x_wconf 78' lang='lat' dir='ltr'><strong>admirationi</strong></span> <span class='ocrx_word' id='word_1_217' title='bbox 832 1829 894 1859; x_wconf 81' lang='lat' dir='ltr'><strong>est.</strong></span> <span class='ocrx_word' id='word_1_218' title='bbox 954 1825 1069 1859; x_wconf 87' lang='lat' dir='ltr'><strong>Multa</strong></span> <span class='ocrx_word' id='word_1_219' title='bbox 1118 1825 1218 1859; x_wconf 88' lang='lat' dir='ltr'><strong>enim</strong></span> <span class='ocrx_word' id='word_1_220' title='bbox 1261 1824 1447 1858; x_wconf 78' lang='lat' dir='ltr'><strong>observata</strong></span> <span class='ocrx_word' id='word_1_221' title='bbox 1480 1822 1690 1870; x_wconf 83' lang='lat' dir='ltr'><strong>aliquando,</strong></span> 
     </span>
     <span class='ocr_line' id='line_1_27' title="bbox 266 1870 1689 1916; baseline -0.001 -12"><span class='ocrx_word' id='word_1_222' title='bbox 266 1872 373 1916; x_wconf 86' lang='lat' dir='ltr'><strong>longo</strong></span> <span class='ocrx_word' id='word_1_223' title='bbox 400 1877 559 1915; x_wconf 86' lang='lat' dir='ltr'><strong>tempore</strong></span> <span class='ocrx_word' id='word_1_224' title='bbox 591 1872 749 1912; x_wconf 86' lang='lat' dir='ltr'><strong>abolita,</strong></span> <span class='ocrx_word' id='word_1_225' title='bbox 783 1871 934 1905; x_wconf 89' lang='lat' dir='ltr'><strong>deficere</strong></span> <span class='ocrx_word' id='word_1_226' title='bbox 951 1873 1067 1905; x_wconf 88' lang='lat' dir='ltr'><strong>solent</strong></span> <span class='ocrx_word' id='word_1_227' title='bbox 1082 1895 1092 1911; x_wconf 89' lang='lat'>‚</span> <span class='ocrx_word' id='word_1_228' title='bbox 1123 1882 1279 1916; x_wconf 86' lang='lat' dir='ltr'><strong>cumque</strong></span> <span class='ocrx_word' id='word_1_229' title='bbox 1303 1870 1359 1903; x_wconf 88' lang='lat' dir='ltr'><strong>his</strong></span> <span class='ocrx_word' id='word_1_230' title='bbox 1375 1882 1538 1915; x_wconf 84' lang='lat' dir='ltr'><strong>magnum</strong></span> <span class='ocrx_word' id='word_1_231' title='bbox 1566 1875 1602 1903; x_wconf 84' lang='lat' dir='ltr'><strong>et</strong></span> <span class='ocrx_word' id='word_1_232' title='bbox 1625 1880 1689 1903; x_wconf 84' lang='lat' dir='ltr'><strong>ve-</strong></span> 
     </span>
     <span class='ocr_line' id='line_1_28' title="bbox 266 1915 1689 1962; baseline -0.002 -11"><span class='ocrx_word' id='word_1_233' title='bbox 266 1917 466 1951; x_wconf 78' lang='lat' dir='ltr'><strong>nerandum</strong></span> <span class='ocrx_word' id='word_1_234' title='bbox 491 1928 603 1960; x_wconf 78' lang='lat' dir='ltr'><strong>opus,</strong></span> <span class='ocrx_word' id='word_1_235' title='bbox 637 1919 946 1962; x_wconf 77' lang='lat' dir='ltr'><strong>Imperatoriarum</strong></span> <span class='ocrx_word' id='word_1_236' title='bbox 979 1918 1246 1950; x_wconf 85' lang='lat' dir='ltr'><strong>cerimoniarum</strong></span> <span class='ocrx_word' id='word_1_237' title='bbox 1277 1915 1468 1961; x_wconf 75' lang='lat' dir='ltr'><strong>descriptio</strong></span> <span class='ocrx_word' id='word_1_238' title='bbox 1505 1921 1542 1949; x_wconf 85' lang='lat' dir='ltr'><strong>et</strong></span> <span class='ocrx_word' id='word_1_239' title='bbox 1581 1924 1689 1960; x_wconf 83' lang='lat' dir='ltr'><strong>regu-</strong></span> 
     </span>
     <span class='ocr_line' id='line_1_29' title="bbox 267 1962 1688 2007; baseline -0.001 -11"><span class='ocrx_word' id='word_1_240' title='bbox 267 1963 320 1996; x_wconf 73' lang='lat' dir='ltr'><strong>la:</strong></span> <span class='ocrx_word' id='word_1_241' title='bbox 358 1974 427 2007; x_wconf 83' lang='lat' dir='ltr'><strong>qua</strong></span> <span class='ocrx_word' id='word_1_242' title='bbox 453 1963 612 2006; x_wconf 74' lang='lat' dir='ltr'><strong>neglecta</strong></span> <span class='ocrx_word' id='word_1_243' title='bbox 643 1968 771 2007; x_wconf 85' lang='lat' dir='ltr'><strong>atque,</strong></span> <span class='ocrx_word' id='word_1_244' title='bbox 804 1968 846 1996; x_wconf 85' lang='lat' dir='ltr'><strong>ut</strong></span> <span class='ocrx_word' id='word_1_245' title='bbox 868 1964 920 1995; x_wconf 91' lang='lat' dir='ltr'><strong>ita</strong></span> <span class='ocrx_word' id='word_1_246' title='bbox 945 1962 1079 2003; x_wconf 83' lang='lat' dir='ltr'><strong>dicam,</strong></span> <span class='ocrx_word' id='word_1_247' title='bbox 1103 1968 1216 1995; x_wconf 86' lang='lat' dir='ltr'><strong>morte</strong></span> <span class='ocrx_word' id='word_1_248' title='bbox 1259 1963 1458 2000; x_wconf 79' lang='lat' dir='ltr'><strong>exstincta,</strong></span> <span class='ocrx_word' id='word_1_249' title='bbox 1497 1962 1688 2007; x_wconf 87' lang='lat' dir='ltr'><strong>imperium</strong></span> 
     </span>
     <span class='ocr_line' id='line_1_30' title="bbox 269 2008 1687 2053; baseline -0.001 -11"><span class='ocrx_word' id='word_1_250' title='bbox 269 2009 428 2042; x_wconf 86' lang='lat' dir='ltr'><strong>deforme</strong></span> <span class='ocrx_word' id='word_1_251' title='bbox 452 2009 597 2041; x_wconf 89' lang='lat' dir='ltr'><strong>omnino</strong></span> <span class='ocrx_word' id='word_1_252' title='bbox 625 2013 661 2042; x_wconf 88' lang='lat' dir='ltr'><strong>et</strong></span> <span class='ocrx_word' id='word_1_253' title='bbox 685 2008 893 2041; x_wconf 89' lang='lat' dir='ltr'><strong>indecorum</strong></span> <span class='ocrx_word' id='word_1_254' title='bbox 919 2010 1096 2053; x_wconf 77' lang='lat' dir='ltr'><strong>apparuit.</strong></span> <span class='ocrx_word' id='word_1_255' title='bbox 1144 2009 1192 2041; x_wconf 88' lang='lat' dir='ltr'><strong>Ut</strong></span> <span class='ocrx_word' id='word_1_256' title='bbox 1219 2009 1314 2040; x_wconf 89' lang='lat' dir='ltr'><strong>enim</strong></span> <span class='ocrx_word' id='word_1_257' title='bbox 1338 2019 1484 2053; x_wconf 88' lang='lat' dir='ltr'><strong>corpore</strong></span> <span class='ocrx_word' id='word_1_258' title='bbox 1507 2020 1580 2041; x_wconf 87' lang='lat' dir='ltr'><strong>non</strong></span> <span class='ocrx_word' id='word_1_259' title='bbox 1610 2008 1687 2040; x_wconf 88' lang='lat' dir='ltr'><strong>ele-</strong></span> 
     </span>
     <span class='ocr_line' id='line_1_31' title="bbox 269 2053 1687 2099; baseline -0.001 -12"><span class='ocrx_word' id='word_1_260' title='bbox 269 2060 391 2099; x_wconf 80' lang='lat' dir='ltr'><strong>ganter</strong></span> <span class='ocrx_word' id='word_1_261' title='bbox 420 2054 588 2094; x_wconf 83' lang='lat' dir='ltr'><strong>formato,</strong></span> <span class='ocrx_word' id='word_1_262' title='bbox 627 2053 690 2087; x_wconf 87' lang='lat' dir='ltr'><strong>sed</strong></span> <span class='ocrx_word' id='word_1_263' title='bbox 722 2054 890 2087; x_wconf 88' lang='lat' dir='ltr'><strong>membris</strong></span> <span class='ocrx_word' id='word_1_264' title='bbox 913 2054 1066 2099; x_wconf 81' lang='lat' dir='ltr'><strong>turpiter</strong></span> <span class='ocrx_word' id='word_1_265' title='bbox 1089 2065 1130 2087; x_wconf 78' lang='lat' dir='ltr'><strong>ac</strong></span> <span class='ocrx_word' id='word_1_266' title='bbox 1161 2054 1310 2086; x_wconf 86' lang='lat' dir='ltr'><strong>distorte</strong></span> <span class='ocrx_word' id='word_1_267' title='bbox 1346 2055 1384 2086; x_wconf 91' lang='lat' dir='ltr'><strong>in</strong></span> <span class='ocrx_word' id='word_1_268' title='bbox 1409 2065 1450 2087; x_wconf 91' lang='lat' dir='ltr'><strong>eo</strong></span> <span class='ocrx_word' id='word_1_269' title='bbox 1490 2054 1687 2094; x_wconf 78' lang='lat' dir='ltr'><strong>collocatis,</strong></span> 
     </span>
     <span class='ocr_line' id='line_1_32' title="bbox 270 2099 1687 2145; baseline -0.001 -13"><span class='ocrx_word' id='word_1_270' title='bbox 270 2100 307 2132; x_wconf 90' lang='lat' dir='ltr'><strong>id</strong></span> <span class='ocrx_word' id='word_1_271' title='bbox 333 2101 408 2132; x_wconf 86' lang='lat' dir='ltr'><strong>iure</strong></span> <span class='ocrx_word' id='word_1_272' title='bbox 440 2101 568 2145; x_wconf 86' lang='lat' dir='ltr'><strong>aliquis</strong></span> <span class='ocrx_word' id='word_1_273' title='bbox 607 2100 855 2133; x_wconf 86' lang='lat' dir='ltr'><strong>confusionem</strong></span> <span class='ocrx_word' id='word_1_274' title='bbox 876 2100 1039 2140; x_wconf 76' lang='lat' dir='ltr'><strong>dixerit,</strong></span> <span class='ocrx_word' id='word_1_275' title='bbox 1072 2100 1122 2132; x_wconf 88' lang='lat' dir='ltr'><strong>ita</strong></span> <span class='ocrx_word' id='word_1_276' title='bbox 1155 2111 1298 2145; x_wconf 83' lang='lat' dir='ltr'><strong>quoque</strong></span> <span class='ocrx_word' id='word_1_277' title='bbox 1331 2100 1562 2144; x_wconf 80' lang='lat' dir='ltr'><strong>Imperatoria</strong></span> <span class='ocrx_word' id='word_1_278' title='bbox 1605 2099 1687 2132; x_wconf 84' lang='lat' dir='ltr'><strong>aula</strong></span> 
     </span>
     <span class='ocr_line' id='line_1_33' title="bbox 269 2145 1687 2191; baseline -0.001 -12"><span class='ocrx_word' id='word_1_279' title='bbox 269 2146 473 2179; x_wconf 83' lang='lat' dir='ltr'><strong>inordinate</strong></span> <span class='ocrx_word' id='word_1_280' title='bbox 500 2146 745 2179; x_wconf 85' lang='lat' dir='ltr'><strong>administrata</strong></span> <span class='ocrx_word' id='word_1_281' title='bbox 771 2152 807 2179; x_wconf 90' lang='lat' dir='ltr'><strong>et</strong></span> <span class='ocrx_word' id='word_1_282' title='bbox 834 2147 1047 2191; x_wconf 84' lang='lat' dir='ltr'><strong>gubernata,</strong></span> <span class='ocrx_word' id='word_1_283' title='bbox 1081 2145 1269 2179; x_wconf 76' lang='lat' dir='ltr'><strong>inhonesta</strong></span> <span class='ocrx_word' id='word_1_284' title='bbox 1292 2146 1355 2181; x_wconf 71' lang='lat' dir='ltr'><strong>i&#39;Ja</strong></span> <span class='ocrx_word' id='word_1_285' title='bbox 1381 2151 1417 2179; x_wconf 88' lang='lat' dir='ltr'><strong>et</strong></span> <span class='ocrx_word' id='word_1_286' title='bbox 1441 2158 1565 2190; x_wconf 87' lang='lat' dir='ltr'><strong>parum</strong></span> <span class='ocrx_word' id='word_1_287' title='bbox 1587 2146 1687 2179; x_wconf 84' lang='lat' dir='ltr'><strong>libe-</strong></span> 
     </span>
     <span class='ocr_line' id='line_1_34' title="bbox 271 2191 1687 2236; baseline -0.001 -12"><span class='ocrx_word' id='word_1_288' title='bbox 271 2193 335 2225; x_wconf 87' lang='lat' dir='ltr'><strong>rali</strong></span> <span class='ocrx_word' id='word_1_289' title='bbox 361 2193 648 2224; x_wconf 72' lang='lat' dir='ltr'><strong>institutionem</strong></span> <span class='ocrx_word' id='word_1_290' title='bbox 685 2192 838 2224; x_wconf 89' lang='lat' dir='ltr'><strong>nihilum</strong></span> <span class='ocrx_word' id='word_1_291' title='bbox 862 2192 1053 2236; x_wconf 81' lang='lat' dir='ltr'><strong>redigetur,</strong></span> <span class='ocrx_word' id='word_1_292' title='bbox 1106 2192 1158 2224; x_wconf 86' lang='lat' dir='ltr'><strong>Ne</strong></span> <span class='ocrx_word' id='word_1_293' title='bbox 1182 2191 1250 2224; x_wconf 87' lang='lat' dir='ltr'><strong>hoe</strong></span> <span class='ocrx_word' id='word_1_294' title='bbox 1286 2193 1394 2236; x_wconf 82' lang='lat' dir='ltr'><strong>igitur</strong></span> <span class='ocrx_word' id='word_1_295' title='bbox 1431 2195 1614 2236; x_wconf 85' lang='lat' dir='ltr'><strong>contingat</strong></span> <span class='ocrx_word' id='word_1_296' title='bbox 1649 2196 1687 2224; x_wconf 80' lang='lat' dir='ltr'><strong>et</strong></span> 
     </span>
     <span class='ocr_line' id='line_1_35' title="bbox 269 2237 1687 2283; baseline -0.002 -12"><span class='ocrx_word' id='word_1_297' title='bbox 269 2250 333 2271; x_wconf 85' lang='lat' dir='ltr'><strong>nos</strong></span> <span class='ocrx_word' id='word_1_298' title='bbox 368 2238 529 2270; x_wconf 81' lang='lat' dir='ltr'><strong>ordinem</strong></span> <span class='ocrx_word' id='word_1_299' title='bbox 565 2239 807 2283; x_wconf 73' lang='lat' dir='ltr'><strong>negligentes,</strong></span> <span class='ocrx_word' id='word_1_300' title='bbox 848 2238 1113 2282; x_wconf 84' lang='lat' dir='ltr'><strong>Imperatoriam</strong></span> <span class='ocrx_word' id='word_1_301' title='bbox 1147 2237 1359 2270; x_wconf 82' lang='lat' dir='ltr'><strong>dedecorare</strong></span> <span class='ocrx_word' id='word_1_302' title='bbox 1382 2239 1603 2271; x_wconf 78' lang='lat' dir='ltr'><strong>maiestatem</strong></span> <span class='ocrx_word' id='word_1_303' title='bbox 1632 2238 1687 2269; x_wconf 85' lang='lat' dir='ltr'><strong>vi-</strong></span> 
     </span>
     <span class='ocr_line' id='line_1_36' title="bbox 272 2283 1685 2329; baseline 0 -13"><span class='ocrx_word' id='word_1_304' title='bbox 272 2284 437 2324; x_wconf 85' lang='lat' dir='ltr'><strong>deamur,</strong></span> <span class='ocrx_word' id='word_1_305' title='bbox 463 2285 695 2316; x_wconf 82' lang='lat' dir='ltr'><strong>necessarium</strong></span> <span class='ocrx_word' id='word_1_306' title='bbox 721 2285 942 2327; x_wconf 83' lang='lat' dir='ltr'><strong>putavimus,</strong></span> <span class='ocrx_word' id='word_1_307' title='bbox 968 2291 1043 2316; x_wconf 87' lang='lat' dir='ltr'><strong>tum</strong></span> <span class='ocrx_word' id='word_1_308' title='bbox 1067 2283 1161 2328; x_wconf 85' lang='lat' dir='ltr'><strong>apud</strong></span> <span class='ocrx_word' id='word_1_309' title='bbox 1187 2284 1408 2329; x_wconf 83' lang='lat' dir='ltr'><strong>antiquiores</strong></span> <span class='ocrx_word' id='word_1_310' title='bbox 1432 2289 1583 2328; x_wconf 84' lang='lat' dir='ltr'><strong>reperta,</strong></span> <span class='ocrx_word' id='word_1_311' title='bbox 1608 2288 1685 2316; x_wconf 84' lang='lat' dir='ltr'><strong>tum</strong></span> 
     </span>
     <span class='ocr_line' id='line_1_37' title="bbox 271 2328 1686 2375; baseline -0.002 -12"><span class='ocrx_word' id='word_1_312' title='bbox 271 2331 315 2363; x_wconf 83' lang='lat' dir='ltr'><strong>ab</strong></span> <span class='ocrx_word' id='word_1_313' title='bbox 345 2332 411 2370; x_wconf 87' lang='lat' dir='ltr'><strong>iis,</strong></span> <span class='ocrx_word' id='word_1_314' title='bbox 437 2332 499 2375; x_wconf 88' lang='lat' dir='ltr'><strong>qui</strong></span> <span class='ocrx_word' id='word_1_315' title='bbox 523 2329 611 2362; x_wconf 88' lang='lat' dir='ltr'><strong>haec</strong></span> <span class='ocrx_word' id='word_1_316' title='bbox 635 2330 819 2370; x_wconf 82' lang='lat' dir='ltr'><strong>viderunt,</strong></span> <span class='ocrx_word' id='word_1_317' title='bbox 847 2331 973 2370; x_wconf 79' lang='lat' dir='ltr'><strong>relata,</strong></span> <span class='ocrx_word' id='word_1_318' title='bbox 998 2335 1073 2362; x_wconf 85' lang='lat' dir='ltr'><strong>tum</strong></span> <span class='ocrx_word' id='word_1_319' title='bbox 1106 2341 1125 2361; x_wconf 82' lang='lat' dir='ltr'>a</span> <span class='ocrx_word' id='word_1_320' title='bbox 1146 2329 1249 2362; x_wconf 85' lang='lat' dir='ltr'><strong>nobis</strong></span> <span class='ocrx_word' id='word_1_321' title='bbox 1283 2331 1368 2374; x_wconf 88' lang='lat' dir='ltr'><strong>ipsis</strong></span> <span class='ocrx_word' id='word_1_322' title='bbox 1405 2335 1591 2374; x_wconf 69' lang='lat' dir='ltr'><strong>conspecta</strong></span> <span class='ocrx_word' id='word_1_323' title='bbox 1626 2328 1686 2360; x_wconf 88' lang='lat' dir='ltr'><strong>in-</strong></span> 
     </span>
     <span class='ocr_line' id='line_1_38' title="bbox 273 2376 1685 2421; baseline -0.001 -13"><span class='ocrx_word' id='word_1_324' title='bbox 273 2388 341 2421; x_wconf 83' lang='lat' dir='ltr'><strong>que</strong></span> <span class='ocrx_word' id='word_1_325' title='bbox 366 2377 446 2409; x_wconf 80' lang='lat' dir='ltr'><strong>aula</strong></span> <span class='ocrx_word' id='word_1_326' title='bbox 470 2381 588 2408; x_wconf 83' lang='lat' dir='ltr'><strong>nostra</strong></span> <span class='ocrx_word' id='word_1_327' title='bbox 603 2378 768 2417; x_wconf 83' lang='lat' dir='ltr'><strong>exercita,</strong></span> <span class='ocrx_word' id='word_1_328' title='bbox 798 2387 817 2409; x_wconf 89' lang='lat' dir='ltr'><strong>e</strong></span> <span class='ocrx_word' id='word_1_329' title='bbox 836 2377 958 2409; x_wconf 86' lang='lat' dir='ltr'><strong>multis</strong></span> <span class='ocrx_word' id='word_1_330' title='bbox 979 2376 1117 2408; x_wconf 84' lang='lat' dir='ltr'><strong>assidua</strong></span> <span class='ocrx_word' id='word_1_331' title='bbox 1138 2386 1219 2408; x_wconf 85' lang='lat' dir='ltr'><strong>cura</strong></span> <span class='ocrx_word' id='word_1_332' title='bbox 1256 2386 1443 2420; x_wconf 87' lang='lat' dir='ltr'><strong>congerere</strong></span> <span class='ocrx_word' id='word_1_333' title='bbox 1467 2381 1504 2409; x_wconf 79' lang='lat' dir='ltr'><strong>et</strong></span> <span class='ocrx_word' id='word_1_334' title='bbox 1527 2376 1685 2418; x_wconf 77' lang='lat' dir='ltr'><strong>omnium</strong></span> 
     </span>
     <span class='ocr_line' id='line_1_39' title="bbox 273 2420 1687 2467; baseline -0.002 -12"><span class='ocrx_word' id='word_1_335' title='bbox 273 2423 384 2456; x_wconf 87' lang='lat' dir='ltr'><strong>oculis</strong></span> <span class='ocrx_word' id='word_1_336' title='bbox 410 2423 587 2466; x_wconf 80' lang='lat' dir='ltr'><strong>praesenti</strong></span> <span class='ocrx_word' id='word_1_337' title='bbox 612 2434 718 2466; x_wconf 90' lang='lat' dir='ltr'><strong>opere</strong></span> <span class='ocrx_word' id='word_1_338' title='bbox 746 2433 943 2467; x_wconf 82' lang='lat' dir='ltr'><strong>exponere,</strong></span> <span class='ocrx_word' id='word_1_339' title='bbox 969 2423 1100 2466; x_wconf 87' lang='lat' dir='ltr'><strong>patrias</strong></span> <span class='ocrx_word' id='word_1_340' title='bbox 1128 2421 1402 2455; x_wconf 76' lang='lat' dir='ltr'><strong>consuetudines</strong></span> <span class='ocrx_word' id='word_1_341' title='bbox 1445 2433 1540 2455; x_wconf 90' lang='lat' dir='ltr'><strong>nunc</strong></span> <span class='ocrx_word' id='word_1_342' title='bbox 1562 2420 1687 2465; x_wconf 84' lang='lat' dir='ltr'><strong>negle-</strong></span> 
     </span>
     <span class='ocr_line' id='line_1_40' title="bbox 274 2466 1728 2512; baseline -0.002 -11"><span class='ocrx_word' id='word_1_343' title='bbox 274 2475 346 2501; x_wconf 86' lang='lat' dir='ltr'><strong>ctas</strong></span> <span class='ocrx_word' id='word_1_344' title='bbox 379 2468 519 2501; x_wconf 87' lang='lat' dir='ltr'><strong>tradere</strong></span> <span class='ocrx_word' id='word_1_345' title='bbox 555 2473 592 2500; x_wconf 82' lang='lat' dir='ltr'><strong>et</strong></span> <span class='ocrx_word' id='word_1_346' title='bbox 627 2469 872 2502; x_wconf 87' lang='lat' dir='ltr'><strong>commendare</strong></span> <span class='ocrx_word' id='word_1_347' title='bbox 897 2469 1124 2512; x_wconf 76' lang='lat' dir='ltr'><strong>posteritati,</strong></span> <span class='ocrx_word' id='word_1_348' title='bbox 1149 2473 1185 2500; x_wconf 86' lang='lat' dir='ltr'><strong>et</strong></span> <span class='ocrx_word' id='word_1_349' title='bbox 1217 2468 1319 2512; x_wconf 83' lang='lat' dir='ltr'><strong>quasi</strong></span> <span class='ocrx_word' id='word_1_350' title='bbox 1355 2467 1457 2501; x_wconf 84' lang='lat' dir='ltr'><strong>flores</strong></span> <span class='ocrx_word' id='word_1_351' title='bbox 1491 2466 1684 2500; x_wconf 72' lang='lat' dir='ltr'><strong>nonnullos</strong></span> <span class='ocrx_word' id='word_1_352' title='bbox 1722 2487 1728 2493; x_wconf 86' lang='lat'>.</span> 
     </span>
     <span class='ocr_line' id='line_1_41' title="bbox 273 2511 1686 2559; baseline -0.003 -11"><span class='ocrx_word' id='word_1_353' title='bbox 273 2526 292 2548; x_wconf 88' lang='lat' dir='ltr'><strong>e</strong></span> <span class='ocrx_word' id='word_1_354' title='bbox 316 2516 425 2559; x_wconf 87' lang='lat' dir='ltr'><strong>pratis</strong></span> <span class='ocrx_word' id='word_1_355' title='bbox 453 2513 701 2557; x_wconf 87' lang='lat' dir='ltr'><strong>decerpentes,</strong></span> <span class='ocrx_word' id='word_1_356' title='bbox 726 2514 772 2547; x_wconf 85' lang='lat' dir='ltr'><strong>ad</strong></span> <span class='ocrx_word' id='word_1_357' title='bbox 798 2514 1074 2557; x_wconf 82' lang='lat' dir='ltr'><strong>incomparabile</strong></span> <span class='ocrx_word' id='word_1_358' title='bbox 1110 2512 1216 2546; x_wconf 86' lang='lat' dir='ltr'><strong>decus</strong></span> <span class='ocrx_word' id='word_1_359' title='bbox 1248 2514 1478 2558; x_wconf 84' lang='lat' dir='ltr'><strong>Imperatorio</strong></span> <span class='ocrx_word' id='word_1_360' title='bbox 1501 2511 1686 2558; x_wconf 85' lang='lat' dir='ltr'><strong>splendori</strong></span> 
     </span>
     <span class='ocr_line' id='line_1_42' title="bbox 272 2557 1684 2606; baseline -0.002 -13"><span class='ocrx_word' id='word_1_361' title='bbox 272 2562 516 2603; x_wconf 75' lang='lat' dir='ltr'><strong>committere3</strong></span> <span class='ocrx_word' id='word_1_362' title='bbox 550 2560 642 2594; x_wconf 88' lang='lat' dir='ltr'><strong>illud</strong></span> <span class='ocrx_word' id='word_1_363' title='bbox 665 2560 820 2605; x_wconf 86' lang='lat' dir='ltr'><strong>denique</strong></span> <span class='ocrx_word' id='word_1_364' title='bbox 845 2571 956 2604; x_wconf 85' lang='lat' dir='ltr'><strong>opus,</strong></span> <span class='ocrx_word' id='word_1_365' title='bbox 980 2565 1159 2606; x_wconf 78' lang='lat' dir='ltr'><strong>tamquam</strong></span> <span class='ocrx_word' id='word_1_366' title='bbox 1181 2559 1341 2592; x_wconf 88' lang='lat' dir='ltr'><strong>lucidum</strong></span> <span class='ocrx_word' id='word_1_367' title='bbox 1375 2571 1416 2593; x_wconf 86' lang='lat' dir='ltr'><strong>ac</strong></span> <span class='ocrx_word' id='word_1_368' title='bbox 1441 2569 1563 2594; x_wconf 80' lang='lat' dir='ltr'><strong>recens</strong></span> <span class='ocrx_word' id='word_1_369' title='bbox 1586 2557 1684 2602; x_wconf 88' lang='lat' dir='ltr'><strong>poli-</strong></span> 
     </span>
     <span class='ocr_line' id='line_1_43' title="bbox 270 2602 1685 2651; baseline -0.004 -12"><span class='ocrx_word' id='word_1_370' title='bbox 270 2611 347 2639; x_wconf 84' lang='lat' dir='ltr'><strong>tum</strong></span> <span class='ocrx_word' id='word_1_371' title='bbox 374 2606 578 2651; x_wconf 90' lang='lat' dir='ltr'><strong>speculum,</strong></span> <span class='ocrx_word' id='word_1_372' title='bbox 612 2608 651 2640; x_wconf 91' lang='lat' dir='ltr'><strong>in</strong></span> <span class='ocrx_word' id='word_1_373' title='bbox 674 2606 794 2640; x_wconf 88' lang='lat' dir='ltr'><strong>medio</strong></span> <span class='ocrx_word' id='word_1_374' title='bbox 821 2607 911 2639; x_wconf 79' lang='lat' dir='ltr'><strong>atrio</strong></span> <span class='ocrx_word' id='word_1_375' title='bbox 937 2605 1133 2646; x_wconf 86' lang='lat' dir='ltr'><strong>collocare,</strong></span> <span class='ocrx_word' id='word_1_376' title='bbox 1166 2610 1207 2638; x_wconf 85' lang='lat' dir='ltr'><strong>ut</strong></span> <span class='ocrx_word' id='word_1_377' title='bbox 1230 2606 1268 2637; x_wconf 87' lang='lat' dir='ltr'><strong>in</strong></span> <span class='ocrx_word' id='word_1_378' title='bbox 1292 2617 1334 2638; x_wconf 89' lang='lat' dir='ltr'><strong>eo</strong></span> <span class='ocrx_word' id='word_1_379' title='bbox 1364 2611 1437 2638; x_wconf 87' lang='lat' dir='ltr'><strong>tam</strong></span> <span class='ocrx_word' id='word_1_380' title='bbox 1460 2602 1685 2650; x_wconf 71' lang='lat' dir='ltr'><strong>Imperatoris</strong></span> 
     </span>
     <span class='ocr_line' id='line_1_44' title="bbox 272 2649 1684 2698; baseline -0.002 -13"><span class='ocrx_word' id='word_1_381' title='bbox 272 2652 520 2686; x_wconf 82' lang='lat' dir='ltr'><strong>convenientia</strong></span> <span class='ocrx_word' id='word_1_382' title='bbox 542 2652 722 2698; x_wconf 82' lang='lat' dir='ltr'><strong>dignitati,</strong></span> <span class='ocrx_word' id='word_1_383' title='bbox 747 2663 852 2698; x_wconf 87' lang='lat' dir='ltr'><strong>quam</strong></span> <span class='ocrx_word' id='word_1_384' title='bbox 875 2652 1115 2686; x_wconf 84' lang='lat' dir='ltr'><strong>ministrorum</strong></span> <span class='ocrx_word' id='word_1_385' title='bbox 1136 2652 1316 2695; x_wconf 79' lang='lat' dir='ltr'><strong>systemati</strong></span> <span class='ocrx_word' id='word_1_386' title='bbox 1348 2651 1502 2697; x_wconf 78' lang='lat' dir='ltr'><strong>congrua</strong></span> <span class='ocrx_word' id='word_1_387' title='bbox 1525 2649 1684 2686; x_wconf 83' lang='lat' dir='ltr'><strong>omnium</strong></span> 
     </span>
    </p>
   </div>
   <div class='ocr_carea' id='block_1_5' title="bbox 1787 154 1832 3112">
    <p class='ocr_par' dir='ltr' id='par_1_5' title="bbox 1787 154 1832 3112">
     <span class='ocr_line' id='line_1_45' title="bbox 1787 154 1832 3112; baseline 0 0"><span class='ocrx_word' id='word_1_388' title='bbox 1787 154 1832 3112; x_wconf 95' lang='lat' dir='ltr'><strong> </strong></span> 
     </span>
    </p>
   </div>
  </div>
 </body>
</html>
