1878 3112
332 124 440 179 792
612 122 972 164 CONSTANTINI
1010 121 1499 179 PORPHYROGENlTl

125 248 236 290 Ed.L.
249 249 318 296 458
811 247 954 289 Κλῆσις
974 246 1276 294 μητροπολιτῶν.
1744 296 1747 298 μ

424 316 654 370 Ἐπαρχίας
695 315 1007 364 Καππαδοκίας
1036 312 1059 356 ὅ
1085 315 1352 370 Καισαρείας
1380 314 1434 357 α’.
1486 313 1539 370 β’,
1565 316 1775 372 ἐπαρχίας

315 382 465 430 Ἀσίας
493 380 516 421 ὅ
539 377 715 436 Ἐφέσου
731 397 742 408 ·
795 378 843 435 γ’,
873 381 1082 437 ἐπαρχίας
1109 379 1318 437 Εὐρώπης
1356 369 1676 438 ὅἩρακλείας·
1723 380 1774 434 δ’,

320 449 528 502 ἐπαρχίας
569 449 786 496 Γαλατίας
817 445 986 504 Θρᾴκης
1012 445 1035 488 ὅ
1072 446 1304 504 Ἀγκύρας·
1361 446 1411 498 ε’,
1439 449 1648 504 ἐπαρχίας
1682 447 1775 490 ‘El-

319 513 548 569 λησπόντου
581 512 605 554 ὅ
636 514 851 564 Κυζίκου·
913 510 960 567 ς’,
990 514 1198 568 ἐπαρχίας
1227 511 1397 563 Λυδίας
1422 511 1444 556 ὅ
1471 512 1694 571 Σάρδεων·
1721 513 1796 566 ζ’,5

319 578 528 635 ἐπαρχίας
555 580 765 628 Βιθυνίας
791 577 815 620 ὅ
847 580 1152 635 Νικομηδειάς·
1208 578 1259 634 η’,
1290 580 1496 636 ἐπαρχίας
1535 581 1611 635 τῆς
1642 574 1775 634 αὖτῆς

317 646 339 690 ὅ
370 645 573 695 Νικαίας·
603 643 656 698 θ’,
687 646 897 701 ἐπαρχίας
923 647 999 701 τῆς
1026 644 1162 700 αὐτῆς
1195 643 1219 687 ὅ
1247 646 1552 701 Χαλκηδῶνος·
1579 643 1622 699 ι’,
1641 647 1773 701 ἐπαρα

316 711 417 766 χίας
446 711 716 768 Παμφυλίας
743 710 766 753 ὃ
796 712 923 768 Σίδης
939 724 950 738 ·
1007 710 1076 764 ια’,
1099 711 1310 768 ἐπαρχίας
1335 707 1561 768 Ἀρμενίας
1586 708 1624 765 β’
1652 709 1674 753 ὃ
1695 713 1772 754 Σε-

318 779 539 832 βαστείας·
570 775 636 832 ιβ’,
666 778 875 834 ἐπαρχίας
896 776 1183 820 Ἑλενοπόντου
1213 777 1236 820 ὅ
1260 777 1489 832 Ἀμασίας·
1546 777 1611 832 ιγ’,
1639 778 1773 832 ἐπαρ-

285 855 312 887 Β
323 846 423 899 χίας
447 844 674 900 Ἀρμενίας
701 842 736 886 α’
769 843 792 886 ὅ
822 846 1078 900 Μελιτίνης·
1133 845 1200 898 ιδ’,
1229 846 1437 900 ἐπαρχίας
1463 844 1825 894 Καππαδοκίαςΐο

317 911 356 970 β’
387 907 409 951 ὅ
445 913 644 953 Τυανῶν·
702 909 763 964 ιε’,
793 913 1001 967 ἐπαρχίας
1029 913 1353 967 Παφλαγωνίας
1381 909 1404 952 ὅ
1433 911 1475 952 Γ
1472 911 1660 966 αγγρῶν·
1704 907 1770 962 ις’,

319 975 528 1033 ἐπαρχίας
549 974 791 1033 Ὁνοριάδος
819 974 842 1018 ὅ
872 975 1286 1026 Κλαυὸιουπόλεως·
1326 975 1394 1033 ιζ,
1423 977 1633 1031 ἐπαρχίας
1652 975 1771 1018 Πόν-

318 1058 394 1085 του
431 1041 453 1084 ὅ
498 1045 853 1099 Νεοκαισαρείας·
911 1041 982 1098 ιη’,
1011 1042 1221 1099 ἐπαρχίας
1263 1043 1479 1093 Γαλατίας
1506 1039 1543 1097 β’
1573 1041 1595 1085 ὅ
1635 1044 1770 1084 Πισι-

317 1110 518 1157 νοῦντος·
583 1107 653 1161 aff,
693 1109 902 1164 ἐπαρχίας
952 1111 1121 1160 Λυκίας
1161 1108 1183 1150 ὅ
1225 1107 1419 1164 Μύρων·
1474 1106 1522 1163 κ’,
1563 1107 1770 1163 ἐπαρχίας

319 1170 504 1228 Καρύας
546 1173 567 1215 ὃ
604 1173 960 1230 Ταυρουπόλεως·
1014 1175 1093 1227 κα’,
1123 1174 1332 1230 ἐπαρχίας
1374 1177 1565 1231 Φρυγίας
1591 1173 1615 1215 ὅ
1643 1172 1820 1216 Auo-15

318 1239 455 1288 δικίας
472 1255 484 1265 ·
537 1239 612 1292 κβ,
657 1241 863 1295 ἐπαρχίας
909 1241 1102 1294 Φρυγίας
1146 1243 1432 1296 Σαλουταρίας
1477 1240 1502 1282 o‘
1542 1237 1766 1282 Συνάδων·

318 1305 390 1363 κγ’,
419 1305 625 1360 ἐπαρχίας
653 1307 899 1354 Λυκαονίας
927 1303 950 1346 ὅ
978 1307 1056 1347 τοῦ
1080 1307 1307 1347 Εἰκωνίου·
1349 1304 1426 1358 κδ’,
1454 1306 1662 1360 ἐπαρχίας
1677 1308 1767 1347 Πι-

317 1370 458 1419 σιδιάς
488 1367 509 1411 ὃ
535 1370 813 1425 Ἀντιοχείας·
868 1370 936 1424 κε’,
969 1372 1176 1427 ἐπαρχίας
1216 1373 1484 1428 Παμφυλίας
1515 1371 1539 1413 ὅ
1566 1372 1763 1427 Πέργης·

283 1433 394 1489 εκς’,
433 1436 641 1494 ἐπαρχίας
678 1438 988 1489 Καππαδοκίας
1014 1437 1051 1493 β’
1093 1435 1115 1479 ὃ
1152 1439 1395 1494 Μωκησοῦ·
1451 1433 1524 1492 κζ’,
1559 1438 1766 1493 ἐπαρχίας
1800 1495 1802 1499 .

807 1572 919 1596 SBSSIO
939 1572 1263 1596 mernopouranmu.

409 1629 452 1662 In
485 1628 654 1673 eparchia
680 1629 945 1675 ‘Cappadociae
978 1631 1116 1675 primus
1150 1634 1222 1669 est,
1263 1630 1327 1676 qui
1365 1630 1404 1662 in
1440 1629 1614 1664 Caesarea
1650 1630 1763 1665 sedet.

318 1688 360 1716 2,
396 1677 433 1710 in
461 1676 628 1721 eparchia
654 1675 761 1710 Asiae
789 1682 844 1711 est
867 1676 1001 1722 Ephesi
1025 1677 1270 1722 metropolita.
1319 1679 1361 1717 3,
1397 1676 1436 1709 in
1460 1676 1628 1722 eparchia
1649 1678 1766 1712 Euro.-

317 1733 386 1768 pae
411 1728 466 1756 est
489 1723 685 1757 Heracleae
715 1723 890 1757 Thraciae
918 1725 1162 1768 metropolita.
1199 1724 1232 1767 4,
1258 1724 1297 1757 in
1323 1723 1491 1768 epar-chia
1518 1723 1685 1758 Galatiae
1710 1727 1765 1758 est

317 1771 478 1814 Ancyrae
502 1771 745 1814 metropolita.
785 1771 818 1811 5,
843 1771 882 1803 in
908 1770 1075 1816 epar-chia
1105 1770 1333 1814 Hellesponti
1359 1776 1413 1804 est
1434 1770 1554 1815 Cycizi
1577 1776 1764 1816 metropo—

317 1815 396 1850 lita.
445 1818 491 1857 6,
528 1817 567 1850 in
595 1817 763 1862 eparchia
788 1818 924 1861 Lydiae
957 1825 1012 1852 est
1037 1817 1205 1851 Sardium
1228 1817 1470 1862 metropolita.
1518 1828 1558 1862 7,
1593 1818 1632 1851 in
1656 1828 1764 1862 epar-

319 1862 398 1896 chia
423 1863 614 1908 Bithyniae
640 1870 694 1898 est
718 1864 951 1898 Nicomediae
983 1865 1229 1909 metropolita,
1285 1866 1327 1905 8,
1365 1865 1405 1897 in
1437 1863 1604 1909 eparchia
1637 1863 1763 1898 eadem

321 1915 377 1942 est
400 1910 556 1944 Nicaeae
582 1911 823 1955 metropolita.
871 1923 906 1956 9,
931 1912 970 1945 in
996 1912 1163 1957 eparchia
1188 1909 1314 1944 eadem
1340 1917 1395 1944 est
1421 1910 1659 1945 Chalcedonis
1682 1920 1763 1944 me·-

318 1957 503 2001 tropolita.
550 1968 602 1998 10,
629 1959 666 1990 in
691 1958 859 2002 eparchia
884 1959 1113 2004 Pamphyliae
1139 1963 1193 1992 est
1219 1958 1326 1991 Sidae
1351 1958 1595 2003 metropolita.
1645 1969 1697 1996 11..
1721 1958 1762 1991 iu

319 2005 487 2045 eparchia
514 2003 704 2038 Armeniae
730 2005 908 2038 secundae
935 2012 989 2039 est
1014 2004 1203 2039 Sebastiae
1230 2005 1473 2049 metropolita,
1525 2016 1577 2044 ια,
1602 2004 1640 2037 in
1657 2014 1762 2048 epar-

319 2049 399 2082 chia
426 2051 670 2095 llclenoponti
699 2057 752 2085 est
778 2052 942 2085 Amasiae
977 2053 1220 2096 metropolita.
1276 2053 1334 2093 13,
1370 2052 1409 2084 in
1442 2051 1610 2095 eparchia
1633 2050 1761 2083 Arme-

318 2095 402 2128 niae
430 2098 563 2140 primae
588 2103 642 2132 est
665 2099 857 2132 Melitenes
881 2100 1124 2143 metropolita,
1178 2098 1230 2142 14,
1257 2099 1295 2132 in
1321 2098 1488 2142 eparchia
1512 2096 1760 2141 Cappadociae

319 2142 497 2176 secundae
522 2149 575 2178 est
600 2145 806 2188 Tyanorum
832 2146 1076 2189 metropolita.
1131 2146 1190 2184 15,
1236 2145 1275 2178 in
1303 2143 1471 2188 eparchia
1495 2142 1759 2188 Paphlagoniae

320 2193 376 2222 est
409 2189 628 2234 Gangrorum
662 2192 905 2235 metropolita.
961 2193 1021 2232 16,
1057 2192 1096 2224 in
1122 2190 1287 2234 epm-chia
1321 2189 1538 2224 Honoriadis
1570 2195 1625 2223 est
1649 2189 1762 2226 Clau-

321 2234 511 2279 diopoleos
534 2237 777 2281 metropolita.
837 2250 874 2281 ¹7
891 2263 901 2278 ‚
940 2238 977 2270 in
1004 2237 1172 2281 eparchia
1195 2237 1300 2270 Ponti
1325 2243 1381 2270 est
1402 2236 1662 2270 Neocaesariae
1684 2247 1761 2274 mer

318 2283 503 2326 tropolita.
557 2286 619 2324 18,
649 2284 688 2316 in
715 2283 883 2328 eparchia
911 2283 1071 2317 Galatiae
1100 2284 1279 2317 secundae
1314 2289 1369 2316 est
1393 2283 1598 2317 Pesinuntis
1621 2289 1762 2322 metroe

315 2329 444 2374 polita.
499 2341 562 2373 19,
596 2330 633 2362 in
657 2331 824 2374 epar-chia
859 2331 988 2373 Lyciae
1023 2336 1077 2364 est
1100 2331 1284 2374 Myrorum
1318 2330 1566 2374 metropolita,
1613 2342 1683 2369 πο,
1719 2330 1768 2373 ὶιιμ

318 2375 487 2419 eparchia
514 2375 639 2408 Cariae
665 2383 719 2410 est
744 2378 992 2422 Tauropoleos
1017 2377 1263 2421 metropolita.
1313 2389 1369 2418 21,
1394 2377 1432 2409 in
1457 2377 1623 2421 epar-chia
1647 2375 1760 2419 Phry-

318 2423 396 2467 giae
424 2423 635 2456 Pacatianae
660 2429 714 2456 est
739 2424 962 2457 Laodicaeae
992 2424 1234 2468 metropolita,
1287 2436 1353 2464 22,
1389 2424 1428 2455 in
1454 2424 1623 2468 eparchia
1648 2421 1760 2466 Phry-

319 2470 396 2514 giae
424 2470 623 2502 salutariae
651 2476 705 2504 est
729 2471 952 2514 Synadorum
979 2472 1220 2516 metropolita.
1275 2473 1340 2510 23,
1366 2471 1404 2502 in
1431 2470 1597 2514 eparchia
1622 2470 1758 2512 Lycao-

319 2517 402 2548 niae
430 2521 483 2548 est
511 2517 624 2548 leonii
650 2519 891 2562 metropolita.
943 2519 998 2563 24,
1025 2518 1063 2550 in
1089 2517 1258 2562 epm-chia
1283 2517 1440 2550 Pisidiae
1466 2522 1520 2549 est
1544 2515 1759 2550 Antiochiae

319 2564 564 2607 metropolita.
621 2566 688 2603 25,
721 2566 760 2598 in
792 2564 960 2609 eparchia
991 2565 1222 2609 Pamphyliae
1258 2568 1312 2596 est
1347 2566 1478 2608 Pergae
1513 2562 1758 2608 metropolita.

320 2611 385 2649 26,
437 2610 474 2642 in
515 2609 682 2654 epar-chia
727 2611 974 2656 Cappadociae
1016 2612 1194 2651 secundae
1240 2616 1294 2644 est
1339 2611 1474 2644 Mocesi
1514 2608 1757 2653 metropolita.

325 2667 368 2700 27
385 2681 394 2696 ,
433 2656 469 2688 iu
496 2656 664 2701 epar-chia
690 2657 836 2692 Lazicac
870 2663 925 2691 est
949 2657 1111 2692 Phasidis
1136 2657 1379 2701 metropolita.
1428 2658 1498 2700 28.
1525 2658 1564 2690 in
1589 2654 1755 2700 eparchia

319 2701 495 2741 Thraciae
523 2709 576 2737 cst
598 2703 894 2757 Philippopoleos
920 2698 1160 2750 metropolita.
1212 2716 1276 2753 29,
1310 2704 1348 2737 iu
1373 2702 1541 2755 eparchia
1565 2701 1755 2753 Rhodopes
