1884 3112
353 154 425 194 nn
464 150 721 195 OEnmon.
751 148 930 190 AULAE
959 147 1181 200 emm,
1213 151 1247 190 1.
1274 151 1342 196 32.
1478 127 1581 202 ¹73

151 255 426 312 πραιποσίτῳ.
479 253 552 295 καί
581 250 778 294 ἀπελθών
814 250 836 293 ὅ
873 246 1005 299 αὖτός
1043 251 1311 307 σακελλάριος
1346 248 1511 292 ἵσταται
1538 249 1586 292 ἐν

150 321 212 376 τῷ
235 320 365 376 μέσῳ,
391 317 466 361 καὶ
487 315 626 360 πεσών
653 315 767 359 κάτω
794 320 1026 372 προσκυνεῖ
1043 314 1115 358 τὸν
1139 317 1330 370 βασιλέα,
1358 316 1433 358 καί
1450 314 1583 370 ὕπερ-ι

154 382 379 437 ευξάμενος
413 382 566 436 athar,
605 383 840 438 ἐξέρχεται·
869 383 992 423 τοῦτο
1020 382 1067 422 δὲ
1094 383 1260 423 ποιοῦσι
1282 383 1354 424 καί
1378 379 1418 423 οἱ
1446 378 1585 422 λοιποὶ

150 446 341 502 ἅπαντες,
369 447 655 505 εἰσερχόμενοι
679 447 785 501 μετὰ
814 448 1002 502 σταυροῦ
1028 449 1125 487 καθ’
1153 446 1226 488 ἕνα
1253 445 1424 489 ἕκαστον
1441 447 1582 501 βῆλον.

122 512 225 561 5καί
248 512 427 565 ἐξελθών
452 515 577 556 πάλιν
604 510 625 556 ὃ
653 512 883 569 ὄστιάριος,
914 511 1071 566 εἰσάγει
1098 509 1179 553 ἀπὸ
1208 510 1429 560 κελεύσεως
1453 514 1580 566 βῆλον

146 577 198 634 γ’,
223 577 295 622 τὸν
319 579 612 636 σκευοφύλακα
640 580 714 635 τῆς
737 578 967 633 ὖπεραγιάς
997 577 1198 620 Θεοτόκου
1226 578 1309 619 τῶν
1334 579 1618 632 βλαχερνῶνΒ

147 642 255 698 μετὰ
283 646 362 688 τοῦ
385 644 693 701 χαρτουλαρίου
722 647 796 700 τῆς
822 643 945 699 ἁγίας
974 645 1116 699 σοροῦ·
1142 645 1270 698 βῆλον
1295 641 1332 684 δ’
1331 675 1345 695 ‚
1371 640 1442 686 τὸν
1469 646 1584 694 ξενο-

146 709 274 766 δόχον
307 714 391 754 τῶν
419 710 656 768 Θεοφίλου·
693 712 823 766 βῆλον
849 713 894 763 ἑ,
921 707 1020 759 τούς
1058 706 1319 765 δημοκράτας
1343 709 1424 751 τῶν
1449 724 1582 764 περα-

146 779 272 820 τικῶν
299 776 454 833 δήμων·
484 779 609 834 βῆλον
638 775 686 830 ς’,
713 774 784 819 τὸν
810 775 1026 830 ξενοδόχον
1053 776 1138 817 τῶν
1164 777 1360 828 σαμψαῗν·
1386 775 1513 829 βῆλον
1533 770 1582 827 ζ,

96 842 219 888 ιοτόν
260 842 475 896 ξενοδόχον
509 845 593 886 τῶν
617 840 838 898 Εὐβούλου
853 859 865 871 ·
903 843 1030 898 βῆλον
1057 840 1107 897 η’,
1147 838 1220 882 τὸν
1248 839 1461 895 ξενοδὸχον
1497 842 1581 883 τῶν

144 906 349 966 Εἰρήνης·
372 911 500 964 βῆλον
524 908 579 962 θ’,
609 907 681 951 τὸν
707 905 924 962 ξενοδόχον
950 908 1034 949 τῶν
1062 906 1260 962 Ναρσοῧ·
1287 908 1413 961 βῆλον
1440 907 1479 959 ι’,
1507 904 1581 948 τόν

145 973 362 1029 ξενοδόχον
387 977 471 1018 τῶν
495 976 568 1030 τῆς
595 974 718 1030 α’γίας
743 971 936 1031 Εἰρήνης·
962 974 1090 1030 βῆλον
1117 971 1185 1026 ια’,
1214 969 1314 1021 τούς
1337 971 1582 1028 δημάρχους

142 1043 219 1097 τῆς
241 1043 466 1097 πολιτικῆς.
521 1037 698 1091 ἅπαντες
732 1041 781 1083 δὲ
820 1034 936 1083 οὗτοι
963 1039 1277 1095 εἰσερχόμενοι,
1303 1035 1581 1094 βαστάζοντες

141 1107 364 1163 σταυροὺς,
389 1107 579 1149 τελοῦσιν
606 1103 791 1161 ἅπαντα,
819 1105 877 1156 ὥς
904 1101 1100 1161 ἇνωτέρω
1127 1103 1303 1162 εἴρηται.
1362 1105 1451 1162 (Γ.)
1480 1099 1580 1146 Εἶθ’

91 1169 273 1224 ι5οῧτως
306 1171 464 1215 κελεύει
502 1171 525 1215 ὅ
560 1171 761 1227 βασιλεῦς
799 1174 858 1230 τῷ
893 1173 1151 1229 πραιποσίτῳ
1163 1205 1176 1225 ,
1213 1171 1397 1220 κάκεῖνος
1422 1173 1479 1230 τῷ
1503 1171 1577 1225 τῆς

137 1236 441 1292 καταστάσεως,
468 1236 581 1290 ὅπως
607 1237 707 1289 τούς
732 1240 778 1291 ἐξ
803 1237 932 1288 ἔθους
958 1239 1277 1294 εἰσερχομένους
1304 1235 1379 1279 καί
1410 1237 1610 1291 largiflui-c

137 1319 283 1355 νοντας
316 1304 524 1362 σταυροὺς
561 1306 609 1348 ἐκ
643 1306 727 1348 τῶν
748 1306 904 1361 χειρῶν
944 1306 1022 1346 τοῦ
1057 1305 1264 1358 βασιλέως
1302 1300 1575 1360 διευθετήσῃ,

137 1365 253 1420 ὅπως
279 1371 450 1421 ἕκαστος
487 1369 627 1413 αὖτῶν
653 1368 762 1414 κατὰ
789 1369 862 1426 τὴν
889 1369 1024 1412 αὐτοῦ
1048 1368 1164 1421 τάξιν
1190 1371 1265 1412 καί
1287 1368 1416 1423 τιμήν
1441 1366 1576 1410 εἰσὲλ-·

136 1437 264 1478 amoc.
315 1434 391 1478 καί
414 1437 675 1492 εἰσέρχονται
699 1437 907 1491 πατρίκιοι
920 1469 932 1490 ,
972 1437 1014 1478 εἰ
1037 1436 1201 1490 τύχωσι
1214 1468 1228 1488 ,
1252 1436 1326 1477 καί
1350 1434 1576 1490 στρατηγοὶ

83 1499 212 1546 noxa?
248 1499 291 1544 οἷ
322 1495 524 1557 ἄρχοντες
549 1503 626 1544 τοῦ
665 1502 957 1556 κουβουκλείου
970 1535 984 1555 ,
1024 1502 1263 1555 δομέστικοί
1283 1515 1328 1542 τε
1355 1498 1428 1541 καί
1453 1497 1491 1541 οἱ
1517 1497 1568 1542 τά

136 1567 282 1622 πρῶτα
309 1565 491 1624 ὄφφίκια
517 1571 758 1622 κατέχοντες
785 1570 860 1610 καί
884 1569 1175 1622 τοποτηρηταί,
1203 1564 1243 1608 οἱ
1266 1563 1459 1620 συνήθως
1485 1566 1573 1607 εἰσ-

137 1630 359 1687 ερχόμενοι
399 1632 548 1683 πάντες
587 1634 633 1675 ἐν
670 1631 735 1675 ἔνι’
766 1634 878 1691 βὴλῳ
919 1631 1125 1687 στιχηδόν.
1190 1630 1397 1674 πεσόντων
1426 1631 1472 1672 δὲ
1498 1630 1574 1672 καί

138 1695 506 1752 προσκυνησάντων
531 1696 603 1740 τὸν
623 1698 826 1752 βασιλέα,
855 1699 1098 1741 ἐπιδίδωσιν
1121 1694 1187 1740 ἑνὶ
1211 1693 1366 1754 ἑκάστῳ
1394 1695 1419 1738 ὅ
1445 1698 1571 1749 βασι·-

136 1760 236 1812 λεπὶς
261 1761 340 1806 dmi
369 1761 550 1820 σταυρὸν
576 1762 676 1818 ἕνα,
721 1765 796 1807 καί
817 1761 1145 1820 ὖπερευξάμενοι
1178 1760 1252 1806 τὸν
1276 1763 1477 1817 βασιλέα,
1504 1762 1571 1813 ἐξ·

230 1873 262 1919 4.
288 1876 371 1908 κατ’
393 1873 461 1910 ἕνα
483 1874 540 1908 ed.
639 1886 690 1921 17.
716 1874 928 1923 διευθετίσῃ
954 1875 1009 1909 ed.

135 1975 256 2019 posito
281 1974 365 2018 dat,
389 1973 454 2010 ille
485 1981 571 2011 tunc
595 1981 633 2010 et
668 1977 830 2019 reliquas
863 1989 983 2012 cruces
1009 1978 1220 2023 Imperatori
1253 1977 1375 2018 offert,
1409 1976 1472 2022 qui
1508 1987 1568 2010 eas

134 2021 328 2063 osculatus,
352 2024 559 2069 praeposito
583 2023 703 2058 tradit.
755 2025 967 2058 Sacellarius
991 2024 1178 2058 discedens
1193 2025 1232 2058 in
1254 2023 1375 2057 medio
1391 2023 1568 2064 subsistit,

135 2072 174 2101 et
196 2069 455 2112 procumbens,
478 2072 735 2114 Imperatorem
760 2071 910 2112 adorat,
934 2073 1042 2118 eique
1066 2072 1190 2106 felicia
1213 2075 1442 2116 appi-ecatus,
1468 2069 1566 2103 abit:

132 2111 204 2148 hoc
226 2115 324 2148 idem
356 2117 508 2163 reliqui,
544 2128 624 2151 cum
651 2128 755 2151 cruce
785 2118 825 2152 in
854 2129 1074 2165 unoquoque
1100 2119 1180 2152 velo
1218 2117 1388 2163 ingressi,
1418 2117 1565 2150 faciunt.

135 2159 314 2196 ostiarius
337 2174 358 2196 a
380 2164 546 2197 mandato
571 2175 690 2197 rursus
715 2176 894 2210 egressus,
918 2166 1037 2199 velum
1061 2167 1232 2206 tertium,
1256 2163 1440 2199 custodem
1460 2175 1567 2197 vaso-

134 2217 214 2239 rum
239 2216 482 2244 sacrosanctae
498 2210 676 2255 Deiparae
703 2211 742 2244 in
765 2210 966 2245 blachernis
995 2223 1074 2246 cum
1097 2212 1314 2246 chartulario
1328 2213 1362 2245 S.
1389 2210 1566 2255 Sepulcri,

134 2258 320 2297 quartum,
358 2255 613 2302 hospitalarem
650 2257 869 2303 Theophili,
904 2260 1091 2305 quintum,
1126 2259 1307 2305 principes
1344 2259 1564 2297 factionum,

78 2332 84 2346 f
134 2305 286 2343 sextum,
308 2301 567 2348 hospitalarem
593 2305 811 2350 sampsonis,
833 2306 1037 2350 septimum,
1061 2304 1314 2351 hospitalarem
1340 2305 1493 2343 Eubuli,
1518 2314 1564 2336 o-

134 2349 284 2402 ctavum,
306 2347 561 2394 hospitalarem
579 2351 712 2391 Irenes,
726 2363 872 2393 nonum,
895 2351 1169 2397 hospitalarium
1183 2353 1354 2394 Narsefis,
1369 2351 1561 2390 decimum,

133 2389 387 2445 hospitalarem
412 2396 448 2430 S.
472 2398 614 2438 Irenes,
636 2398 864 2432 undecimum
889 2400 1030 2440 velum,
1053 2406 1233 2434 senatores
1257 2400 1375 2439 urbis,
1400 2396 1558 2431 adducit.

134 2436 183 2469 111
206 2449 341 2481 omnes,
364 2453 442 2476 cum
467 2444 629 2477 crucibus
655 2445 816 2490 ingressi,
843 2457 896 2487 ea,
917 2457 1009 2492 quae
1030 2457 1135 2492 supra
1160 2447 1432 2483 observavimus,
1453 2453 1561 2487 pera-

135 2489 233 2536 gunt.
279 2485 371 2533 (111.)
418 2489 499 2535 Quo
526 2490 633 2531 facto,
657 2492 854 2536 Imperator
878 2493 1139 2537 praepositum,
1178 2493 1239 2527 hic
1270 2489 1560 2526 cerimoniarium

134 2529 263 2571 lubet,
300 2539 343 2566 ut
373 2544 438 2580 pro
468 2547 567 2570 more
599 2537 807 2572 accedentes
839 2550 1033 2584 crucesque
1064 2552 1108 2574 ex
1139 2540 1364 2585 Imperatoris
1393 2535 1560 2569 manibus

135 2582 311 2632 sumturus
340 2591 404 2613 suo
428 2581 554 2616 ordine
580 2584 750 2624 collocet,
782 2590 823 2618 ut
847 2585 979 2630 singuli
1006 2587 1200 2620 secundum
1230 2585 1393 2620 ordinem
1422 2594 1463 2615 ac
1498 2580 1561 2614 di-

137 2628 312 2679 gnitatem
335 2637 431 2659 suam
452 2628 703 2673 ingrediantur.
733 2631 806 2671 Sic,
832 2632 861 2665 si
885 2632 1026 2673 adsunt,
1043 2634 1199 2678 patricii,
1215 2632 1374 2676 strategi,
1391 2627 1559 2663 cubiculo

134 2670 328 2726 Pl'sseseqh,
354 2671 562 2716 domestici,
593 2678 720 2721 primis
755 2678 885 2711 officiis
911 2678 1047 2713 admoti
1070 2686 1109 2713 et
1139 2679 1287 2718 vicarii,
1323 2676 1453 2720 singuli
1490 2685 1557 2719 pro

134 2725 244 2759 ΕΘΝ,
268 2729 310 2754 in
332 2729 550 2767 unoquer
573 2723 654 2759 velo
692 2723 738 2759 ad
769 2725 1027 2771 Imperatorem
1057 2727 1203 2765 intrant.
1249 2724 1443 2771 Postquam
1472 2731 1556 2759 vero
