1950 3120
352 132 714 185 nncssmmoN.
763 133 941 174 AULAE
978 133 1200 174 BYZANT.
1235 134 1267 172 1.
1296 132 1362 176 fis.
1480 111 1589 166 303

158 238 326 291 δὲξιμον
353 239 400 280 ἐν
426 239 477 294 τῇ
501 238 684 291 μυστικῇ
713 234 842 293 φιάλῃ
870 237 942 277 τοῦ
969 232 1213 290 τρικόγχου,
1261 236 1443 276 τελεῖται
1469 230 1495 287 ἧ
1523 231 1596 286 τῆς

156 301 459 358 παραστάσεως
497 301 614 352 τάξις
652 298 809 350 οὕτως.
864 301 1088 352 καθέζεται
1128 298 1153 341 ὅ
1191 295 1388 353 βασιλεῦς
1426 297 1498 339 ἐπὶ
1521 298 1595 338 τοῦ
1613 312 1644 345 1)

157 371 351 422 σέντζου,
379 369 439 419 ὥς
461 368 647 410 εἴθισται
676 367 814 426 αὐτῷ,
843 365 915 408 καί
941 368 1134 409 ἵστανται
1160 363 1333 408 ἐνώπιον
1357 359 1488 406 αὖτοῦ
1515 357 1592 419 ἅρ-

156 451 299 491 χοντες
326 435 402 478 τοῦ
419 431 730 488 κουβουκλείου,
764 432 802 475 οἳ
826 434 872 474 δὲ
894 431 1105 489 πατρίκιοι
1126 429 1199 473 καὶ
1216 431 1440 486 στρατηγοὶ
1452 430 1594 472 ἵσταν-

129 503 230 551 5ται
257 497 434 548 ἅπαντες
456 496 578 541 ἔνθεν
605 494 768 540 κάκεῖσε
801 495 881 540 ἀπὸ
910 499 986 539 τοῦ
1013 496 1242 539 πουλπίτου
1281 496 1325 537 ἐν
1351 501 1439 544 ταῖς
1466 494 1592 551 θυρί-

155 582 219 609 σι·
275 564 316 607 οἱ
353 565 400 607 δὲ
439 565 703 621 συγκλητικοὶ
727 563 924 606 ὑπατικοί
951 565 1139 606 ἵστανται
1168 561 1240 603 ἀπ’
1269 560 1408 602 αὐτῶν
1444 559 1659 614 ὁμοίωςΜι.
1683 580 1788 615 ¹27··‘¹

153 632 230 674 καί
253 631 377 674 αὖτοί
401 632 446 673 ἐν
471 637 564 681 ταῖς
589 628 773 685 θυρίσιν.
816 627 1022 679 ὡσαύτως
1049 629 1120 670 καί
1145 626 1182 669 οἱ
1209 627 1406 681 εὖνοῦχοι
1432 641 1597 681 πρωτο-

154 697 386 754 σπαθάριοι
421 698 611 740 ἵστανται
650 690 820 738 ὄπισθεν
858 697 935 738 τοῦ
959 696 1164 750 βασιλέως
1206 694 1380 748 πλησίον
1405 694 1482 734 τοῦ
1502 694 1597 735 σε’ν-

153 765 253 816 τζου
281 764 529 820 ἦλλαγμένοι
545 779 557 791 ·
611 760 649 804 οῖ
681 763 727 804 δὲ
753 761 959 817 βαρβάτοι
985 757 1355 816 πρωτοσπαθάριοι
1381 757 1455 800 καί
1481 757 1520 799 οἱ
1546 750 1594 799 τὸ

105 827 274 886 ϊοοῖρμα
301 832 571 884 κατέχοντες,
619 829 676 879 ὥς
702 829 968 883 προείρηται,
1012 828 1200 869 ἵστανται
1238 823 1474 880 ἔμπροσθεν
1511 825 1595 866 τῶν

154 897 299 938 πυλῶν
325 897 404 937 τοῦ
429 894 665 951 τρικόγχου.
722 888 896 936 ὄπισθεν
920 894 1003 935 τῶν
1029 890 1354 947 προρῥηθὲντων
1381 887 1593 944 εὐνούχων

154 962 542 1016 πρωτοσπαθαρίων
568 956 1111 1015 σπαθαροκουβικουλάριοί
1130 972 1175 998 τε
1212 953 1288 998 καί
1316 955 1592 1009 κουβικουλά-

154 1041 239 1082 ριοι
266 1026 458 1069 ἵστανται
493 1029 541 1069 ἑν
566 1028 620 1083 τῇ
645 1025 762 1082 τρίτῃ
801 1026 911 1083 πύλῃ
938 1026 1015 1067 τοῦ
1041 1020 1288 1079 τρικὸγχου,
1334 1019 1373 1062 οἱ
1402 1022 1449 1062 δὲ
1478 1025 1784 1072 ana-Ed.L.177

150 1092 499 1148 θαροκανδιδάτοι
526 1091 600 1134 καί
624 1090 664 1134 οἱ
703 1090 935 1147 σπαθάριοι
962 1091 1151 1132 ἵστανται
1177 1087 1298 1131 ἔνθεν
1324 1083 1489 1129 κᾶκεΐσε
1515 1088 1594 1128 τοῦ

101 1157 354 1211 swam-§mg
389 1158 434 1199 ἐν
469 1163 556 1207 τοῖς
591 1156 874 1214 μαρμαρίνοις
901 1158 1168 1206 πουλπίτοις·
1224 1153 1245 1196 ὅ
1283 1154 1330 1195 δὲ
1365 1154 1437 1208 τῆς
1465 1168 1593 1195 κατα-

151 1220 334 1272 στάσεως
361 1224 529 1265 ἵσταται
556 1222 797 1279 ἔμπροσθεν
837 1225 920 1265 τῶν
957 1222 1267 1279 προειρημένων
1295 1222 1593 1275 σπαθαροκαν-

150 1286 332 1330 διδάτων
358 1304 404 1343 τε
430 1291 503 1331 καί
527 1291 799 1347 σπαθαρίων,
830 1285 1002 1332 ὄπισθεν
1030 1290 1076 1331 δὲ
1103 1290 1180 1331 τοῦ
1204 1288 1278 1342 τῆς
1304 1283 1592 1334 καταστάσεως

151 1353 344 1397 ἵστανται
372 1354 656 1411 σιλεντιάριοι.

743 1480 827 1519 ΚΕ
827 1479 880 1519 Φ.
909 1478 979 1532 ξη’.

99 1573 150 1600 20
243 1568 348 1614 Περὶ
367 1567 437 1601 τοῦ
454 1567 603 1614 χρυσοῦ
627 1566 888 1614 ἱπποδρομίου
907 1567 971 1600 καὶ
990 1567 1067 1601 τῶν
1090 1565 1132 1600 ἐν
1152 1563 1253 1610 αὐτῷ
1275 1563 1519 1610 τελουμένων.

265 1656 560 1711 Προέρχονται
590 1651 767 1704 ἅπαντες
795 1654 1005 1709 ἐννύχιοι,
1049 1654 1297 1708 ἤλλαγμένοι
1326 1650 1407 1693 οἷπό
1433 1651 1624 1692 λευκῶνΒ

150 1721 392 1774 χλανιδίων,
422 1720 461 1762 οἶ
490 1723 568 1774 μὲν
596 1722 641 1763 ἐν
668 1722 719 1778 τῇ
745 1719 1002 1779 θερμάστρᾳ,
1034 1718 1073 1761 οἱ
1101 1720 1148 1761 δὲ
1175 1721 1219 1761 ἐν
1247 1721 1300 1775 τῇ
1326 1713 1471 1770 ἇψίδι·
1519 1717 1592 1758 καί

241 1833 267 1901 ιι,
271 1833 298 1860 1.
323 1822 408 1902 gost
429 1821 635 1901 τριικόγχου
663 1821 934 1855 distinctionem
959 1834 1027 1857 om.
1054 1820 1110 1853 ed.
1187 1831 1236 1854 η.
1263 1798 1525 1863 ἄσπαθαρίων.
1551 1816 1590 1850 οἱ

266 1878 321 1902 πα
349 1879 410 1916 αρ,
435 1879 454 1902 e
482 1894 490 1901 .

148 1959 219 1993 hoe
242 1959 371 1993 ordine
404 1958 544 1993 adstare
578 1959 705 1993 solent.
755 1960 977 2004 Imperator,
1014 1962 1055 1992 ut
1082 1959 1197 2004 ipsius
1219 1968 1295 1990 mos
1319 1961 1395 1996 est,
1429 1956 1468 1989 in
1493 1955 1586 1989 solio

149 2005 276 2046 sedet,
308 2010 392 2039 ante
422 2008 542 2050 ipsum
569 2007 740 2052 praefecti
774 2006 970 2047 cubiculo,
1005 2005 1149 2051 patricii
1177 2009 1214 2038 et
1245 2003 1390 2048 strategi
1416 2003 1588 2048 utrinque

149 2063 172 2084 a
196 2052 339 2098 pulpito
365 2052 404 2084 in
428 2053 568 2093 ianuis,
601 2060 683 2099 post
707 2064 767 2086 eos
795 2059 977 2087 senatores
998 2057 1036 2086 et
1072 2052 1273 2085 consulares
1305 2051 1442 2096 pariter
1466 2050 1505 2081 in
1529 2050 1589 2081 ia·-

147 2100 231 2141 nuis
265 2099 476 2133 consistunt.
533 2100 593 2134 Sic
624 2106 662 2134 et
698 2100 856 2134 eunuchi
890 2098 1171 2145 protospatharii
1205 2108 1301 2143 pone
1332 2098 1587 2143 Imperatorem

147 2155 261 2190 prope
297 2145 468 2180 thronum
501 2146 541 2179 in
566 2148 793 2190 mutatoriis,
841 2147 982 2181 barbati
1011 2145 1290 2191 protospatharii
1326 2148 1363 2177 et
1396 2143 1461 2188 qui
1492 2153 1588 2175 arma

149 2196 296 2233 tenent,
332 2197 376 2226 ut
409 2192 547 2226 dictum
573 2199 652 2235 est,
689 2205 807 2228 coram
833 2194 947 2239 portis
985 2193 1172 2227 triconchi.
1220 2193 1251 2226 A
1274 2197 1372 2235 tergo
1400 2187 1589 2222 eunucho-

149 2248 228 2270 rum
255 2239 647 2284 protospathariorum,
680 2252 831 2286 quorum
859 2252 965 2286 supra
989 2240 1235 2279 meminimus,
1268 2235 1589 2282 spatharocubicu-

149 2281 244 2316 larii'
271 2289 309 2324 et
344 2285 557 2319 cubicularii
591 2287 631 2319 in
658 2287 764 2320 tertia
800 2292 902 2332 parte
939 2286 1140 2327 triconchi‚
1177 2281 1528 2330 spatharocandidati
1552 2287 1590 2315 et

150 2329 323 2374 spatharii
348 2331 395 2365 ad
420 2338 610 2378 utrumque
645 2335 874 2378 Imperatoris
900 2335 991 2367 latus
1018 2335 1058 2368 in
1081 2332 1286 2366 marmoreis
1309 2330 1485 2376 pulpitis,
1522 2339 1587 2360 ce-

151 2376 382 2430 rimoniarius
407 2384 490 2412 ante
515 2379 631 2413 dictos
656 2379 1040 2426 spatharocandidatos
1065 2385 1102 2414 et
1125 2379 1345 2425 spatharios,
1379 2382 1416 2410 et
1441 2387 1461 2409 a
1485 2379 1584 2419 tergo

153 2433 229 2456 elus
252 2423 444 2458 silentiarii
467 2424 622 2463 adstant.

770 2515 863 2549 CAP.
893 2517 951 2552 68.

325 2579 378 2615 De
405 2590 519 2616 aureo
544 2582 799 2630 hippodromo,
826 2593 860 2621 et
883 2595 978 2631 quae
1001 2585 1044 2619 in
1065 2584 1131 2620 illo
1154 2590 1395 2632 peraguntur.

247 2658 379 2693 Omnes
405 2660 497 2693 albis
522 2661 681 2695 vestibus
708 2662 831 2697 induti
856 2668 964 2698 nocte
999 2664 1133 2709 partim
1157 2662 1203 2696 ad
1228 2661 1430 2701 caminum,
1462 2659 1592 2704 partim

154 2705 202 2742 ad
225 2705 386 2752 apsidem
412 2705 637 2753 procedunt:
668 2709 918 2757 praepositus,
950 2715 1096 2758 accepta
1122 2722 1144 2746 a
1167 2707 1369 2758 silentiario
1406 2705 1594 2749 combina,
