1878 3112
346 108 457 163 622
626 124 981 167 CONSTANTml
1020 124 1522 196 PORPHYRon‘n,

347 229 500 280 ζονται.
557 224 629 267 ἐπὶ
655 227 701 266 δὲ
727 225 953 268 Βασιλείου
982 228 1058 267 τοῦ
1095 225 1292 280 οἷοιδιζιιου
1332 226 1539 281 βασιλέως
1575 214 1713 283 γέγονε
1737 229 1785 286 τὸ

345 291 558 347 κούρευμα
587 293 770 339 Λέοντος
796 293 872 332 τοῦ
899 290 1171 347 φιλοχρίστου
1194 291 1396 334 δεσπότου
1429 295 1502 335 καί
1526 292 1626 336 υἱοῦ
1653 295 1790 336 αὐτοῦ’

346 353 490 405 οὕτως.
546 357 619 410 τῆς
648 355 958 411 προρ’ρ(ηθει’σης
992 355 1144 407 τάξεως
1171 356 1307 411 πάσης
1344 359 1634 414 τελεσθείσης,
1672 361 1790 417 γέγο-

349 438 415 464 νεν
443 422 468 476 ἦ
498 419 810 476 ἑκκλησιαστικὴ
841 424 954 463 πᾶσα
985 419 1214 464 ἀκολουθία
1242 424 1317 464 τοῦ
1344 421 1629 478 κουρεύματος
1656 426 1702 467 ἐν
1728 427 1786 483 τῷ

306 485 547 544 Οεόκτηρίῳ
590 488 662 528 τοῦ
701 486 820 540 ἁγίου
868 487 1238 551 μεγαλομὰρτυρος
1275 485 1497 544 Θεοδώρου
1538 487 1614 531 τοῦ
1648 490 1694 532 ἐν
1731 491 1816 550 τῷὄ

147 551 447 609 Με.2ιι-ειπρὸς
487 550 688 606 ἀνατολὴν
717 552 923 610 ἀριστερῷ
948 554 1067 609 μέρει
1094 554 1170 594 τοῦ
1205 554 1566 611 χρυσοτρικλίνου.
1633 550 1795 597 dreia&

339 634 413 672 χοι
440 619 486 660 δὲ
513 619 594 660 τῶν
621 620 777 675 τριχῶν
805 621 882 660 τοῦ
919 619 1138 672 βασιλικοῦ
1166 618 1317 669 παιδὸς
1354 619 1568 674 γεγόνασιν
1595 616 1680 674 εἶτε
1706 638 1788 663 πα·-

341 685 497 741 τρίκιος
524 685 652 727 Λέων
679 682 752 725 καί
775 683 1000 740 στρατηγὸς
1024 686 1107 726 τῶν
1122 680 1401 727 Ἀνατολικῶν
1433 683 1456 726 ὅ
1471 684 1687 742 κρατερὸς,
1715 685 1791 728 καὶ

344 750 370 792 ὅ
399 748 629 805 στρατηγὸς
658 752 965 798 Καππαδοκίας
1000 749 1072 791 καὶ
1099 751 1138 792 οἱ
1163 751 1428 807 τουρμάρχαι
1469 750 1544 792 καί
1571 751 1786 808 μεράρχαι

344 815 420 859 καὶ
444 816 482 858 οἱ
511 814 650 858 λοιποὶ
693 813 845 867 πάντες
883 815 1106 869 θεματικοί
1139 810 1339 872 ἄρχοντες
1365 818 1449 859 τῶν
1480 817 1621 859 αὐτῶν
1646 817 1839 872 &spui-io

340 899 424 925 των
450 881 556 936 μετὰ
589 880 662 923 καὶ
688 882 773 924 τῶν
810 879 1244 938 δρουγγαροκομήτων.
1302 880 1384 923 ἀπὸ
1413 879 1494 938 γὰρ
1523 883 1606 924 τῶν
1633 883 1790 938 κιγκλί-

345 950 431 991 δων
456 951 533 990 τοῦ
567 948 752 1004 βήματος
778 949 854 990 τοῦ
892 944 1025 989 αὐτοῦ
1067 947 1282 1003 εὕκτηριόυ
1311 949 1441 1003 μέχρι
1477 949 1554 989 τοῦ
1588 945 1790 1005 πόρτηκος

344 1017 426 1056 τοῦ
450 1015 826 1070 χρυσοτρικλίνου,
870 1015 914 1056 ἐν
943 1007 979 1071 (ᾖ
1010 1013 1083 1055 καί
1126 1011 1174 1054 τὸ
1215 1010 1439 1069 ὡρολόγιον
1467 1015 1628 1065 ἵσταται
1637 1048 1651 1067 ,
1689 1031 1789 1056 συν-

341 1079 507 1136 εκράτει
537 1079 562 1134 ἦ
591 1081 671 1121 τῶν
709 1079 924 1135 ἐγχειρίων
964 1074 1064 1120 ἄλλο
1105 1077 1209 1134 πρὸς
1245 1077 1288 1120 τὸ
1332 1073 1432 1121 ἄλλο
1469 1074 1672 1136 συᾷᾇαφῆ
1715 1079 1790 1137 καὶ

305 1143 628 1200 Βσυνάρμοσις,
667 1141 772 1186 ὥστε
803 1145 959 1193 πάντας
984 1141 1081 1194 τούς
1108 1142 1364 1196 θεματικούς
1390 1139 1595 1201 ἄρχοντας
1616 1145 1839 1192 'Arato-15

339 1208 485 1260 λικοὺς
511 1208 583 1251 καί
609 1206 903 1259 Καππάδοκας
931 1207 1168 1263 ἀναδόχους
1195 1210 1390 1263 γενέσθαι
1416 1211 1500 1252 τῶν
1526 1211 1683 1267 τριχῶν
1709 1211 1786 1252 τοῦ

342 1276 561 1331 βασιλικοῦ
587 1273 752 1324 παιδός.

942 1355 1080 1396 ΚΕΦ.
1095 1353 1173 1395 κδ’.

714 1431 801 1467 Ἐπὶ
824 1433 1030 1478 προαγωγῇ
1065 1431 1412 1478 κουβικουλαραίας.

461 1519 546 1574 Τῆς
578 1520 860 1575 καθημερινῆς
900 1518 1182 1575 προελεύσεως
1222 1517 1462 1575 ἱσταμένης,
1501 1517 1575 1561 καὶ
1604 1518 1682 1562 ‘tofi'
1705 1523 1840 1576 βαι-20

342 1587 491 1635 σιλέως
530 1586 806 1638 καθεζομένου
837 1586 882 1627 ἐν
909 1587 970 1643 τῷ
998 1586 1324 1644 χρυσοτρικλίνῳ
1351 1587 1424 1628 καὶ
1460 1581 1692 1635 κελεύοντος
1717 1602 1788 1641 γε-

342 1654 494 1694 νέσθαι
517 1652 898 1707 κουβικουλαραίαν
915 1683 928 1706 ‚
959 1652 1082 1707 δηλοῖ
1102 1658 1189 1702 τοῖς
1218 1651 1531 1706 πραιποσίτοις,
1560 1651 1634 1695 καί
1662 1653 1789 1696 αὐτοὶ

346 1764 414 1797 filii
439 1763 518 1796 eius
543 1763 674 1796 Leonis
691 1788 701 1804 ‚
726 1763 954 1808 philochristi
975 1764 1176 1808 Despotae,
1203 1763 1300 1797 hunc
1329 1764 1367 1797 in
1399 1764 1556 1799 modum.
1611 1765 1785 1811 Reliqua,

345 1821 453 1857 quem
495 1810 674 1849 diximus,
706 1816 877 1855 apparatu
913 1810 1188 1844 cerimoniarum
1227 1811 1444 1856 praemisso,
1481 1812 1590 1845 fiebat
1631 1812 1784 1846 officium

345 1863 518 1890 tonsurae
543 1857 837 1897 ecclesiasticum,
861 1861 970 1902 prout
995 1858 1082 1889 ritus
1106 1856 1197 1898 fert,
1230 1859 1270 1890 in
1296 1858 1456 1891 oratorio
1481 1858 1515 1892 S.
1543 1859 1663 1905 magni
1689 1870 1786 1892 mar-

341 1905 430 1947 tyris
458 1903 661 1942 Theodori,
691 1903 787 1948 quod
817 1909 872 1937 est
893 1905 932 1936 in
960 1903 1106 1936 sinistra
1133 1915 1254 1937 versus
1279 1905 1456 1938 orientem
1480 1907 1658 1952 spectanti
1688 1905 1784 1950 regi-

348 1961 417 1984 one
445 1949 732 1993 chrysotriclinii.
781 1950 996 1994 Exceptores
1034 1950 1185 1983 crinium
1220 1951 1414 1995 imperialis
1447 1951 1552 1996 pueri
1581 1956 1683 1984 erant
1705 1951 1780 1984 Leo

350 1995 516 2043 [Phocas]
547 1997 718 2041 patricius
756 2001 792 2029 et
824 2003 900 2030 tum
924 2001 1095 2040 strategus
1121 1997 1416 2037 Anatolicorum,
1449 1997 1553 2031 fortis
1586 1997 1711 2039 heros;
1745 2002 1783 2041 et

348 2049 546 2088 strategus,
572 2044 635 2089 qui
664 2048 738 2075 tum
763 2049 860 2083 erat,
890 2042 1138 2086 Cappadociae
1175 2049 1211 2076 et
1246 2043 1468 2076 turmarchae
1506 2048 1543 2076 et
1576 2042 1780 2087 mer-archae

349 2094 387 2121 et
419 2090 552 2134 reliqui
593 2099 716 2122 omnes
752 2095 906 2122 rectores
950 2089 1190 2132 provinciales
1238 2089 1432 2122 eorundem
1469 2088 1668 2124 thematum
1715 2101 1781 2133 seu

346 2137 634 2179 provinciarum,
668 2135 858 2168 Anatoliae
891 2145 1019 2178 nempe
1044 2141 1153 2180 atque
1170 2134 1438 2179 Cappadociae,
1470 2147 1540 2168 una
1565 2146 1646 2168 cum
1669 2136 1783 2170 drun-

349 2181 438 2226 garii
474 2181 677 2214 comitibus.
740 2181 787 2213 Hi
824 2191 945 2213 omncs
986 2181 1122 2214 fiebant
1154 2186 1359 2224 exceptores
1398 2181 1550 2214 crinium
1582 2180 1781 2229 imperialis

347 2227 472 2272 pueri,
500 2232 633 2259 stantes
667 2238 797 2271 nempe
824 2238 843 2258 a
877 2227 1041 2260 cancellis
1074 2227 1243 2260 tribunae
1274 2227 1380 2260 modo
1409 2228 1496 2261 dicti
1532 2230 1670 2263 oraculi
1693 2229 1780 2263 inde

349 2284 464 2320 usque
491 2273 535 2305 ad
560 2274 739 2316 porticum
767 2272 1051 2315 chrysotriclini,
1084 2274 1119 2306 in
1155 2285 1225 2318 qua
1261 2273 1487 2318 horologium
1520 2279 1611 2316 stat,
1653 2280 1691 2310 et
1721 2281 1780 2312 te-

348 2325 477 2354 nentes
506 2320 614 2354 telam
638 2320 739 2352 illam
765 2319 906 2365 longam
928 2330 947 2352 e
983 2319 1106 2352 multis
1130 2320 1226 2353 inter
1253 2331 1291 2353 se
1318 2321 1476 2354 consutis
1507 2321 1660 2356 sudariis
1694 2332 1780 2356 con·-

349 2367 489 2402 sectam.

989 2432 1085 2467 CAP.
1110 2432 1168 2478 24.

747 2522 850 2557 Ritus
869 2523 1109 2569 promotionis
1129 2523 1394 2560 cubiculariae.

447 2614 673 2650 Consistente
700 2613 772 2647 iam
796 2614 902 2647 modo
933 2619 970 2648 et
999 2626 1077 2649 orsa
1107 2615 1319 2660 quotidiana
1345 2616 1573 2661 processione
1605 2623 1670 2651 seu
1691 2625 1778 2650 con·-

352 2667 463 2699 ventu
483 2672 690 2706 procerum,
725 2660 869 2706 quando
895 2661 1091 2704 Imperator
1122 2664 1161 2695 in
1188 2661 1458 2706 chrysotriclino
1494 2663 1596 2697 sedet
1634 2667 1672 2697 et
1700 2662 1779 2695 vult

355 2709 612 2744 cubiculariam
644 2718 786 2753 creare2
814 2708 992 2753 significat
1022 2707 1063 2742 id
1097 2710 1324 2755 praepositis.
1366 2710 1418 2747 Hi
1446 2721 1512 2757 pro
1539 2719 1638 2745 more
1659 2718 1778 2745 secum
