<?xml version="1.0" encoding="UTF-8"?>
<!DOCTYPE html PUBLIC "-//W3C//DTD XHTML 1.0 Transitional//EN"
    "http://www.w3.org/TR/xhtml1/DTD/xhtml1-transitional.dtd">
<html xmlns="http://www.w3.org/1999/xhtml" xml:lang="en" lang="en">
 <head>
  <title>
</title>
<meta http-equiv="Content-Type" content="text/html;charset=utf-8" />
  <meta name='ocr-system' content='tesseract 3.04.00' />
  <meta name='ocr-capabilities' content='ocr_page ocr_carea ocr_par ocr_line ocrx_word'/>
</head>
<body>
  <div class='ocr_page' id='page_1' title='image "./corpusscriptorum07niebuoft_0614.png"; bbox 0 0 1878 3112; ppageno 0'>
   <div class='ocr_carea' id='block_1_1' title="bbox 279 108 1446 177">
    <p class='ocr_par' dir='ltr' id='par_1_1' title="bbox 279 108 1446 177">
     <span class='ocr_line' id='line_1_1' title="bbox 279 108 1446 177; baseline 0.008 -12"><span class='ocrx_word' id='word_1_1' title='bbox 279 108 390 177; x_wconf 68' lang='lat'><em>548</em></span> <span class='ocrx_word' id='word_1_2' title='bbox 549 127 911 170; x_wconf 75' lang='lat' dir='ltr'>CONSTANTlNl</span> <span class='ocrx_word' id='word_1_3' title='bbox 958 127 1446 174; x_wconf 74' lang='lat' dir='ltr'><strong>PORPHYROGENI‘H</strong></span> 
     </span>
    </p>
   </div>
   <div class='ocr_carea' id='block_1_2' title="bbox 78 226 1788 1813">
    <p class='ocr_par' dir='ltr' id='par_1_2' title="bbox 78 226 1788 1813">
     <span class='ocr_line' id='line_1_2' title="bbox 272 226 1732 291; baseline 0.003 -18"><span class='ocrx_word' id='word_1_4' title='bbox 272 229 367 283; x_wconf 75' lang='grc' dir='ltr'><em>τὸν,</em></span> <span class='ocrx_word' id='word_1_5' title='bbox 408 231 480 272; x_wconf 84' lang='grc' dir='ltr'><em>καί</em></span> <span class='ocrx_word' id='word_1_6' title='bbox 509 226 588 271; x_wconf 73' lang='grc' dir='ltr'><em>εἶθ’</em></span> <span class='ocrx_word' id='word_1_7' title='bbox 617 226 753 278; x_wconf 73' lang='grc' dir='ltr'><em>οὕτως</em></span> <span class='ocrx_word' id='word_1_8' title='bbox 782 229 1047 285; x_wconf 69' lang='grc' dir='ltr'><em>εἰσέρχονται</em></span> <span class='ocrx_word' id='word_1_9' title='bbox 1074 228 1145 272; x_wconf 77' lang='grc' dir='ltr'><em>διὰ</em></span> <span class='ocrx_word' id='word_1_10' title='bbox 1180 234 1253 287; x_wconf 78' lang='grc' dir='ltr'><em>τῆς</em></span> <span class='ocrx_word' id='word_1_11' title='bbox 1282 233 1415 276; x_wconf 77' lang='grc' dir='ltr'><em>ἐκεῖσε</em></span> <span class='ocrx_word' id='word_1_12' title='bbox 1455 232 1732 291; x_wconf 77' lang='grc' dir='ltr'><strong><em>εἰσφερούσης</em></strong></span> 
     </span>
     <span class='ocr_line' id='line_1_3' title="bbox 273 293 1734 357; baseline 0.003 -20"><span class='ocrx_word' id='word_1_13' title='bbox 273 297 406 352; x_wconf 69' lang='grc' dir='ltr'><em>πύλης</em></span> <span class='ocrx_word' id='word_1_14' title='bbox 429 295 551 351; x_wconf 82' lang='grc' dir='ltr'><em>πρὸς</em></span> <span class='ocrx_word' id='word_1_15' title='bbox 589 293 637 336; x_wconf 88' lang='grc' dir='ltr'>τὸ</span> <span class='ocrx_word' id='word_1_16' title='bbox 684 293 819 345; x_wconf 79' lang='grc' dir='ltr'><em>δεξιὸν</em></span> <span class='ocrx_word' id='word_1_17' title='bbox 859 298 989 352; x_wconf 86' lang='grc' dir='ltr'><em>μέρος</em></span> <span class='ocrx_word' id='word_1_18' title='bbox 1025 298 1103 338; x_wconf 81' lang='grc' dir='ltr'><em>τοῦ</em></span> <span class='ocrx_word' id='word_1_19' title='bbox 1145 298 1350 353; x_wconf 76' lang='grc' dir='ltr'><strong><em>βήματος.</em></strong></span> <span class='ocrx_word' id='word_1_20' title='bbox 1403 299 1535 342; x_wconf 82' lang='grc' dir='ltr'><strong><em>ἐκεῖσε</em></strong></span> <span class='ocrx_word' id='word_1_21' title='bbox 1569 299 1652 357; x_wconf 73' lang='grc' dir='ltr'><em>γάρ</em></span> <span class='ocrx_word' id='word_1_22' title='bbox 1691 299 1734 342; x_wconf 77' lang='grc' dir='ltr'><em>οῖ</em></span> 
     </span>
     <span class='ocr_line' id='line_1_4' title="bbox 273 358 1733 419; baseline 0.003 -15"><span class='ocrx_word' id='word_1_23' title='bbox 273 365 345 417; x_wconf 78' lang='grc' dir='ltr'><em>τῆς</em></span> <span class='ocrx_word' id='word_1_24' title='bbox 373 358 603 415; x_wconf 74' lang='grc' dir='ltr'><em>συγκλήτου</em></span> <span class='ocrx_word' id='word_1_25' title='bbox 633 361 784 410; x_wconf 80' lang='grc' dir='ltr'><em>πάντες</em></span> <span class='ocrx_word' id='word_1_26' title='bbox 826 362 1019 403; x_wconf 79' lang='grc' dir='ltr'><strong><em>ἵστανται</em></strong></span> <span class='ocrx_word' id='word_1_27' title='bbox 1045 360 1154 415; x_wconf 75' lang='grc' dir='ltr'><em>μετὰ</em></span> <span class='ocrx_word' id='word_1_28' title='bbox 1193 363 1268 405; x_wconf 83' lang='grc' dir='ltr'><em>καί</em></span> <span class='ocrx_word' id='word_1_29' title='bbox 1294 366 1377 406; x_wconf 85' lang='grc' dir='ltr'><em>τῶν</em></span> <span class='ocrx_word' id='word_1_30' title='bbox 1403 367 1631 419; x_wconf 78' lang='grc' dir='ltr'><em>βασιλικῶν</em></span> <span class='ocrx_word' id='word_1_31' title='bbox 1659 366 1733 408; x_wconf 78' lang='grc' dir='ltr'><em>καὶ</em></span> 
     </span>
     <span class='ocr_line' id='line_1_5' title="bbox 272 424 1727 480; baseline 0.003 -11"><span class='ocrx_word' id='word_1_32' title='bbox 272 430 351 470; x_wconf 79' lang='grc' dir='ltr'><em>τοῦ</em></span> <span class='ocrx_word' id='word_1_33' title='bbox 379 427 699 480; x_wconf 76' lang='grc' dir='ltr'><em>κουβουκλείου,</em></span> <span class='ocrx_word' id='word_1_34' title='bbox 728 424 1006 480; x_wconf 82' lang='grc' dir='ltr'><em>ἐπευχόμενοι</em></span> <span class='ocrx_word' id='word_1_35' title='bbox 1033 427 1132 478; x_wconf 85' lang='grc' dir='ltr'><em>τούς</em></span> <span class='ocrx_word' id='word_1_36' title='bbox 1161 429 1377 479; x_wconf 77' lang='grc' dir='ltr'><em>δεσπότας.</em></span> <span class='ocrx_word' id='word_1_37' title='bbox 1434 432 1506 473; x_wconf 84' lang='grc' dir='ltr'><em>καί</em></span> <span class='ocrx_word' id='word_1_38' title='bbox 1532 428 1614 473; x_wconf 74' lang='grc' dir='ltr'><em>ἀπὸ</em></span> <span class='ocrx_word' id='word_1_39' title='bbox 1642 433 1727 473; x_wconf 86' lang='grc' dir='ltr'><em>τῶν</em></span> 
     </span>
     <span class='ocr_line' id='line_1_6' title="bbox 274 491 1761 554; baseline 0.003 -19"><span class='ocrx_word' id='word_1_40' title='bbox 274 495 407 535; x_wconf 78' lang='grc' dir='ltr'><em>ἐκεῖσε</em></span> <span class='ocrx_word' id='word_1_41' title='bbox 439 494 701 548; x_wconf 75' lang='grc' dir='ltr'><em>εἰσέρχονται</em></span> <span class='ocrx_word' id='word_1_42' title='bbox 743 494 802 543; x_wconf 88' lang='grc' dir='ltr'><em>εἰς</em></span> <span class='ocrx_word' id='word_1_43' title='bbox 830 492 882 535; x_wconf 81' lang='grc' dir='ltr'><em>τὰ</em></span> <span class='ocrx_word' id='word_1_44' title='bbox 911 491 1011 548; x_wconf 76' lang='grc' dir='ltr'><em>ἅγια</em></span> <span class='ocrx_word' id='word_1_45' title='bbox 1038 493 1196 551; x_wconf 76' lang='grc' dir='ltr'><em>θύρια,</em></span> <span class='ocrx_word' id='word_1_46' title='bbox 1237 498 1311 538; x_wconf 82' lang='grc' dir='ltr'>καί</span> <span class='ocrx_word' id='word_1_47' title='bbox 1339 492 1544 540; x_wconf 77' lang='grc' dir='ltr'><em>ἅπτουσιν</em></span> <span class='ocrx_word' id='word_1_48' title='bbox 1572 495 1761 554; x_wconf 72' lang='grc' dir='ltr'><em>κηρούς5</em></span> 
     </span>
     <span class='ocr_line' id='line_1_7' title="bbox 241 556 1732 615; baseline 0.001 -12"><span class='ocrx_word' id='word_1_49' title='bbox 241 557 384 603; x_wconf 63' lang='lat' dir='ltr'><em>cnara}</em></span> <span class='ocrx_word' id='word_1_50' title='bbox 413 556 460 601; x_wconf 86' lang='grc' dir='ltr'><em>τὸ</em></span> <span class='ocrx_word' id='word_1_51' title='bbox 492 557 667 612; x_wconf 78' lang='grc' dir='ltr'><em>εἰωθὸς,</em></span> <span class='ocrx_word' id='word_1_52' title='bbox 695 562 768 601; x_wconf 80' lang='grc' dir='ltr'>καί</span> <span class='ocrx_word' id='word_1_53' title='bbox 791 557 844 601; x_wconf 78' lang='grc' dir='ltr'><em>τὰ</em></span> <span class='ocrx_word' id='word_1_54' title='bbox 873 557 966 615; x_wconf 75' lang='grc' dir='ltr'><em>ἑξῆς</em></span> <span class='ocrx_word' id='word_1_55' title='bbox 995 559 1103 602; x_wconf 75' lang='grc' dir='ltr'><em>κατὰ</em></span> <span class='ocrx_word' id='word_1_56' title='bbox 1143 559 1217 604; x_wconf 85' lang='grc' dir='ltr'><em>τὸν</em></span> <span class='ocrx_word' id='word_1_57' title='bbox 1240 561 1377 604; x_wconf 76' lang='grc' dir='ltr'><em>τύπονί</em></span> <span class='ocrx_word' id='word_1_58' title='bbox 1397 564 1602 606; x_wconf 76' lang='grc' dir='ltr'><em>τελοῦσιν.</em></span> <span class='ocrx_word' id='word_1_59' title='bbox 1657 563 1732 606; x_wconf 78' lang='grc' dir='ltr'><em>καὶ</em></span> 
     </span>
     <span class='ocr_line' id='line_1_8' title="bbox 78 622 1731 686; baseline 0.002 -17"><span class='ocrx_word' id='word_1_60' title='bbox 78 635 145 669; x_wconf 82' lang='lat' dir='ltr'><em>Ms.</em></span> <span class='ocrx_word' id='word_1_61' title='bbox 164 635 260 670; x_wconf 87' lang='lat' dir='ltr'><strong>186.a</strong></span> <span class='ocrx_word' id='word_1_62' title='bbox 274 622 356 668; x_wconf 72' lang='grc' dir='ltr'><em>εἶθ’</em></span> <span class='ocrx_word' id='word_1_63' title='bbox 387 622 523 674; x_wconf 67' lang='grc' dir='ltr'><em>οὕτως</em></span> <span class='ocrx_word' id='word_1_64' title='bbox 559 626 885 680; x_wconf 68' lang='grc' dir='ltr'><em>παραλαμβάνει</em></span> <span class='ocrx_word' id='word_1_65' title='bbox 925 625 1006 668; x_wconf 73' lang='grc' dir='ltr'><em>ἀπὸ</em></span> <span class='ocrx_word' id='word_1_66' title='bbox 1032 628 1176 683; x_wconf 83' lang='grc' dir='ltr'><em>χειρός</em></span> <span class='ocrx_word' id='word_1_67' title='bbox 1204 629 1280 670; x_wconf 78' lang='grc' dir='ltr'><em>τοῦ</em></span> <span class='ocrx_word' id='word_1_68' title='bbox 1310 631 1567 686; x_wconf 86' lang='grc' dir='ltr'><em>καστρησίου</em></span> <span class='ocrx_word' id='word_1_69' title='bbox 1597 628 1618 672; x_wconf 84' lang='grc' dir='ltr'>ὅ</span> <span class='ocrx_word' id='word_1_70' title='bbox 1647 647 1731 672; x_wconf 83' lang='grc' dir='ltr'><em>πα-</em></span> 
     </span>
     <span class='ocr_line' id='line_1_9' title="bbox 274 689 1731 753; baseline 0.003 -19"><span class='ocrx_word' id='word_1_71' title='bbox 274 692 482 749; x_wconf 83' lang='grc' dir='ltr'><em>τριάρχης</em></span> <span class='ocrx_word' id='word_1_72' title='bbox 510 689 583 734; x_wconf 80' lang='grc' dir='ltr'><em>τὸν</em></span> <span class='ocrx_word' id='word_1_73' title='bbox 613 690 851 746; x_wconf 74' lang='grc' dir='ltr'><em>θυμιατὸν,</em></span> <span class='ocrx_word' id='word_1_74' title='bbox 894 692 967 734; x_wconf 83' lang='grc' dir='ltr'><em>καί</em></span> <span class='ocrx_word' id='word_1_75' title='bbox 992 695 1214 736; x_wconf 74' lang='grc' dir='ltr'><em>ἐπιδίδωσι</em></span> <span class='ocrx_word' id='word_1_76' title='bbox 1242 696 1300 753; x_wconf 78' lang='grc' dir='ltr'><em>τῷ</em></span> <span class='ocrx_word' id='word_1_77' title='bbox 1327 699 1521 751; x_wconf 83' lang='grc' dir='ltr'><em>βασιλεῖ’,</em></span> <span class='ocrx_word' id='word_1_78' title='bbox 1549 698 1623 739; x_wconf 86' lang='grc' dir='ltr'><em>καί</em></span> <span class='ocrx_word' id='word_1_79' title='bbox 1648 699 1731 738; x_wconf 71' lang='grc' dir='ltr'><em>θυ-</em></span> 
     </span>
     <span class='ocr_line' id='line_1_10' title="bbox 272 757 1731 818; baseline 0.002 -17"><span class='ocrx_word' id='word_1_80' title='bbox 272 761 352 817; x_wconf 74' lang='grc' dir='ltr'><em>μιᾷ</em></span> <span class='ocrx_word' id='word_1_81' title='bbox 382 759 403 800; x_wconf 83' lang='grc' dir='ltr'>ὁ</span> <span class='ocrx_word' id='word_1_82' title='bbox 427 757 635 813; x_wconf 61' lang='grc' dir='ltr'><em>βασιλευς</em></span> <span class='ocrx_word' id='word_1_83' title='bbox 673 760 792 815; x_wconf 80' lang='grc' dir='ltr'><em>πέριξ</em></span> <span class='ocrx_word' id='word_1_84' title='bbox 829 761 903 815; x_wconf 81' lang='grc' dir='ltr'><em>τῆς</em></span> <span class='ocrx_word' id='word_1_85' title='bbox 945 759 1067 815; x_wconf 76' lang='grc' dir='ltr'><em>ἁγίας</em></span> <span class='ocrx_word' id='word_1_86' title='bbox 1107 763 1332 818; x_wconf 81' lang='grc' dir='ltr'><em>τραπέζης,</em></span> <span class='ocrx_word' id='word_1_87' title='bbox 1370 765 1443 806; x_wconf 84' lang='grc' dir='ltr'>καί</span> <span class='ocrx_word' id='word_1_88' title='bbox 1475 761 1558 806; x_wconf 70' lang='grc' dir='ltr'><em>εἷθ’</em></span> <span class='ocrx_word' id='word_1_89' title='bbox 1595 760 1731 812; x_wconf 76' lang='grc' dir='ltr'><em>οὕτως</em></span> 
     </span>
     <span class='ocr_line' id='line_1_11' title="bbox 275 825 1788 885; baseline 0.003 -17"><span class='ocrx_word' id='word_1_90' title='bbox 275 825 347 868; x_wconf 77' lang='grc' dir='ltr'><em>διὰ</em></span> <span class='ocrx_word' id='word_1_91' title='bbox 380 828 455 867; x_wconf 83' lang='grc' dir='ltr'><em>τοῦ</em></span> <span class='ocrx_word' id='word_1_92' title='bbox 497 827 635 877; x_wconf 77' lang='grc' dir='ltr'><em>δεξιοῦ</em></span> <span class='ocrx_word' id='word_1_93' title='bbox 661 827 819 881; x_wconf 84' lang='grc' dir='ltr'><em>μέρους</em></span> <span class='ocrx_word' id='word_1_94' title='bbox 855 828 932 868; x_wconf 80' lang='grc' dir='ltr'><em>τοῦ</em></span> <span class='ocrx_word' id='word_1_95' title='bbox 960 826 1150 881; x_wconf 86' lang='grc' dir='ltr'><em>βήματος</em></span> <span class='ocrx_word' id='word_1_96' title='bbox 1187 826 1270 870; x_wconf 75' lang='grc' dir='ltr'><em>ἀπὸ</em></span> <span class='ocrx_word' id='word_1_97' title='bbox 1297 830 1382 872; x_wconf 87' lang='grc' dir='ltr'><em>τῶν</em></span> <span class='ocrx_word' id='word_1_98' title='bbox 1410 830 1541 872; x_wconf 78' lang='grc' dir='ltr'><em>ἐκεῖσε</em></span> <span class='ocrx_word' id='word_1_99' title='bbox 1567 830 1788 885; x_wconf 72' lang='grc' dir='ltr'><em>μικρῶνια</em></span> 
     </span>
     <span class='ocr_line' id='line_1_12' title="bbox 273 890 1727 952; baseline 0.002 -18"><span class='ocrx_word' id='word_1_100' title='bbox 273 892 404 947; x_wconf 75' lang='grc' dir='ltr'><em>ἁγίων</em></span> <span class='ocrx_word' id='word_1_101' title='bbox 447 894 592 948; x_wconf 74' lang='grc' dir='ltr'><em>θυρῶν</em></span> <span class='ocrx_word' id='word_1_102' title='bbox 634 893 877 947; x_wconf 77' lang='grc' dir='ltr'><em>ἐξέρχονται</em></span> <span class='ocrx_word' id='word_1_103' title='bbox 917 890 956 934; x_wconf 82' lang='grc' dir='ltr'><em>οἱ</em></span> <span class='ocrx_word' id='word_1_104' title='bbox 985 892 1184 935; x_wconf 80' lang='grc' dir='ltr'><em>δεσπόται</em></span> <span class='ocrx_word' id='word_1_105' title='bbox 1221 891 1312 949; x_wconf 81' lang='grc' dir='ltr'><em>ἅμα</em></span> <span class='ocrx_word' id='word_1_106' title='bbox 1349 896 1426 937; x_wconf 77' lang='grc' dir='ltr'><em>τοῦ</em></span> <span class='ocrx_word' id='word_1_107' title='bbox 1460 894 1727 952; x_wconf 85' lang='grc' dir='ltr'><em>πατριάρχου</em></span> 
     </span>
     <span class='ocr_line' id='line_1_13' title="bbox 272 957 1730 1018; baseline 0.003 -19"><span class='ocrx_word' id='word_1_108' title='bbox 272 959 351 1008; x_wconf 71' lang='grc' dir='ltr'><em>ἕως</em></span> <span class='ocrx_word' id='word_1_109' title='bbox 378 960 459 1000; x_wconf 86' lang='grc' dir='ltr'><em>τῶν</em></span> <span class='ocrx_word' id='word_1_110' title='bbox 496 960 729 1015; x_wconf 84' lang='grc' dir='ltr'><em>πορφυρῶν</em></span> <span class='ocrx_word' id='word_1_111' title='bbox 764 957 940 1012; x_wconf 82' lang='grc' dir='ltr'><em>κιόνων,</em></span> <span class='ocrx_word' id='word_1_112' title='bbox 969 958 1043 1002; x_wconf 73' lang='grc' dir='ltr'><em>καὶ</em></span> <span class='ocrx_word' id='word_1_113' title='bbox 1076 961 1210 1002; x_wconf 80' lang='grc' dir='ltr'><em>ἐκεῖσε</em></span> <span class='ocrx_word' id='word_1_114' title='bbox 1248 961 1621 1018; x_wconf 77' lang='grc' dir='ltr'><em>ἆποχαιρετίζουσι</em></span> <span class='ocrx_word' id='word_1_115' title='bbox 1657 958 1730 1003; x_wconf 84' lang='grc' dir='ltr'><em>τὸν</em></span> 
     </span>
     <span class='ocr_line' id='line_1_14' title="bbox 270 1021 1738 1084; baseline 0.003 -18"><span class='ocrx_word' id='word_1_116' title='bbox 270 1023 552 1081; x_wconf 84' lang='grc' dir='ltr'><em>πατριάρχην,</em></span> <span class='ocrx_word' id='word_1_117' title='bbox 581 1026 725 1068; x_wconf 83' lang='grc' dir='ltr'><em>τοῦτον</em></span> <span class='ocrx_word' id='word_1_118' title='bbox 756 1021 1053 1079; x_wconf 75' lang='grc' dir='ltr'><em>ἀσπαζόμενοι.</em></span> <span class='ocrx_word' id='word_1_119' title='bbox 1087 1028 1161 1068; x_wconf 85' lang='grc' dir='ltr'><em>καί</em></span> <span class='ocrx_word' id='word_1_120' title='bbox 1183 1026 1207 1068; x_wconf 81' lang='grc' dir='ltr'><em>ὅ</em></span> <span class='ocrx_word' id='word_1_121' title='bbox 1233 1030 1314 1081; x_wconf 85' lang='grc' dir='ltr'><em>μὲν</em></span> <span class='ocrx_word' id='word_1_122' title='bbox 1339 1027 1608 1084; x_wconf 79' lang='grc' dir='ltr'><em>πατριάρχης</em></span> <span class='ocrx_word' id='word_1_123' title='bbox 1639 1027 1738 1069; x_wconf 52' lang='grc' dir='ltr'><em>εἷσε</em></span> 
     </span>
     <span class='ocr_line' id='line_1_15' title="bbox 271 1089 1732 1150; baseline 0.001 -17"><span class='ocrx_word' id='word_1_124' title='bbox 271 1093 445 1147; x_wconf 85' lang='grc' dir='ltr'><em>έρχεται</em></span> <span class='ocrx_word' id='word_1_125' title='bbox 488 1093 548 1141; x_wconf 80' lang='grc' dir='ltr'><em>εἰς</em></span> <span class='ocrx_word' id='word_1_126' title='bbox 584 1089 632 1132; x_wconf 84' lang='grc' dir='ltr'><em>τὸ</em></span> <span class='ocrx_word' id='word_1_127' title='bbox 673 1094 790 1147; x_wconf 78' lang='grc' dir='ltr'><em>βῆμα</em></span> <span class='ocrx_word' id='word_1_128' title='bbox 825 1092 1050 1135; x_wconf 83' lang='grc' dir='ltr'><em>ἐκτελέσων</em></span> <span class='ocrx_word' id='word_1_129' title='bbox 1086 1091 1164 1149; x_wconf 84' lang='grc' dir='ltr'><em>τήν</em></span> <span class='ocrx_word' id='word_1_130' title='bbox 1201 1096 1454 1150; x_wconf 80' lang='grc' dir='ltr'><em>τριτοὲκτην·</em></span> <span class='ocrx_word' id='word_1_131' title='bbox 1510 1092 1550 1136; x_wconf 84' lang='grc' dir='ltr'><em>οἱ</em></span> <span class='ocrx_word' id='word_1_132' title='bbox 1589 1094 1635 1135; x_wconf 85' lang='grc' dir='ltr'><em>δὲ</em></span> <span class='ocrx_word' id='word_1_133' title='bbox 1663 1094 1732 1134; x_wconf 80' lang='grc' dir='ltr'><em>δε-</em></span> 
     </span>
     <span class='ocr_line' id='line_1_16' title="bbox 274 1157 1785 1217; baseline 0.003 -17"><span class='ocrx_word' id='word_1_134' title='bbox 274 1157 424 1200; x_wconf 88' lang='grc' dir='ltr'><em>σπόται</em></span> <span class='ocrx_word' id='word_1_135' title='bbox 455 1158 720 1213; x_wconf 82' lang='grc' dir='ltr'><em>εἰσέρχονται</em></span> <span class='ocrx_word' id='word_1_136' title='bbox 749 1159 794 1199; x_wconf 85' lang='grc' dir='ltr'><em>ἐν</em></span> <span class='ocrx_word' id='word_1_137' title='bbox 821 1159 879 1215; x_wconf 75' lang='grc' dir='ltr'><em>τῷ</em></span> <span class='ocrx_word' id='word_1_138' title='bbox 905 1161 1179 1217; x_wconf 75' lang='grc' dir='ltr'><em>μητατωρίῳ,</em></span> <span class='ocrx_word' id='word_1_139' title='bbox 1207 1162 1280 1201; x_wconf 86' lang='grc' dir='ltr'><em>καί</em></span> <span class='ocrx_word' id='word_1_140' title='bbox 1304 1160 1409 1213; x_wconf 77' lang='grc' dir='ltr'><em>μετὰ</em></span> <span class='ocrx_word' id='word_1_141' title='bbox 1439 1158 1516 1215; x_wconf 75' lang='grc' dir='ltr'><em>τὴν</em></span> <span class='ocrx_word' id='word_1_142' title='bbox 1543 1161 1614 1214; x_wconf 80' lang='grc' dir='ltr'><em>τῆς</em></span> <span class='ocrx_word' id='word_1_143' title='bbox 1639 1161 1785 1214; x_wconf 80' lang='grc' dir='ltr'><em>τρι-15</em></span> 
     </span>
     <span class='ocr_line' id='line_1_17' title="bbox 280 1223 1732 1279; baseline -0.001 -13"><span class='ocrx_word' id='word_1_144' title='bbox 280 1225 449 1279; x_wconf 82' lang='grc' dir='ltr'><em>τοέκτης</em></span> <span class='ocrx_word' id='word_1_145' title='bbox 494 1223 697 1265; x_wconf 73' lang='grc' dir='ltr'><em>ἀπόλυσιν</em></span> <span class='ocrx_word' id='word_1_146' title='bbox 732 1225 980 1279; x_wconf 77' lang='grc' dir='ltr'><em>α’νέρχονται</em></span> <span class='ocrx_word' id='word_1_147' title='bbox 1017 1226 1228 1278; x_wconf 71' lang='grc' dir='ltr'><em>μυστικαῖς</em></span> <span class='ocrx_word' id='word_1_148' title='bbox 1269 1224 1339 1267; x_wconf 84' lang='grc' dir='ltr'><em>διοὶ</em></span> <span class='ocrx_word' id='word_1_149' title='bbox 1377 1228 1455 1267; x_wconf 80' lang='grc' dir='ltr'><em>τοῦ</em></span> <span class='ocrx_word' id='word_1_150' title='bbox 1493 1227 1624 1268; x_wconf 79' lang='grc' dir='ltr'><em>ἐκεῖσε</em></span> <span class='ocrx_word' id='word_1_151' title='bbox 1652 1223 1732 1266; x_wconf 76' lang='grc' dir='ltr'><em>τοὸ</em></span> 
     </span>
     <span class='ocr_line' id='line_1_18' title="bbox 232 1289 1730 1346; baseline 0.001 -16"><span class='ocrx_word' id='word_1_152' title='bbox 232 1289 591 1346; x_wconf 72' lang='grc' dir='ltr'><em>Βμητατωρικίου</em></span> <span class='ocrx_word' id='word_1_153' title='bbox 620 1290 792 1343; x_wconf 83' lang='grc' dir='ltr'><em>κοχλιοῦ</em></span> <span class='ocrx_word' id='word_1_154' title='bbox 822 1291 882 1338; x_wconf 86' lang='grc' dir='ltr'><em>εἰς</em></span> <span class='ocrx_word' id='word_1_155' title='bbox 909 1289 962 1332; x_wconf 78' lang='grc' dir='ltr'><em>τὰ</em></span> <span class='ocrx_word' id='word_1_156' title='bbox 992 1291 1297 1346; x_wconf 81' lang='grc' dir='ltr'><em>κατηχούμενα,</em></span> <span class='ocrx_word' id='word_1_157' title='bbox 1330 1289 1405 1333; x_wconf 74' lang='grc' dir='ltr'><em>καί</em></span> <span class='ocrx_word' id='word_1_158' title='bbox 1424 1289 1493 1332; x_wconf 81' lang='grc' dir='ltr'><em>διὰ</em></span> <span class='ocrx_word' id='word_1_159' title='bbox 1522 1292 1607 1332; x_wconf 88' lang='grc' dir='ltr'><em>τῶν</em></span> <span class='ocrx_word' id='word_1_160' title='bbox 1635 1291 1730 1332; x_wconf 92' lang='grc' dir='ltr'><em>δια-</em></span> 
     </span>
     <span class='ocr_line' id='line_1_19' title="bbox 273 1356 1730 1413; baseline 0.001 -16"><span class='ocrx_word' id='word_1_161' title='bbox 273 1358 454 1410; x_wconf 86' lang='grc' dir='ltr'><em>βατικῶν</em></span> <span class='ocrx_word' id='word_1_162' title='bbox 481 1358 740 1411; x_wconf 86' lang='grc' dir='ltr'><em>εἰσέρχονται</em></span> <span class='ocrx_word' id='word_1_163' title='bbox 766 1357 977 1409; x_wconf 78' lang='grc' dir='ltr'><em>μυστικῶς</em></span> <span class='ocrx_word' id='word_1_164' title='bbox 1005 1356 1316 1413; x_wconf 77' lang='grc' dir='ltr'><em>δήριγευὸμενοι</em></span> <span class='ocrx_word' id='word_1_165' title='bbox 1348 1356 1432 1398; x_wconf 69' lang='grc' dir='ltr'><em>ὑπό</em></span> <span class='ocrx_word' id='word_1_166' title='bbox 1462 1373 1504 1399; x_wconf 88' lang='grc' dir='ltr'><em>τε</em></span> <span class='ocrx_word' id='word_1_167' title='bbox 1531 1358 1616 1398; x_wconf 90' lang='grc' dir='ltr'><em>τῶν</em></span> <span class='ocrx_word' id='word_1_168' title='bbox 1643 1372 1730 1410; x_wconf 87' lang='grc' dir='ltr'><em>μα-</em></span> 
     </span>
     <span class='ocr_line' id='line_1_20' title="bbox 274 1418 1730 1480; baseline -0.002 -15"><span class='ocrx_word' id='word_1_169' title='bbox 274 1423 485 1478; x_wconf 79' lang='grc' dir='ltr'><em>γλαβιτῶν</em></span> <span class='ocrx_word' id='word_1_170' title='bbox 514 1424 586 1464; x_wconf 84' lang='grc' dir='ltr'><em>καί</em></span> <span class='ocrx_word' id='word_1_171' title='bbox 612 1424 685 1477; x_wconf 80' lang='grc' dir='ltr'><em>τῆς</em></span> <span class='ocrx_word' id='word_1_172' title='bbox 712 1418 925 1478; x_wconf 71' lang='grc' dir='ltr'><em>ἑταιρείας</em></span> <span class='ocrx_word' id='word_1_173' title='bbox 954 1424 1013 1473; x_wconf 81' lang='grc' dir='ltr'><em>εἰς</em></span> <span class='ocrx_word' id='word_1_174' title='bbox 1041 1421 1085 1465; x_wconf 81' lang='grc' dir='ltr'><em>τὸ</em></span> <span class='ocrx_word' id='word_1_175' title='bbox 1119 1421 1407 1480; x_wconf 81' lang='grc' dir='ltr'><em>θεοφύλακτον</em></span> <span class='ocrx_word' id='word_1_176' title='bbox 1434 1420 1658 1464; x_wconf 77' lang='grc' dir='ltr'><em>παλάτιον·</em></span> <span class='ocrx_word' id='word_1_177' title='bbox 1689 1420 1730 1463; x_wconf 81' lang='grc' dir='ltr'><em>οἱ</em></span> 
     </span>
     <span class='ocr_line' id='line_1_21' title="bbox 276 1485 1785 1544; baseline 0.001 -13"><span class='ocrx_word' id='word_1_178' title='bbox 276 1490 324 1531; x_wconf 86' lang='grc' dir='ltr'><em>δὲ</em></span> <span class='ocrx_word' id='word_1_179' title='bbox 351 1491 425 1544; x_wconf 78' lang='grc' dir='ltr'><em>τῆς</em></span> <span class='ocrx_word' id='word_1_180' title='bbox 453 1488 686 1544; x_wconf 74' lang='grc' dir='ltr'><em>συγκλήτου</em></span> <span class='ocrx_word' id='word_1_181' title='bbox 715 1487 863 1539; x_wconf 76' lang='grc' dir='ltr'><em>πάντες</em></span> <span class='ocrx_word' id='word_1_182' title='bbox 891 1490 964 1531; x_wconf 85' lang='grc' dir='ltr'>καί</span> <span class='ocrx_word' id='word_1_183' title='bbox 992 1487 1030 1531; x_wconf 85' lang='grc' dir='ltr'><em>οἱ</em></span> <span class='ocrx_word' id='word_1_184' title='bbox 1058 1491 1136 1531; x_wconf 80' lang='grc' dir='ltr'><em>τοῦ</em></span> <span class='ocrx_word' id='word_1_185' title='bbox 1162 1491 1455 1544; x_wconf 85' lang='grc' dir='ltr'><em>κουβουκλείου</em></span> <span class='ocrx_word' id='word_1_186' title='bbox 1485 1487 1558 1530; x_wconf 74' lang='grc' dir='ltr'><em>καὶ</em></span> <span class='ocrx_word' id='word_1_187' title='bbox 1584 1485 1622 1528; x_wconf 80' lang='grc' dir='ltr'><em>οἱ</em></span> <span class='ocrx_word' id='word_1_188' title='bbox 1650 1490 1785 1542; x_wconf 61' lang='lat' dir='ltr'><strong>pla-20</strong></span> 
     </span>
     <span class='ocr_line' id='line_1_22' title="bbox 276 1550 1729 1611; baseline -0.002 -13"><span class='ocrx_word' id='word_1_189' title='bbox 276 1554 431 1598; x_wconf 80' lang='grc' dir='ltr'><em>σιλικοί</em></span> <span class='ocrx_word' id='word_1_190' title='bbox 457 1550 675 1610; x_wconf 70' lang='grc' dir='ltr'><em>ἅνθρωποι</em></span> <span class='ocrx_word' id='word_1_191' title='bbox 701 1553 812 1608; x_wconf 79' lang='grc' dir='ltr'><em>μετὰ</em></span> <span class='ocrx_word' id='word_1_192' title='bbox 841 1553 918 1611; x_wconf 84' lang='grc' dir='ltr'><em>τήν</em></span> <span class='ocrx_word' id='word_1_193' title='bbox 945 1556 1016 1611; x_wconf 74' lang='grc' dir='ltr'><em>τῆς</em></span> <span class='ocrx_word' id='word_1_194' title='bbox 1042 1556 1274 1611; x_wconf 87' lang='grc' dir='ltr'><em>τριτοέκτης</em></span> <span class='ocrx_word' id='word_1_195' title='bbox 1302 1555 1508 1597; x_wconf 71' lang='grc' dir='ltr'><em>ἀπόλυσιν</em></span> <span class='ocrx_word' id='word_1_196' title='bbox 1537 1552 1619 1596; x_wconf 86' lang='grc' dir='ltr'><em>οἷπὸ</em></span> <span class='ocrx_word' id='word_1_197' title='bbox 1646 1555 1729 1596; x_wconf 82' lang='grc' dir='ltr'><em>τῶν</em></span> 
     </span>
     <span class='ocr_line' id='line_1_23' title="bbox 274 1615 1730 1679; baseline -0.002 -16"><span class='ocrx_word' id='word_1_198' title='bbox 274 1621 433 1674; x_wconf 82' lang='grc' dir='ltr'><em>ἐκεῖσε,</em></span> <span class='ocrx_word' id='word_1_199' title='bbox 473 1615 600 1676; x_wconf 72' lang='grc' dir='ltr'><em>ἤγουν</em></span> <span class='ocrx_word' id='word_1_200' title='bbox 629 1619 711 1662; x_wconf 75' lang='grc' dir='ltr'><em>ἀπὸ</em></span> <span class='ocrx_word' id='word_1_201' title='bbox 743 1623 814 1676; x_wconf 68' lang='grc' dir='ltr'><em>τῆς</em></span> <span class='ocrx_word' id='word_1_202' title='bbox 844 1621 968 1676; x_wconf 77' lang='grc' dir='ltr'><em>ἁγίας</em></span> <span class='ocrx_word' id='word_1_203' title='bbox 995 1623 1156 1679; x_wconf 79' lang='grc' dir='ltr'><em>Σοφίας</em></span> <span class='ocrx_word' id='word_1_204' title='bbox 1174 1654 1187 1676; x_wconf 83' lang='lat'>,</span> <span class='ocrx_word' id='word_1_205' title='bbox 1217 1618 1447 1678; x_wconf 76' lang='grc' dir='ltr'><em>ἀπέρχεται</em></span> <span class='ocrx_word' id='word_1_206' title='bbox 1474 1623 1643 1671; x_wconf 75' lang='grc' dir='ltr'><em>ἕκαστος</em></span> <span class='ocrx_word' id='word_1_207' title='bbox 1669 1619 1730 1670; x_wconf 78' lang='grc' dir='ltr'><em>εἷς</em></span> 
     </span>
     <span class='ocr_line' id='line_1_24' title="bbox 274 1684 1727 1744; baseline -0.001 -16"><span class='ocrx_word' id='word_1_208' title='bbox 274 1685 329 1729; x_wconf 75' lang='grc' dir='ltr'><em>τά</em></span> <span class='ocrx_word' id='word_1_209' title='bbox 372 1686 476 1729; x_wconf 82' lang='grc' dir='ltr'><em>ἴδια.</em></span> <span class='ocrx_word' id='word_1_210' title='bbox 532 1685 603 1730; x_wconf 76' lang='grc' dir='ltr'><em>διὰ</em></span> <span class='ocrx_word' id='word_1_211' title='bbox 630 1686 708 1743; x_wconf 74' lang='grc' dir='ltr'><em>γὰρ</em></span> <span class='ocrx_word' id='word_1_212' title='bbox 738 1686 782 1730; x_wconf 87' lang='grc' dir='ltr'><em>τὸ</em></span> <span class='ocrx_word' id='word_1_213' title='bbox 809 1684 917 1731; x_wconf 87' lang='grc' dir='ltr'><em>εἶναι</em></span> <span class='ocrx_word' id='word_1_214' title='bbox 947 1686 1023 1743; x_wconf 78' lang='grc' dir='ltr'><em>τήν</em></span> <span class='ocrx_word' id='word_1_215' title='bbox 1062 1688 1226 1744; x_wconf 77' lang='grc' dir='ltr'><em>ἡμέραν</em></span> <span class='ocrx_word' id='word_1_216' title='bbox 1254 1687 1409 1743; x_wconf 84' lang='grc' dir='ltr'><em>ταύτην</em></span> <span class='ocrx_word' id='word_1_217' title='bbox 1436 1686 1627 1744; x_wconf 80' lang='grc' dir='ltr'><em>παγανήν</em></span> <span class='ocrx_word' id='word_1_218' title='bbox 1666 1686 1727 1735; x_wconf 83' lang='grc' dir='ltr'><em>εἰς</em></span> 
     </span>
     <span class='ocr_line' id='line_1_25' title="bbox 275 1749 1570 1813; baseline 0 -17"><span class='ocrx_word' id='word_1_219' title='bbox 275 1753 354 1811; x_wconf 80' lang='grc' dir='ltr'><em>τήν</em></span> <span class='ocrx_word' id='word_1_220' title='bbox 381 1752 655 1812; x_wconf 72' lang='grc' dir='ltr'><em>ὑποστροφήν</em></span> <span class='ocrx_word' id='word_1_221' title='bbox 686 1753 738 1796; x_wconf 79' lang='grc' dir='ltr'><em>οὕ</em></span> <span class='ocrx_word' id='word_1_222' title='bbox 769 1755 1061 1813; x_wconf 81' lang='grc' dir='ltr'><em>δήριγεύουσιν</em></span> <span class='ocrx_word' id='word_1_223' title='bbox 1089 1749 1203 1798; x_wconf 79' lang='grc' dir='ltr'><em>οὗτοι</em></span> <span class='ocrx_word' id='word_1_224' title='bbox 1230 1753 1328 1805; x_wconf 79' lang='grc' dir='ltr'><em>τούς</em></span> <span class='ocrx_word' id='word_1_225' title='bbox 1356 1751 1570 1804; x_wconf 76' lang='grc' dir='ltr'><em>δεσπότας.</em></span> 
     </span>
    </p>
   </div>
   <div class='ocr_carea' id='block_1_3' title="bbox 279 1886 1732 2780">
    <p class='ocr_par' dir='ltr' id='par_1_3' title="bbox 279 1886 1732 2780">
     <span class='ocr_line' id='line_1_26' title="bbox 283 1886 1730 1935; baseline -0.001 -12"><span class='ocrx_word' id='word_1_226' title='bbox 283 1893 321 1923; x_wconf 83' lang='lat' dir='ltr'><strong>et</strong></span> <span class='ocrx_word' id='word_1_227' title='bbox 358 1888 582 1922; x_wconf 81' lang='lat' dir='ltr'><strong>cubicularii</strong></span> <span class='ocrx_word' id='word_1_228' title='bbox 620 1888 767 1923; x_wconf 80' lang='lat' dir='ltr'><strong>adstant</strong></span> <span class='ocrx_word' id='word_1_229' title='bbox 801 1888 968 1923; x_wconf 79' lang='lat' dir='ltr'>Dominis</span> <span class='ocrx_word' id='word_1_230' title='bbox 997 1887 1270 1924; x_wconf 76' lang='lat' dir='ltr'><strong>benedicentes.</strong></span> <span class='ocrx_word' id='word_1_231' title='bbox 1318 1889 1366 1928; x_wconf 83' lang='lat' dir='ltr'><em>Hi</em></span> <span class='ocrx_word' id='word_1_232' title='bbox 1391 1899 1457 1935; x_wconf 73' lang='lat' dir='ltr'><strong>per</strong></span> <span class='ocrx_word' id='word_1_233' title='bbox 1481 1898 1596 1922; x_wconf 78' lang='lat' dir='ltr'><strong>sacras</strong></span> <span class='ocrx_word' id='word_1_234' title='bbox 1632 1886 1730 1922; x_wconf 74' lang='lat' dir='ltr'><strong>fores</strong></span> 
     </span>
     <span class='ocr_line' id='line_1_27' title="bbox 279 1936 1731 1982; baseline -0.002 -13"><span class='ocrx_word' id='word_1_235' title='bbox 279 1937 523 1970; x_wconf 84' lang='lat' dir='ltr'><strong>cancellorum</strong></span> <span class='ocrx_word' id='word_1_236' title='bbox 550 1937 703 1982; x_wconf 84' lang='lat' dir='ltr'><strong>ingressi</strong></span> <span class='ocrx_word' id='word_1_237' title='bbox 737 1936 940 1970; x_wconf 82' lang='lat' dir='ltr'><strong>accendunt</strong></span> <span class='ocrx_word' id='word_1_238' title='bbox 965 1947 1086 1970; x_wconf 86' lang='lat' dir='ltr'><strong>cereos</strong></span> <span class='ocrx_word' id='word_1_239' title='bbox 1104 1962 1113 1977; x_wconf 93' lang='lat'><strong>‚</strong></span> <span class='ocrx_word' id='word_1_240' title='bbox 1146 1942 1188 1970; x_wconf 85' lang='lat' dir='ltr'><em>ut</em></span> <span class='ocrx_word' id='word_1_241' title='bbox 1212 1948 1288 1971; x_wconf 84' lang='lat' dir='ltr'><strong>mos</strong></span> <span class='ocrx_word' id='word_1_242' title='bbox 1317 1942 1392 1976; x_wconf 84' lang='lat' dir='ltr'><strong>est,</strong></span> <span class='ocrx_word' id='word_1_243' title='bbox 1425 1940 1463 1970; x_wconf 73' lang='lat' dir='ltr'><strong>et</strong></span> <span class='ocrx_word' id='word_1_244' title='bbox 1491 1940 1610 1969; x_wconf 82' lang='lat' dir='ltr'><strong>cetera</strong></span> <span class='ocrx_word' id='word_1_245' title='bbox 1634 1945 1731 1980; x_wconf 88' lang='lat' dir='ltr'><strong>quo-</strong></span> 
     </span>
     <span class='ocr_line' id='line_1_28' title="bbox 279 1981 1729 2029; baseline -0.001 -13"><span class='ocrx_word' id='word_1_246' title='bbox 279 1995 351 2028; x_wconf 83' lang='lat' dir='ltr'><em>quc</em></span> <span class='ocrx_word' id='word_1_247' title='bbox 382 1995 425 2016; x_wconf 79' lang='lat' dir='ltr'><strong>ex</strong></span> <span class='ocrx_word' id='word_1_248' title='bbox 451 1985 523 2016; x_wconf 84' lang='lat' dir='ltr'><strong>ritu</strong></span> <span class='ocrx_word' id='word_1_249' title='bbox 548 1989 736 2029; x_wconf 81' lang='lat' dir='ltr'><strong>peragunt.</strong></span> <span class='ocrx_word' id='word_1_250' title='bbox 786 1982 951 2016; x_wconf 85' lang='lat' dir='ltr'><strong>Tandem</strong></span> <span class='ocrx_word' id='word_1_251' title='bbox 976 1989 1165 2029; x_wconf 82' lang='lat' dir='ltr'><strong>acceptum</strong></span> <span class='ocrx_word' id='word_1_252' title='bbox 1191 1995 1210 2017; x_wconf 89' lang='lat' dir='ltr'><strong>e</strong></span> <span class='ocrx_word' id='word_1_253' title='bbox 1247 1995 1354 2017; x_wconf 84' lang='lat' dir='ltr'><strong>manu</strong></span> <span class='ocrx_word' id='word_1_254' title='bbox 1387 1982 1575 2016; x_wconf 77' lang='lat' dir='ltr'><strong>castrensis</strong></span> <span class='ocrx_word' id='word_1_255' title='bbox 1609 1981 1729 2026; x_wconf 81' lang='lat' dir='ltr'><strong>patri·</strong></span> 
     </span>
     <span class='ocr_line' id='line_1_29' title="bbox 279 2029 1727 2076; baseline -0.001 -13"><span class='ocrx_word' id='word_1_256' title='bbox 279 2029 386 2063; x_wconf 86' lang='lat' dir='ltr'><strong>archa</strong></span> <span class='ocrx_word' id='word_1_257' title='bbox 411 2029 638 2064; x_wconf 80' lang='lat' dir='ltr'><strong>thuribulum</strong></span> <span class='ocrx_word' id='word_1_258' title='bbox 665 2029 777 2064; x_wconf 75' lang='lat' dir='ltr'><strong>tradit</strong></span> <span class='ocrx_word' id='word_1_259' title='bbox 810 2031 1032 2076; x_wconf 81' lang='lat' dir='ltr'><strong>Imperatori.</strong></span> <span class='ocrx_word' id='word_1_260' title='bbox 1059 2031 1128 2063; x_wconf 88' lang='lat' dir='ltr'><em>Hic</em></span> <span class='ocrx_word' id='word_1_261' title='bbox 1152 2036 1266 2064; x_wconf 81' lang='lat' dir='ltr'><strong>totam</strong></span> <span class='ocrx_word' id='word_1_262' title='bbox 1289 2029 1380 2063; x_wconf 80' lang='lat' dir='ltr'><strong>circa</strong></span> <span class='ocrx_word' id='word_1_263' title='bbox 1406 2040 1542 2062; x_wconf 82' lang='lat' dir='ltr'><strong>sacram</strong></span> <span class='ocrx_word' id='word_1_264' title='bbox 1566 2038 1727 2061; x_wconf 80' lang='lat' dir='ltr'><strong>mensam</strong></span> 
     </span>
     <span class='ocr_line' id='line_1_30' title="bbox 281 2073 1730 2119; baseline -0.001 -11"><span class='ocrx_word' id='word_1_265' title='bbox 281 2079 462 2118; x_wconf 80' lang='lat' dir='ltr'><strong>iucensat3</strong></span> <span class='ocrx_word' id='word_1_266' title='bbox 500 2084 536 2110; x_wconf 82' lang='lat' dir='ltr'><strong>et</strong></span> <span class='ocrx_word' id='word_1_267' title='bbox 561 2083 638 2110; x_wconf 87' lang='lat' dir='ltr'><strong>tum</strong></span> <span class='ocrx_word' id='word_1_268' title='bbox 662 2081 797 2110; x_wconf 83' lang='lat' dir='ltr'><strong>exeunt</strong></span> <span class='ocrx_word' id='word_1_269' title='bbox 822 2077 971 2110; x_wconf 90' lang='lat' dir='ltr'><strong>Domini</strong></span> <span class='ocrx_word' id='word_1_270' title='bbox 1006 2088 1026 2109; x_wconf 89' lang='lat' dir='ltr'><strong>a</strong></span> <span class='ocrx_word' id='word_1_271' title='bbox 1059 2077 1185 2110; x_wconf 79' lang='lat' dir='ltr'><strong>dextra</strong></span> <span class='ocrx_word' id='word_1_272' title='bbox 1222 2077 1375 2110; x_wconf 78' lang='lat' dir='ltr'><strong>bematis</strong></span> <span class='ocrx_word' id='word_1_273' title='bbox 1401 2087 1472 2109; x_wconf 86' lang='lat' dir='ltr'><em>una</em></span> <span class='ocrx_word' id='word_1_274' title='bbox 1507 2085 1586 2107; x_wconf 88' lang='lat' dir='ltr'><strong>cum</strong></span> <span class='ocrx_word' id='word_1_275' title='bbox 1611 2073 1730 2119; x_wconf 86' lang='lat' dir='ltr'><strong>patri-</strong></span> 
     </span>
     <span class='ocr_line' id='line_1_31' title="bbox 283 2121 1729 2169; baseline -0.001 -13"><span class='ocrx_word' id='word_1_276' title='bbox 283 2122 391 2156; x_wconf 77' lang='lat' dir='ltr'><strong>archa</strong></span> <span class='ocrx_word' id='word_1_277' title='bbox 424 2134 488 2167; x_wconf 86' lang='lat' dir='ltr'><strong>per</strong></span> <span class='ocrx_word' id='word_1_278' title='bbox 513 2125 692 2163; x_wconf 85' lang='lat' dir='ltr'><strong>minores,</strong></span> <span class='ocrx_word' id='word_1_279' title='bbox 721 2133 814 2169; x_wconf 81' lang='lat' dir='ltr'><strong>quae</strong></span> <span class='ocrx_word' id='word_1_280' title='bbox 842 2123 896 2156; x_wconf 91' lang='lat' dir='ltr'><em>ibi</em></span> <span class='ocrx_word' id='word_1_281' title='bbox 921 2129 1029 2163; x_wconf 82' lang='lat' dir='ltr'><strong>sunt,</strong></span> <span class='ocrx_word' id='word_1_282' title='bbox 1061 2135 1178 2156; x_wconf 79' lang='lat' dir='ltr'><strong>sacras</strong></span> <span class='ocrx_word' id='word_1_283' title='bbox 1203 2124 1318 2164; x_wconf 84' lang='lat' dir='ltr'><strong>fores,</strong></span> <span class='ocrx_word' id='word_1_284' title='bbox 1353 2127 1390 2155; x_wconf 89' lang='lat' dir='ltr'><strong>et</strong></span> <span class='ocrx_word' id='word_1_285' title='bbox 1419 2133 1535 2167; x_wconf 75' lang='lat' dir='ltr'><strong>usque</strong></span> <span class='ocrx_word' id='word_1_286' title='bbox 1564 2121 1610 2154; x_wconf 85' lang='lat' dir='ltr'><strong>ad</strong></span> <span class='ocrx_word' id='word_1_287' title='bbox 1642 2132 1729 2165; x_wconf 81' lang='lat' dir='ltr'><strong>por-</strong></span> 
     </span>
     <span class='ocr_line' id='line_1_32' title="bbox 279 2168 1729 2215; baseline 0 -14"><span class='ocrx_word' id='word_1_288' title='bbox 279 2169 487 2215; x_wconf 84' lang='lat' dir='ltr'><strong>phyreticas</strong></span> <span class='ocrx_word' id='word_1_289' title='bbox 514 2171 697 2203; x_wconf 88' lang='lat' dir='ltr'><strong>columnas</strong></span> <span class='ocrx_word' id='word_1_290' title='bbox 721 2170 923 2215; x_wconf 83' lang='lat' dir='ltr'><strong>procedunt</strong></span> <span class='ocrx_word' id='word_1_291' title='bbox 947 2170 1065 2203; x_wconf 86' lang='lat' dir='ltr'><strong>ambo.</strong></span> <span class='ocrx_word' id='word_1_292' title='bbox 1098 2170 1155 2202; x_wconf 90' lang='lat' dir='ltr'><em>Ibi</em></span> <span class='ocrx_word' id='word_1_293' title='bbox 1179 2176 1300 2203; x_wconf 85' lang='lat' dir='ltr'><strong>autem</strong></span> <span class='ocrx_word' id='word_1_294' title='bbox 1325 2168 1535 2202; x_wconf 76' lang='lat' dir='ltr'>valedicunt</span> <span class='ocrx_word' id='word_1_295' title='bbox 1559 2173 1596 2201; x_wconf 90' lang='lat' dir='ltr'><strong>et</strong></span> <span class='ocrx_word' id='word_1_296' title='bbox 1621 2179 1729 2201; x_wconf 86' lang='lat' dir='ltr'><strong>oscu-</strong></span> 
     </span>
     <span class='ocr_line' id='line_1_33' title="bbox 280 2214 1732 2262; baseline -0.001 -13"><span class='ocrx_word' id='word_1_297' title='bbox 280 2218 355 2249; x_wconf 89' lang='lat' dir='ltr'><em>lum</em></span> <span class='ocrx_word' id='word_1_298' title='bbox 381 2217 477 2260; x_wconf 81' lang='lat' dir='ltr'>pacis</span> <span class='ocrx_word' id='word_1_299' title='bbox 507 2217 720 2261; x_wconf 84' lang='lat' dir='ltr'><strong>impertiunt</strong></span> <span class='ocrx_word' id='word_1_300' title='bbox 746 2216 981 2259; x_wconf 83' lang='lat' dir='ltr'><strong>patriarchae.</strong></span> <span class='ocrx_word' id='word_1_301' title='bbox 1029 2217 1075 2249; x_wconf 84' lang='lat' dir='ltr'><em>Et</em></span> <span class='ocrx_word' id='word_1_302' title='bbox 1105 2216 1184 2249; x_wconf 65' lang='lat' dir='ltr'><em>hic‘</em></span> <span class='ocrx_word' id='word_1_303' title='bbox 1203 2216 1350 2262; x_wconf 88' lang='lat' dir='ltr'><strong>quidem</strong></span> <span class='ocrx_word' id='word_1_304' title='bbox 1386 2215 1482 2249; x_wconf 87' lang='lat' dir='ltr'><strong>redit</strong></span> <span class='ocrx_word' id='word_1_305' title='bbox 1517 2216 1556 2248; x_wconf 91' lang='lat' dir='ltr'><strong>in</strong></span> <span class='ocrx_word' id='word_1_306' title='bbox 1598 2214 1732 2257; x_wconf 85' lang='lat' dir='ltr'><strong>bema,</strong></span> 
     </span>
     <span class='ocr_line' id='line_1_34' title="bbox 280 2261 1729 2307; baseline -0.001 -11"><span class='ocrx_word' id='word_1_307' title='bbox 280 2262 502 2296; x_wconf 81' lang='lat' dir='ltr'><strong>tritohecten</strong></span> <span class='ocrx_word' id='word_1_308' title='bbox 518 2288 526 2303; x_wconf 96' lang='lat'><strong>‚</strong></span> <span class='ocrx_word' id='word_1_309' title='bbox 562 2263 599 2295; x_wconf 86' lang='lat' dir='ltr'><em>id</em></span> <span class='ocrx_word' id='word_1_310' title='bbox 628 2268 682 2295; x_wconf 82' lang='lat' dir='ltr'><strong>est</strong></span> <span class='ocrx_word' id='word_1_311' title='bbox 706 2262 860 2296; x_wconf 85' lang='lat' dir='ltr'><strong>officium</strong></span> <span class='ocrx_word' id='word_1_312' title='bbox 887 2263 981 2296; x_wconf 79' lang='lat' dir='ltr'><strong>inter</strong></span> <span class='ocrx_word' id='word_1_313' title='bbox 1009 2263 1152 2296; x_wconf 79' lang='lat' dir='ltr'><strong>tertiam</strong></span> <span class='ocrx_word' id='word_1_314' title='bbox 1177 2269 1214 2297; x_wconf 81' lang='lat' dir='ltr'><strong>et</strong></span> <span class='ocrx_word' id='word_1_315' title='bbox 1238 2268 1375 2296; x_wconf 82' lang='lat' dir='ltr'><strong>sextam</strong></span> <span class='ocrx_word' id='word_1_316' title='bbox 1400 2261 1524 2295; x_wconf 82' lang='lat' dir='ltr'><strong>horam</strong></span> <span class='ocrx_word' id='word_1_317' title='bbox 1549 2273 1729 2307; x_wconf 82' lang='lat' dir='ltr'><strong>peragen-</strong></span> 
     </span>
     <span class='ocr_line' id='line_1_35' title="bbox 283 2309 1729 2354; baseline -0.001 -12"><span class='ocrx_word' id='word_1_318' title='bbox 283 2311 392 2351; x_wconf 89' lang='lat' dir='ltr'><strong>dum,</strong></span> <span class='ocrx_word' id='word_1_319' title='bbox 427 2315 653 2354; x_wconf 81' lang='lat' dir='ltr'><strong>peracturus3</strong></span> <span class='ocrx_word' id='word_1_320' title='bbox 685 2310 833 2342; x_wconf 83' lang='lat' dir='ltr'>Domini</span> <span class='ocrx_word' id='word_1_321' title='bbox 860 2315 980 2343; x_wconf 80' lang='lat' dir='ltr'><strong>autem</strong></span> <span class='ocrx_word' id='word_1_322' title='bbox 1015 2311 1155 2343; x_wconf 77' lang='lat' dir='ltr'><strong>intrant</strong></span> <span class='ocrx_word' id='word_1_323' title='bbox 1193 2310 1231 2343; x_wconf 86' lang='lat' dir='ltr'><strong>in</strong></span> <span class='ocrx_word' id='word_1_324' title='bbox 1265 2309 1519 2350; x_wconf 82' lang='lat' dir='ltr'><strong>metatorium,</strong></span> <span class='ocrx_word' id='word_1_325' title='bbox 1551 2314 1589 2343; x_wconf 81' lang='lat' dir='ltr'><strong>et</strong></span> <span class='ocrx_word' id='word_1_326' title='bbox 1623 2309 1729 2342; x_wconf 77' lang='lat' dir='ltr'><strong>illinc</strong></span> 
     </span>
     <span class='ocr_line' id='line_1_36' title="bbox 280 2355 1728 2404; baseline -0.001 -14"><span class='ocrx_word' id='word_1_327' title='bbox 280 2363 365 2404; x_wconf 84' lang='lat' dir='ltr'><strong>post</strong></span> <span class='ocrx_word' id='word_1_328' title='bbox 393 2356 660 2390; x_wconf 84' lang='lat' dir='ltr'><strong>absolutionem</strong></span> <span class='ocrx_word' id='word_1_329' title='bbox 688 2356 745 2390; x_wconf 88' lang='lat' dir='ltr'><strong>vel</strong></span> <span class='ocrx_word' id='word_1_330' title='bbox 771 2357 878 2390; x_wconf 85' lang='lat' dir='ltr'><strong>finem</strong></span> <span class='ocrx_word' id='word_1_331' title='bbox 913 2355 1123 2390; x_wconf 80' lang='lat' dir='ltr'><strong>tritohectes</strong></span> <span class='ocrx_word' id='word_1_332' title='bbox 1149 2355 1348 2390; x_wconf 87' lang='lat' dir='ltr'><strong>ascendunt</strong></span> <span class='ocrx_word' id='word_1_333' title='bbox 1371 2357 1521 2400; x_wconf 86' lang='lat' dir='ltr'><strong>mystice</strong></span> <span class='ocrx_word' id='word_1_334' title='bbox 1551 2356 1611 2390; x_wconf 80' lang='lat' dir='ltr'><strong>vel</strong></span> <span class='ocrx_word' id='word_1_335' title='bbox 1635 2357 1728 2389; x_wconf 84' lang='lat' dir='ltr'><strong>clam</strong></span> 
     </span>
     <span class='ocr_line' id='line_1_37' title="bbox 281 2402 1730 2449; baseline -0.002 -11"><span class='ocrx_word' id='word_1_336' title='bbox 281 2403 427 2438; x_wconf 82' lang='lat' dir='ltr'><strong>arbitris</strong></span> <span class='ocrx_word' id='word_1_337' title='bbox 453 2409 490 2436; x_wconf 83' lang='lat' dir='ltr'><strong>et</strong></span> <span class='ocrx_word' id='word_1_338' title='bbox 514 2414 594 2436; x_wconf 89' lang='lat' dir='ltr'><strong>cum</strong></span> <span class='ocrx_word' id='word_1_339' title='bbox 620 2404 757 2437; x_wconf 86' lang='lat' dir='ltr'><strong>intimis</strong></span> <span class='ocrx_word' id='word_1_340' title='bbox 782 2403 905 2436; x_wconf 82' lang='lat' dir='ltr'><strong>amicis</strong></span> <span class='ocrx_word' id='word_1_341' title='bbox 931 2409 967 2436; x_wconf 86' lang='lat' dir='ltr'><strong>et</strong></span> <span class='ocrx_word' id='word_1_342' title='bbox 990 2402 1201 2437; x_wconf 77' lang='lat' dir='ltr'>custodibus</span> <span class='ocrx_word' id='word_1_343' title='bbox 1243 2415 1310 2449; x_wconf 86' lang='lat' dir='ltr'><strong>per</strong></span> <span class='ocrx_word' id='word_1_344' title='bbox 1340 2402 1524 2436; x_wconf 82' lang='lat' dir='ltr'><strong>cochleam</strong></span> <span class='ocrx_word' id='word_1_345' title='bbox 1557 2414 1577 2437; x_wconf 84' lang='lat' dir='ltr'><strong>e</strong></span> <span class='ocrx_word' id='word_1_346' title='bbox 1609 2407 1730 2436; x_wconf 79' lang='lat' dir='ltr'><strong>meta-</strong></span> 
     </span>
     <span class='ocr_line' id='line_1_38' title="bbox 280 2449 1728 2497; baseline -0.003 -12"><span class='ocrx_word' id='word_1_347' title='bbox 280 2451 375 2486; x_wconf 80' lang='lat' dir='ltr'><strong>torio</strong></span> <span class='ocrx_word' id='word_1_348' title='bbox 403 2449 448 2483; x_wconf 86' lang='lat' dir='ltr'><strong>ad</strong></span> <span class='ocrx_word' id='word_1_349' title='bbox 473 2449 745 2484; x_wconf 83' lang='lat' dir='ltr'><strong>catechumenia</strong></span> <span class='ocrx_word' id='word_1_350' title='bbox 774 2450 977 2493; x_wconf 78' lang='lat' dir='ltr'><strong>ducentem3</strong></span> <span class='ocrx_word' id='word_1_351' title='bbox 1005 2455 1042 2484; x_wconf 88' lang='lat' dir='ltr'><strong>et</strong></span> <span class='ocrx_word' id='word_1_352' title='bbox 1065 2449 1223 2497; x_wconf 89' lang='lat' dir='ltr'><strong>denique</strong></span> <span class='ocrx_word' id='word_1_353' title='bbox 1243 2461 1308 2495; x_wconf 91' lang='lat' dir='ltr'><strong>per</strong></span> <span class='ocrx_word' id='word_1_354' title='bbox 1329 2450 1512 2484; x_wconf 82' lang='lat' dir='ltr'><strong>diabatica</strong></span> <span class='ocrx_word' id='word_1_355' title='bbox 1530 2450 1588 2484; x_wconf 83' lang='lat' dir='ltr'><strong>vel</strong></span> <span class='ocrx_word' id='word_1_356' title='bbox 1613 2453 1728 2483; x_wconf 75' lang='lat' dir='ltr'><strong>tectas</strong></span> 
     </span>
     <span class='ocr_line' id='line_1_39' title="bbox 280 2496 1729 2543; baseline -0.001 -14"><span class='ocrx_word' id='word_1_357' title='bbox 280 2499 441 2542; x_wconf 76' lang='lat' dir='ltr'><strong>porticus</strong></span> <span class='ocrx_word' id='word_1_358' title='bbox 467 2497 622 2531; x_wconf 80' lang='lat' dir='ltr'><strong>redeunt</strong></span> <span class='ocrx_word' id='word_1_359' title='bbox 645 2498 684 2530; x_wconf 88' lang='lat' dir='ltr'><strong>in</strong></span> <span class='ocrx_word' id='word_1_360' title='bbox 708 2497 893 2543; x_wconf 83' lang='lat' dir='ltr'><strong>palatium,</strong></span> <span class='ocrx_word' id='word_1_361' title='bbox 919 2496 1019 2542; x_wconf 90' lang='lat' dir='ltr'><strong>quod</strong></span> <span class='ocrx_word' id='word_1_362' title='bbox 1043 2497 1140 2530; x_wconf 87' lang='lat' dir='ltr'><strong>Deus</strong></span> <span class='ocrx_word' id='word_1_363' title='bbox 1166 2497 1366 2537; x_wconf 82' lang='lat' dir='ltr'><strong>custodiat,</strong></span> <span class='ocrx_word' id='word_1_364' title='bbox 1390 2496 1515 2542; x_wconf 81' lang='lat' dir='ltr'><strong>stipati</strong></span> <span class='ocrx_word' id='word_1_365' title='bbox 1543 2508 1564 2530; x_wconf 86' lang='lat' dir='ltr'><strong>a</strong></span> <span class='ocrx_word' id='word_1_366' title='bbox 1592 2496 1729 2540; x_wconf 83' lang='lat' dir='ltr'><strong>magla-</strong></span> 
     </span>
     <span class='ocr_line' id='line_1_40' title="bbox 281 2542 1727 2588; baseline -0.001 -10"><span class='ocrx_word' id='word_1_367' title='bbox 281 2545 370 2578; x_wconf 79' lang='lat' dir='ltr'><strong>bitis</strong></span> <span class='ocrx_word' id='word_1_368' title='bbox 397 2549 433 2578; x_wconf 86' lang='lat' dir='ltr'><strong>et</strong></span> <span class='ocrx_word' id='word_1_369' title='bbox 456 2543 628 2581; x_wconf 80' lang='lat' dir='ltr'><strong>hetaeria.</strong></span> <span class='ocrx_word' id='word_1_370' title='bbox 677 2543 856 2577; x_wconf 77' lang='lat' dir='ltr'><strong>Senatorii</strong></span> <span class='ocrx_word' id='word_1_371' title='bbox 889 2550 1008 2578; x_wconf 85' lang='lat' dir='ltr'><strong>autem</strong></span> <span class='ocrx_word' id='word_1_372' title='bbox 1040 2554 1163 2578; x_wconf 86' lang='lat' dir='ltr'><strong>omncs</strong></span> <span class='ocrx_word' id='word_1_373' title='bbox 1198 2548 1234 2578; x_wconf 82' lang='lat' dir='ltr'><em>ct</em></span> <span class='ocrx_word' id='word_1_374' title='bbox 1259 2544 1474 2579; x_wconf 86' lang='lat' dir='ltr'><strong>cubicularii</strong></span> <span class='ocrx_word' id='word_1_375' title='bbox 1508 2549 1546 2578; x_wconf 84' lang='lat' dir='ltr'><strong>et</strong></span> <span class='ocrx_word' id='word_1_376' title='bbox 1569 2542 1727 2588; x_wconf 79' lang='lat' dir='ltr'><strong>palatini</strong></span> 
     </span>
     <span class='ocr_line' id='line_1_41' title="bbox 283 2583 1723 2636; baseline -0.001 -12"><span class='ocrx_word' id='word_1_377' title='bbox 283 2592 442 2625; x_wconf 85' lang='lat' dir='ltr'><strong>ministri</strong></span> <span class='ocrx_word' id='word_1_378' title='bbox 466 2596 551 2636; x_wconf 85' lang='lat' dir='ltr'><strong>post</strong></span> <span class='ocrx_word' id='word_1_379' title='bbox 573 2591 778 2625; x_wconf 85' lang='lat' dir='ltr'><strong>absolutam</strong></span> <span class='ocrx_word' id='word_1_380' title='bbox 812 2590 1042 2625; x_wconf 83' lang='lat' dir='ltr'><strong>tritohectam</strong></span> <span class='ocrx_word' id='word_1_381' title='bbox 1067 2591 1206 2626; x_wconf 82' lang='lat' dir='ltr'><strong>abeunt</strong></span> <span class='ocrx_word' id='word_1_382' title='bbox 1239 2591 1364 2632; x_wconf 86' lang='lat' dir='ltr'><strong>illinc,</strong></span> <span class='ocrx_word' id='word_1_383' title='bbox 1401 2583 1439 2625; x_wconf 90' lang='lat' dir='ltr'><em>id</em></span> <span class='ocrx_word' id='word_1_384' title='bbox 1466 2596 1522 2624; x_wconf 79' lang='lat' dir='ltr'><strong>est</strong></span> <span class='ocrx_word' id='word_1_385' title='bbox 1556 2601 1575 2622; x_wconf 86' lang='lat' dir='ltr'><strong>e</strong></span> <span class='ocrx_word' id='word_1_386' title='bbox 1601 2594 1723 2623; x_wconf 73' lang='lat' dir='ltr'><strong>sancta</strong></span> 
     </span>
     <span class='ocr_line' id='line_1_42' title="bbox 283 2635 1726 2693; baseline -0.002 -21"><span class='ocrx_word' id='word_1_387' title='bbox 283 2638 445 2683; x_wconf 87' lang='lat' dir='ltr'><strong>Sophia,</strong></span> <span class='ocrx_word' id='word_1_388' title='bbox 478 2638 524 2672; x_wconf 88' lang='lat' dir='ltr'><strong>ad</strong></span> <span class='ocrx_word' id='word_1_389' title='bbox 550 2649 613 2672; x_wconf 84' lang='lat' dir='ltr'><strong>sua</strong></span> <span class='ocrx_word' id='word_1_390' title='bbox 640 2639 804 2693; x_wconf 73' lang='lat' dir='ltr'><strong>quisque.</strong></span> <span class='ocrx_word' id='word_1_391' title='bbox 853 2639 992 2684; x_wconf 84' lang='lat' dir='ltr'><strong>Pagana</strong></span> <span class='ocrx_word' id='word_1_392' title='bbox 1017 2639 1114 2672; x_wconf 88' lang='lat' dir='ltr'><strong>enim</strong></span> <span class='ocrx_word' id='word_1_393' title='bbox 1143 2650 1254 2685; x_wconf 92' lang='lat' dir='ltr'><strong>quum</strong></span> <span class='ocrx_word' id='word_1_394' title='bbox 1278 2640 1326 2672; x_wconf 78' lang='lat' dir='ltr'><em>sit</em></span> <span class='ocrx_word' id='word_1_395' title='bbox 1349 2638 1413 2670; x_wconf 80' lang='lat' dir='ltr'><strong>illa</strong></span> <span class='ocrx_word' id='word_1_396' title='bbox 1445 2636 1547 2677; x_wconf 81' lang='lat' dir='ltr'><strong>dies,</strong></span> <span class='ocrx_word' id='word_1_397' title='bbox 1574 2635 1638 2683; x_wconf 87' lang='lat' dir='ltr'><em>[id</em></span> <span class='ocrx_word' id='word_1_398' title='bbox 1671 2639 1726 2669; x_wconf 80' lang='lat' dir='ltr'><em>est</em></span> 
     </span>
     <span class='ocr_line' id='line_1_43' title="bbox 281 2682 1727 2734; baseline 0 -17"><span class='ocrx_word' id='word_1_399' title='bbox 281 2686 426 2720; x_wconf 85' lang='lat' dir='ltr'><strong>solenni</strong></span> <span class='ocrx_word' id='word_1_400' title='bbox 451 2691 490 2719; x_wconf 80' lang='lat' dir='ltr'><strong>et</strong></span> <span class='ocrx_word' id='word_1_401' title='bbox 520 2686 717 2723; x_wconf 74' lang='lat' dir='ltr'><strong>solenniter</strong></span> <span class='ocrx_word' id='word_1_402' title='bbox 740 2684 900 2719; x_wconf 86' lang='lat' dir='ltr'><strong>indictae</strong></span> <span class='ocrx_word' id='word_1_403' title='bbox 923 2685 1146 2733; x_wconf 74' lang='lat' dir='ltr'><strong>processioni</strong></span> <span class='ocrx_word' id='word_1_404' title='bbox 1169 2697 1245 2722; x_wconf 86' lang='lat' dir='ltr'><em>non</em></span> <span class='ocrx_word' id='word_1_405' title='bbox 1278 2683 1412 2734; x_wconf 81' lang='lat' dir='ltr'><strong>dicata]</strong></span> <span class='ocrx_word' id='word_1_406' title='bbox 1444 2695 1519 2719; x_wconf 81' lang='lat' dir='ltr'><em>nnn</em></span> <span class='ocrx_word' id='word_1_407' title='bbox 1543 2682 1727 2718; x_wconf 59' lang='lat' dir='ltr'><strong>comitam</strong></span> 
     </span>
     <span class='ocr_line' id='line_1_44' title="bbox 283 2731 1045 2780; baseline -0.001 -11"><span class='ocrx_word' id='word_1_408' title='bbox 283 2737 342 2774; x_wconf 65' lang='lat' dir='ltr'><em>un·</em></span> <span class='ocrx_word' id='word_1_409' title='bbox 370 2733 543 2768; x_wconf 78' lang='lat' dir='ltr'><strong>Dominos</strong></span> <span class='ocrx_word' id='word_1_410' title='bbox 576 2734 615 2769; x_wconf 88' lang='lat' dir='ltr'><strong>in</strong></span> <span class='ocrx_word' id='word_1_411' title='bbox 638 2732 816 2780; x_wconf 82' lang='lat' dir='ltr'><strong>palatium</strong></span> <span class='ocrx_word' id='word_1_412' title='bbox 840 2731 1045 2768; x_wconf 80' lang='lat' dir='ltr'><strong>redeuntes.</strong></span> 
     </span>
    </p>
   </div>
  </div>
 </body>
</html>
