1878 3112
318 85 356 153 4
369 106 386 141 ι
398 87 434 142 6
604 106 962 150 CONSTANTINI
999 94 1486 171 PORPHYROGENJTI
1540 128 1543 130 ·

324 205 398 248 καὶ
436 206 461 249 ὅ
489 204 672 262 ἔπαρχος
700 208 745 248 ἐν
773 208 832 264 τῷ
860 209 1141 267 κονσιστωρίῳ
1170 208 1277 251 κατὰ
1305 210 1353 252 τὸ
1383 209 1495 262 ἔθος.
1535 213 1576 256 οἱ
1602 217 1648 260 δὲ
1674 232 1777 274 W

323 273 511 329 κλητικοί
533 275 609 314 καί
634 272 783 321 πάντες
811 273 849 315 οἱ
878 267 1078 328 ἄρχοντες
1106 277 1319 330 ἵστανται,
1348 279 1423 320 καί
1449 280 1688 335 εἰσέρχεται
1715 285 1777 336 εἷς

318 339 364 382 τὸ
394 335 686 391 κουβούκλειον
712 338 818 391 μετὰ
848 341 929 381 τῶν
956 341 1215 396 πατρικίων,
1257 341 1330 385 καί
1356 344 1448 386 ἐκεῖ
1476 345 1778 392 συντάττονται

275 404 358 449 1)οἱ
386 402 603 460 πατρίκιοι
631 406 703 445 καί
729 405 969 460 ἐξέρχονται
977 440 990 458 ,
1020 405 1095 447 καί
1119 407 1306 450 δίδονται
1329 411 1492 462 μίσσαι.
1550 412 1620 453 δεῖ
1642 414 1689 455 δὲ
1717 416 1778 456 εἶ-

315 472 458 522 δέναι,
500 465 565 510 ὅτι
596 465 716 522 ὅρκον
746 469 783 511 οἱ
815 466 1019 526 ἄρχοντες
1046 474 1123 514 τοῦ
1153 476 1360 516 παλατιόυ
1389 479 1675 532 παρέχουσιν,
1717 479 1802 530 ὥς5

314 536 390 576 οὐκ
418 534 765 589 ἐπιβουλεύουσιν
794 537 909 594 αὐτῷ
938 532 965 592 ἢ
993 539 1044 595 τῇ
1072 542 1282 598 πολιτείᾳ,
1321 544 1397 584 καί
1421 541 1468 584 τὸ
1500 545 1600 600 περὶ
1624 542 1776 587 τούτου

314 600 614 657 ὁρκοσκοπικὸν
658 603 915 658 φυλάττεται
943 603 1058 658 παρὰ
1088 607 1147 663 τῷ
1173 609 1347 659 βασιλεῖ’
1359 623 1370 636 ·
1411 607 1486 652 ἐὰν
1515 611 1562 652 δὲ
1590 608 1654 666 εἴη
1696 611 1777 653 αὖ-

281 707 285 711 .
311 668 472 722 γούστα
504 668 548 710 ἐν
576 669 635 726 τῷ
662 671 873 727 παλατίῳ,
917 671 1079 729 ἀπαντᾷ
1109 673 1164 728 τῷ
1202 675 1377 725 βασιλεῖ
1397 675 1443 717 ἐν
1469 677 1529 733 τῷ
1555 680 1774 734 παλατίφ,

310 729 402 789 ἦτοι
444 735 488 776 ἒν
526 735 584 792 τῷ
627 734 891 794 αὕγουσταίῳ
932 734 1015 778 ἔσω
1032 771 1045 790 ,
1084 736 1158 780 καὶ
1184 737 1207 778 ὅ
1234 738 1434 792 βασιλεὺς
1460 745 1584 798 φιλεῖ
1602 741 1679 797 τὴν
1705 758 1775 784 κε-

312 798 452 857 φαλὴν
492 797 642 856 αὕτῆς·
700 804 774 844 καί
801 803 948 859 τρέφει
975 802 997 845 ὅ
1025 802 1228 857 βασιλευς
1255 806 1301 847 ἐν
1327 806 1384 863 τῷ
1419 806 1585 864 μεγάλῳ
1613 808 1823 864 τρικλίιιο

310 883 388 924 mg),
432 868 476 909 ἐν
503 869 584 920 μὲν
611 869 671 925 τῷ
699 867 793 926 ἰδίῳ
823 865 959 911 αὐτοῦ
988 869 1198 928 οἷκουβίτῳ
1235 870 1334 921 τοὺς
1370 873 1674 929 πραιποσίτους
1701 873 1778 917 καὶ

311 934 583 989 πατρικίους,
629 931 703 983 οὕς
732 932 952 988 βούλεται,
997 938 1071 978 καί
1100 935 1198 987 τούς
1236 936 1446 995 ἐπάρχους
1479 938 1553 981 καί
1589 937 1660 982 τὸν
1685 939 1774 993 μά·

113 1007 178 1042 Ed.
193 1007 234 1046 L.
246 1010 516 1055 ²4²7‘0T902'2
546 1002 590 1042 ἐν
621 1001 666 1042 δὲ
694 1007 780 1050 τοῖς
816 997 961 1052 ἄλλοις
997 1002 1235 1057 άκουβίτοις
1263 1003 1364 1055 τούς
1392 1004 1669 1061 στρατιώτας,
1699 1002 1774 1056 οὓς

309 1062 362 1108 ἂν
389 1065 602 1120 κελεύσει,
642 1061 670 1122 ἢ
700 1061 910 1122 ἄρχοντας
939 1068 1278 1123 στρατιωτικούς.
1333 1072 1600 1127 εἰσέρχονται
1627 1072 1673 1114 δὲ
1698 1073 1773 1114 καί

306 1133 479 1186 παίγνια
507 1133 552 1174 ἐν
578 1134 636 1190 τῷ
666 1129 822 1191 ἀρίστῳ
832 1167 843 1186 ,
881 1133 955 1176 ἐὰν
984 1135 1133 1193 συνίὸῃ
1164 1134 1186 1177 ὅ
1212 1134 1424 1190 βασιλεύς.
1479 1135 1564 1194 χρὴ
1595 1138 1823 1191 εἰδέναι,ιό

306 1194 372 1257 ὅτι
400 1196 481 1240 άπὸ
505 1198 747 1242 Ἑλενιανῶν
775 1201 855 1249 ’ἕως
882 1201 956 1254 τῆς
983 1201 1137 1257 πόρτης
1163 1201 1240 1243 δύο
1271 1202 1446 1258 κόμητες
1474 1205 1637 1256 σχολῶν
1664 1219 1773 1259 κρα-

305 1266 429 1316 τοῦσι
456 1264 508 1306 τὰ
555 1267 672 1320 μῆλα
698 1267 771 1321 τῆς
809 1265 1047 1321 καρούχας,
1091 1266 1173 1308 α’πὸ
1207 1269 1254 1310 δὲ
1282 1269 1356 1324 τῆς
1393 1267 1551 1324 πόρτης
1587 1271 1666 1318 ἕως
1692 1268 1772 1310 τοῦ

307 1329 447 1388 φόρου
479 1329 555 1373 δύο
583 1331 759 1387 κόμητες
794 1333 1051 1384 δομεστίκων
1067 1367 1081 1387 ‚
1122 1329 1206 1375 άπὸ
1237 1335 1285 1376 δὲ
1312 1336 1387 1376 τοῦ
1414 1331 1553 1390 φόρου
1583 1335 1662 1384 ἕως
1688 1336 1770 1377 τοῦ

305 1398 512 1440 παλατίου
543 1396 619 1439 ‹5250
660 1396 740 1441 ἀπὸ
780 1397 956 1453 ’ὖῑτάτων
994 1398 1291 1454 στρατιωτικοὶ
1326 1398 1435 1442 κατὰ
1463 1398 1510 1442 τὸ
1540 1403 1687 1455 σχῆμα
1716 1402 1766 1444 τό

304 1462 622 1519 λεχθησόμενον
661 1465 707 1507 ἓν
742 1469 826 1515 τοῖς
865 1463 964 1522 περὶ
999 1468 1077 1507 τοῦ
1119 1467 1318 1522 Μαρτίου
1355 1468 1670 1522 γεγραμμένοις.
1725 1468 1822 1508 εἰαο

116 1539 301 1580 Ms,163.b
317 1531 364 1572 δὲ
407 1529 606 1584 βούλεται
645 1529 667 1572 ὅ
694 1529 919 1584 βασιλεὺς,
963 1530 1197 1588 ἀναχωρῶν
1233 1533 1280 1574 ἐκ
1305 1533 1378 1588 τῆς
1412 1532 1632 1588 ἐκκλησίας
1658 1537 1777 1574 ποιεῖ

308 1594 632 1654 κονσιστώριον,
679 1598 753 1639 καί
796 1597 964 1651 δέχεται
1009 1597 1168 1648 πάντας
1214 1596 1298 1641 άπὸ
1339 1599 1499 1640 λευκῶν
1534 1599 1768 1653 χλανιδίων

405 1720 434 1744 1.
457 1708 677 1756 μιξγιστρος
697 1719 764 1754 pro
792 1707 960 1757 ἔπαρχος
984 1709 1079 1746 coni.
1107 1710 1144 1743 R.
1244 1710 1295 1745 15.
1325 1709 1452 1757 σινίιῖῃ
1478 1707 1556 1743 cod.
1584 1713 1623 1743 et
1647 1706 1723 1745 eds

310 1811 349 1835 ra
371 1799 513 1845 palatii.
563 1800 740 1834 Praefecti
773 1804 862 1835 tunc
895 1805 932 1834 et
958 1802 1131 1846 magister
1155 1801 1194 1834 in
1220 1802 1436 1835 consistorio
1455 1801 1652 1836 'licentiam
1675 1799 1765 1834 abe-

310 1848 400 1880 undi
425 1852 580 1881 sumunt.
638 1849 686 1881 At
716 1852 901 1881 senatores
935 1853 973 1881 et
1007 1848 1118 1881 ceteri
1151 1849 1377 1894 magistratus
1410 1853 1623 1893 permanent
1645 1847 1765 1881 adhuc

307 1894 449 1928 ibidem
474 1899 610 1928 stantes
627 1919 637 1936 ‚
660 1894 778 1928 donec
802 1895 980 1940 ingressus
1004 1895 1202 1939 Imperator
1234 1895 1274 1929 iu
1299 1895 1504 1929 cubiculum
1528 1897 1566 1928 in
1591 1895 1763 1928 comitatu

307 1941 541 1987 patriciorum
564 1941 622 1975 his
658 1940 820 1975 abeundi
845 1942 987 1975 veniam
1013 1941 1180 1983 dederit3
1207 1940 1263 1975 his
1297 1947 1419 1976 autem
1443 1942 1592 1987 egressis
1617 1939 1764 1974 tandem

307 1989 438 2022 missae
464 1988 608 2023 dantur.
657 1988 739 2022 Non
763 1988 1093 2032 praetereundum,
1129 1999 1294 2034 proceres
1319 1989 1500 2033 palatinos
1526 1987 1634 2021 fidem
1660 1997 1764 2020 suam

308 2034 544 2069 iureiurando
588 2034 773 2080 obligare,
809 2047 848 2069 se
874 2046 1060 2080 nunquam
1093 2041 1156 2068 aut
1188 2035 1260 2079 ipsi
1285 2035 1496 2080 Imperatori
1521 2039 1586 2067 aut
1607 2033 1762 2079 imperio

308 2081 462 2115 insidias
487 2086 683 2115 structurus
713 2092 802 2115 esse.
849 2082 998 2116 Litteris
1019 2083 1263 2127 consignatam
1288 2082 1364 2115 eius
1390 2081 1602 2115 sacramenti
1625 2081 1764 2114 formu-

306 2128 379 2162 lam
418 2134 575 2162 asservat
605 2129 804 2172 Imperator
829 2138 940 2171 pcnes
968 2139 1016 2161 se.
1066 2128 1104 2161 Si
1121 2131 1279 2172 Augusta
1301 2128 1349 2161 sit
1372 2127 1412 2161 in
1434 2128 1592 2171 palatio,
1620 2126 1761 2161 obviam

307 2176 340 2208 it
365 2175 579 2221 Imperatori
603 2185 718 2215 novo,
745 2174 808 2208 sed
833 2175 872 2207 iu
895 2175 1055 2219 palatio,
1078 2174 1116 2207 id
1151 2180 1205 2207 est
1229 2175 1325 2208 intra
1351 2180 1582 2220 augusteum3
1609 2175 1762 2220 eiusque·

310 2227 420 2267 caput
442 2223 642 2267 Imperator
669 2222 863 2255 osculatur.
912 2221 969 2254 Ad
995 2221 1199 2254 convivium
1223 2231 1335 2265 penes
1360 2232 1397 2254 se
1422 2227 1500 2254 tum
1527 2221 1663 2254 retinet
1684 2221 1761 2253 Im-

285 2292 289 2295 ·
335 2273 454 2303 erator
477 2270 516 2302 in
540 2279 669 2314 magno
693 2268 856 2301 triclinio
880 2291 890 2307 ,
910 2267 956 2300 ad
983 2278 1083 2301 suam
1108 2267 1277 2313 quidem,
1302 2268 1360 2300 cui
1385 2268 1463 2313 ipse
1488 2267 1681 2307 accumbit,
1705 2271 1763 2300 ta'-

337 2317 435 2350 ulam
491 2316 714 2360 praepositos
767 2319 804 2347 et
851 2314 1043 2359 patricios,
1088 2326 1178 2361 quos
1219 2314 1394 2356 voluerit,
1432 2320 1470 2348 et
1494 2315 1698 2360 praefectos
1723 2315 1762 2348 et

307 2364 540 2409 magistrum,
577 2361 623 2395 ad
657 2362 817 2407 reliquos
849 2365 970 2393 autem
997 2360 1186 2395 accubitus
1220 2372 1283 2394 seu
1309 2372 1450 2396 mensas
1484 2363 1643 2401 milite8‚
1669 2371 1761 2405 quos

307 2411 387 2455 ipse
414 2409 678 2455 designaverit,
701 2413 765 2441 aut
789 2413 824 2441 et
852 2408 1080 2452 magistratus
1105 2408 1292 2444 militares.
1341 2409 1483 2442 Intrant
1507 2418 1655 2455 quoque
1679 2405 1761 2442 ludi

310 2462 349 2490 et
371 2456 541 2491 ludiones
566 2457 605 2489 in
629 2454 847 2501 prandium3
882 2455 945 2488 sed
968 2467 1043 2489 non
1077 2454 1149 2488 nisi
1174 2455 1317 2488 conscio
1343 2461 1380 2488 et
1402 2455 1614 2501 indulgente
1637 2454 1759 2499 Impe-

308 2510 440 2538 ratore.
491 2503 706 2537 Tenendum
735 2513 883 2548 quoque
916 2500 986 2535 hoc
1017 2506 1092 2541 est,
1131 2499 1176 2534 ab
1220 2502 1433 2536 Helenianis
1465 2502 1552 2536 inde
1577 2512 1691 2546 usque
1710 2499 1760 2533 ad

307 2556 451 2596 portam
475 2560 583 2596 poma
608 2547 800 2583 carruchae
830 2549 947 2581 teneri
969 2546 1143 2582 aduobus
1159 2549 1602 2590 comitibus-scholarum3
1627 2558 1648 2579 a
1671 2558 1759 2593 porf—

309 2604 347 2632 ta
371 2610 454 2631 vero
480 2597 566 2631 inde
590 2607 705 2642 usque
734 2595 780 2628 ad
803 2595 922 2628 forum
956 2594 1221 2642 [Constantini]
1253 2607 1274 2627 a
1299 2595 1442 2630 duobus
1470 2593 1666 2629 comitibus
1691 2592 1759 2627 do·

310 2647 561 2687 mesticorum;
586 2653 606 2676 a
631 2644 710 2678 foro
735 2641 884 2675 tandem
928 2648 1042 2688 us‘que
1067 2642 1113 2675 ad
1138 2643 1315 2686 palatium
1350 2653 1371 2675 a
1402 2642 1544 2676 duobus
1581 2651 1759 2675 exconsu-

310 2691 408 2727 libus
432 2690 674 2733 militaribus‚
719 2689 918 2723 secundum
952 2689 1212 2733 ceremoniale,
1248 2689 1293 2724 de
1322 2702 1397 2736 quo
1423 2689 1533 2724 latius
1558 2691 1759 2735 exponetur

1687 2844 1693 2860 Χ
