1878 3112
316 110 430 178 584
590 123 947 172 CONSTANTINI
989 127 1470 171 PORPHYRonm

273 235 362 274 Cov
399 231 438 274 οἱ
478 233 595 287 φίλοι
622 230 861 285 Σαρακηνοί
899 227 1171 284 κρατούμενοι
1203 227 1318 283 παρά
1353 245 1399 272 τε
1434 231 1508 272 τοῦ
1534 227 1751 272 κατεπάνω

310 299 394 341 τῶν
421 297 647 350 βασιλικῶν
673 297 745 337 καί
770 296 847 336 τοῦ
889 293 1065 350 κόμητος
1089 297 1164 337 τοῦ
1192 296 1367 349 στάβλου
1385 326 1397 338 .
1452 293 1660 352 ἐφόρεσαν
1702 295 1751 336 δὲ

311 362 384 405 καί
407 363 527 403 αὐτοὶ
553 361 714 414 σπέκια,
744 363 799 402 ου’
821 360 871 403 τὰ
903 358 1078 413 ἑαυτῶν,
1110 362 1201 402 ἀλλ’
1229 362 1351 417 ἕτερα
1378 359 1574 403 κάλλιστα
1601 355 1673 402 καί
1698 361 1751 402 α’-

310 434 504 482 ναγκαΐα,
552 429 626 469 καί
649 425 851 480 μανιάκια
893 429 1159 483 ἠμφιεσμένα
1203 426 1284 468 ἀπὸ
1331 430 1461 470 λίθων
1497 427 1649 479 τιμίων·
1679 426 1753 468 καί

310 495 583 549 μαργαριτῶν
615 491 831 547 μεγάλων.
890 493 965 534 ου’κ
995 491 1105 534 ἔστιν
1133 494 1179 534 δὲ
1210 491 1362 547 τύπος,
1390 490 1605 549 βαρβάτον
1631 491 1777 548 περι-5

311 557 544 613 βάλλεσθαι
573 560 758 600 τοιοῦτον
792 560 1015 610 μανιάκιον
1041 554 1070 613 ἢ
1097 557 1199 611 μετὰ
1238 559 1509 614 μαργαριτῶν
1536 554 1564 613 ἢ
1590 559 1664 599 καί
1688 558 1753 599 λί-

312 629 402 668 θων
427 626 586 678 τιμίων,
618 624 725 667 α’λλὰ
756 628 812 667 δι’
840 624 1013 677 ἔνδειξιν
1037 628 1108 668 καί
1133 624 1260 679 μόνον
1289 627 1378 668 τότε
1408 621 1650 680 ὦρίσθησαν
1670 639 1753 665 πα-

287 689 366 746 ’ρά
402 693 726 733 Κωνσταντίνου
755 693 831 733 τοῦ
859 692 1134 748 φιλοχρίστου
1175 691 1380 733 δεσπότου
1408 692 1484 733 τοῦ
1517 691 1653 731 ταῦτα
1679 703 1754 729 ne·-

287 755 290 761 '
314 754 619 811 ριβάλλεσθαι.
673 755 747 798 καί
770 758 843 812 τῆς
871 758 1070 806 εἰωθυίας
1096 757 1247 807 τάξεως
1276 757 1557 810 τελεσθείσης,
1609 752 1648 796 οἱ
1673 755 1753 807 μὲν

314 821 547 877 Σαρακηνοί
567 819 799 873 ἐξελθόντες
827 824 999 878 διῆλθον
1028 821 1097 863 διὰ
1127 824 1204 864 τοῦ
1225 819 1554 876 ἆναδενδραδίου
1582 820 1656 862 καί
1677 819 1808 861 rosim

310 890 515 943 τρικλίνου
548 890 629 929 τῶν
656 887 918 930 κανδιδάτων
941 890 1014 930 καί
1038 889 1111 929 τοῦ
1139 890 1374 942 τρικλίνου,
1417 887 1462 928 ἐν
1489 879 1524 943 ᾧ
1551 883 1597 928 τὸ
1625 899 1755 938 καμε-

271 953 487 996 Βλαύκιον
515 955 682 995 ἵσταται
712 954 785 995 καί
811 954 850 995 οἱ
877 954 1097 1010 μάγιστροι
1124 954 1329 1008 γίνονται,
1368 953 1444 993 καί
1481 948 1563 992 dm)
1595 951 1678 992 τῶν
1712 949 1756 991 ,ἕ-ί

122 1025 432 1075 Με.ι98.εικεῐ’σε
461 1016 531 1060 διὰ
562 1021 640 1061 τοῦ
683 1015 883 1070 ὄνόποδος
922 1021 994 1061 καί
1023 1021 1098 1061 τοῦ
1135 1018 1334 1075 πόρτηκος
1371 1019 1448 1060 τοῦ
1480 1013 1757 1071 αὕγουστέως,

315 1080 407 1140 ἦτοι
435 1087 507 1138 τῆς
534 1087 696 1140 χρυσῆς
720 1083 882 1140 χειρὸς,
935 1087 1134 1140 εἰσῆλθον
1172 1087 1216 1126 ἐν
1253 1087 1309 1141 τῷ
1337 1083 1531 1140 τρικλίνῳ
1562 1082 1638 1124 τοῦ
1678 1075 1764 1121 aii--

315 1151 537 1208 γουστέως,
570 1149 643 1191 καί
668 1151 960 1204 ἐκαθέσθησαν
989 1151 1145 1203 ἐκεῖσε,
1175 1149 1253 1199 ἕως
1280 1144 1330 1190 οὗ
1357 1150 1549 1202 εἰσῆλθεν
1580 1143 1603 1187 ὅ
1630 1148 1808 1200 βασι-15

316 1214 413 1265 λεύς
441 1216 487 1257 ἐν
515 1217 573 1272 τῷ
602 1215 816 1273 παλατίῳ·
873 1213 976 1267 μετὰ
1021 1217 1066 1256 δὲ
1093 1213 1137 1256 τὸ
1169 1217 1370 1257 εἰσελθεῖν
1406 1211 1478 1255 τόν
1505 1211 1682 1266 βασιλέα
1707 1211 1754 1253 ἐν

316 1282 373 1338 τῷ
414 1282 602 1338 παλατίῳ
646 1280 990 1336 προσεκλήθησαν
1028 1278 1133 1333 μετά
1176 1297 1270 1322 τινα
1309 1277 1424 1335 ὥραν
1463 1277 1536 1319 καί
1573 1275 1612 1318 οῖ
1640 1277 1757 1332 φίλοι

126 1345 559 1402 Ειῑ.1,.338Σαρακηνοι“
582 1343 663 1387 α’πό
693 1347 768 1387 τοῦ
799 1343 1058 1400 αὐγουστέως
1084 1346 1156 1387 καί
1178 1347 1350 1400 διῆλθον
1377 1341 1448 1385 διὰ
1473 1345 1556 1385 τῶν
1583 1338 1756 1384 ἔνδοθεν

322 1412 576 1465 διαβατικῶν
603 1413 679 1453 τοῦ
722 1412 982 1465 αὔγουστέως
1024 1410 1098 1452 καὶ
1138 1413 1213 1466 τῆς
1258 1406 1411 1463 ἇψίδος
1448 1408 1507 1458 εἰς
1532 1405 1604 1450 τὸν
1631 1403 1756 1449 ἱππό-

321 1478 491 1532 δρομον,
519 1477 592 1523 καί
617 1475 696 1518 ἀπὸ
725 1477 806 1520 τῶν
834 1478 963 1518 ἐκεῖσε
993 1478 1166 1531 διῆλθον
1193 1477 1322 1531 μέχρι
1351 1476 1433 1516 τῶν
1461 1474 1624 1515 σκυλῶν
1641 1503 1654 1525 ,
1683 1469 1808 1519 καίαο

319 1540 577 1592 εἰσελθόντες
603 1543 895 1596 ἐκαθέσθησαν
921 1543 966 1584 ἐν
1001 1544 1058 1599 τῷ
1085 1543 1238 1598 δυτικῷ
1265 1541 1386 1595 μέρει
1411 1541 1486 1582 τοῦ
1518 1539 1758 1580 'Iuvanum-

320 1610 636 1663 νοῦτρικλίνου
665 1610 709 1651 ἐν
735 1614 820 1658 τοῖς
851 1609 983 1649 ἐκεῖσε
1011 1608 1250 1660 σκαμνίοις.
1306 1606 1380 1647 καὶ
1416 1600 1496 1646 εἶθ’
1536 1599 1667 1652 οὕτως
1706 1603 1757 1644 οἲ-

321 1672 499 1729 ,πεστάλη
530 1670 669 1723 αὐτοῖς
709 1673 824 1729 παρὰ
865 1674 940 1714 τοῦ
978 1673 1182 1726 βασιλέως
1225 1672 1296 1713 διὰ
1337 1671 1572 1713 κοιτωνίτου.
1609 1666 1756 1722 ἱμάτια

323 1739 568 1797 ἐρ’ῥαμμένα
595 1741 668 1782 καί
694 1737 818 1783 λοιπὰ
847 1736 1058 1792 α’λλοὶξιμα
1086 1738 1243 1780 αὐτῶν.
1300 1737 1446 1790 ἰστέον,
1486 1730 1551 1778 ὅτι
1577 1731 1756 1790 ἔστησαν

322 1873 428 1912 hensi
455 1886 476 1909 a
509 1880 683 1921 catepano
708 1875 943 1909 basilicorum
974 1878 1011 1907 et
1031 1875 1162 1908 comite
1185 1873 1331 1908 stabuli.
1378 1872 1427 1906 Hi
1445 1869 1538 1911 duo,
1561 1873 1755 1914 catepanus

325 1927 363 1956 et
380 1933 515 1963 comes,
541 1923 729 1966 gestabant
748 1927 785 1954 et
802 1922 872 1967 ipsi
890 1933 1035 1967 quoque
1053 1922 1192 1968 specin,
1223 1932 1297 1954 non
1329 1930 1394 1952 sua
1423 1918 1589 1964 quidem,
1620 1920 1660 1947 at
1683 1914 1756 1946 alia

324 1969 442 2005 multo
465 1968 706 2015 pulcherrima
724 1974 761 2001 et
780 1969 958 2013 pretiosa,
982 1973 1018 2000 et
1039 1973 1185 2014 torques
1205 1967 1393 2000 distinctos
1416 1962 1600 2010 lapidibus
1619 1961 1757 2006 pretio-

326 2015 374 2049 sis
393 2020 428 2047 et
443 2015 641 2048 unionibus
666 2015 803 2060 primae
822 2014 1090 2059 magnitudinis
1140 2015 1267 2048 Talem
1283 2018 1472 2057 torquem,
1495 2010 1569 2043 sive
1607 2006 1754 2047 emmis,

315 2061 399 2093 *sive
427 2063 627 2107 margaritis
661 2062 889 2101 distinctum,
919 2060 1027 2093 moris
1054 2072 1127 2094 uon
1155 2065 1228 2100 est,
1262 2065 1303 2092 ut
1331 2056 1503 2089 barbatus
1532 2064 1591 2099 ges
1610 2058 1667 2094 et,
1692 2051 1758 2085 Sed

313 2109 412 2142 ‘tunc
434 2108 703 2148 tantummodo,
739 2113 781 2140 ut
806 2118 887 2139 eum
910 2107 947 2139 in
967 2106 1115 2139 solenne
1135 2116 1267 2150 pompa
1284 2101 1536 2136 ostentationis
1557 2099 1668 2144 gratia
1693 2109 1757 2143 ge-

325 2157 483 2192 starent,
505 2154 593 2187 iussi
625 2154 773 2187 fuerunt
800 2153 845 2184 ab
879 2157 1020 2185 amante
1042 2152 1176 2187 Christi
1201 2150 1356 2184 Domino
1376 2148 1626 2182 Constantino.
1673 2146 1759 2179 Per-

325 2204 403 2232 acta
426 2200 621 2234 secundum
639 2205 828 2233 consuetos
844 2201 933 2232 ritus
953 2199 1176 2243 exceptione,
1194 2197 1342 2230 exibant
1359 2195 1549 2232 Saraceni,
1572 2197 1609 2225 et
1628 2192 1762 2226 transi-

323 2245 414 2279 bant
430 2256 494 2291 per
510 2246 724 2280 viridarium
747 2252 784 2279 et
804 2245 1002 2278 triclinium
1028 2244 1302 2277 candidatorum
1340 2247 1376 2275 et
1415 2240 1615 2275 triclinium
1631 2237 1760 2280 illud,

324 2293 364 2326 ln
388 2303 460 2338 quo
482 2293 739 2326 camelaucium
761 2297 831 2324 stat
861 2290 1094 2335 magistrique
1125 2295 1311 2333 creantur3
1336 2288 1421 2322 inde
1449 2298 1514 2332 per
1533 2284 1759 2330 onopodem,

318 2340 363 2375 ⁴et
382 2339 559 2383 porticum
588 2339 818 2384 augustconis
846 2338 919 2370 sive
953 2348 1096 2370 auream
1128 2348 1292 2376 manum,
1333 2334 1479 2368 tandem
1509 2331 1695 2366 intrabant
1717 2331 1759 2364 in

322 2385 524 2419 triclinium
541 2385 790 2430 augusteonis,
817 2385 855 2417 in
878 2395 949 2429 quo
961 2383 1186 2424 desidebant,
1207 2383 1322 2416 donec
1342 2379 1759 2423 revertissetlmperator

324 2433 363 2468 in
387 2432 574 2476 palatium.
622 2432 818 2476 Aliquanto
839 2435 921 2476 post
942 2430 1097 2464 reditum
1123 2429 1351 2474 Imperatoris
1374 2429 1411 2461 in
1436 2426 1613 2472 palatium
1640 2434 1759 2457 arceb

324 2477 498 2514 sebantur
519 2478 625 2511 amici
649 2478 816 2511 Saraceni
839 2489 882 2510 ex
897 2482 1127 2522 augusteone.
1177 2474 1396 2509 Transibant
1414 2479 1502 2508 tunc
1520 2482 1587 2518 per
1605 2471 1759 2504 interio-

323 2535 379 2559 res
403 2525 561 2568 porticus
593 2524 824 2569 augusteonis
856 2529 894 2555 et
920 2534 985 2567 per
1015 2522 1175 2568 apsidem
1205 2522 1243 2555 in
1277 2523 1410 2555 circum
1431 2530 1545 2564 usque
1573 2516 1619 2550 ad
1643 2517 1758 2559 scyla3

321 2571 388 2604 ubi
416 2572 566 2616 ingressi
597 2570 812 2603 desidebant
839 2570 877 2601 in
906 2569 1121 2602 occidentali
1152 2569 1256 2614 plaga
1294 2567 1444 2601 triclinii
1474 2563 1688 2598 Iustinianei
1719 2562 1760 2596 in

323 2618 475 2654 scamnis
492 2617 545 2650 ibi
561 2616 751 2653 stantibus.
799 2616 890 2650 Illuc
908 2616 994 2661 ipsis
1021 2616 1260 2648 mittebantur
1280 2614 1324 2646 ab
1346 2616 1566 2658 Imperatore
1584 2620 1649 2654 per
1676 2619 1760 2642 coe-

321 2665 477 2700 tonitam
505 2669 620 2697 vestes
656 2664 727 2696 iam
759 2667 930 2696 consutae
960 2667 997 2696 et
1031 2661 1176 2694 indutui
1207 2660 1370 2701 habiles,
1400 2660 1544 2704 aliaque
1578 2665 1644 2701 pro
1669 2654 1682 2688 i
1710 2653 1758 2687 sis

307 2711 541 2753 ·mutatoria,
566 2710 674 2762 [telae
692 2720 766 2747 nou
790 2713 979 2755 consutam
1016 2713 1054 2744 et
1073 2707 1125 2743 sic
1147 2707 1395 2744 invitabantur
1419 2704 1465 2742 ad
1492 2702 1671 2751 coepulari
1697 2704 1763 2736 um'
