1832 3112
287 120 361 189 84
560 135 918 182 CONSTANTINI
968 135 1455 194 roapnmocmm
1476 141 1491 158 v·

255 242 560 297 (ἔπροείρηται,
604 238 858 291 διασώζουσι
883 237 957 280 τὸν
998 241 1175 292 βασιλέα
1213 242 1339 296 μέχρι
1372 239 1451 281 τοῦ
1476 238 1635 294 ταύρου
1662 237 1735 293 τῆς

286 308 498 361 πολιτικῆς
525 307 603 347 τοῦ
629 307 783 360 μέρους
809 304 892 345 τῶν
920 306 1120 346 Βενέτων.
1189 303 1262 346 καί
1288 305 1487 358 δέχονται
1513 301 1584 346 τὸν
1610 305 1735 356 βασι-

288 375 362 416 λέα
391 375 436 415 ἐν
462 373 520 428 τῷ
559 370 702 427 ταύρῳ
748 372 821 411 καί
847 368 1126 421 διασώζουσιν
1155 371 1233 420 ἕως
1256 371 1340 412 τῶν
1377 370 1636 426 ἆρτοπολίων
1661 369 1736 423 τῆς

287 440 503 492 πολιτικῆς
529 438 606 478 τοῦ
632 437 789 492 μέρους
815 436 899 477 τῶν
928 435 1186 491 Πρασίνων,
1231 437 1306 478 καί
1335 437 1532 490 δέχονται
1557 432 1629 476 τὸν
1655 437 1735 490 βα-

289 506 408 547 σιλέα
437 504 481 545 ἐν
509 504 565 559 τῷ
595 500 714 559 φόρῳ
742 503 826 542 τῶν
853 503 1084 557 περατικῶν
1112 503 1368 558 Πρασίνων,
1409 502 1455 543 ἐν
1483 502 1540 559 τῷ
1568 499 1760 542 nauum-5

288 572 345 627 τῷ
372 570 448 611 τοῦ
474 570 617 623 μιλιόυ
657 569 731 623 τῆς
759 569 969 623 πολιτικῆς
994 569 1151 623 μέρους
1177 569 1260 610 τῶν
1287 569 1544 625 Πρασίνιον,
1590 567 1738 620 δέχον-

287 652 360 678 ται
389 634 462 677 τὸν
488 637 663 689 βασιλέα
702 635 748 676 ἐν
778 634 836 691 τῷ
865 635 1073 692 ζευξίππῳ
1114 634 1198 675 τῶν
1224 635 1457 690 περατικῶν
1482 633 1625 689 μερῶν
1651 634 1737 674 Βε-

286 705 438 754 νέτων,
478 701 671 754 δέχονται
698 697 772 741 τὸν
799 698 979 753 βασιλέα
1007 699 1052 741 ἐν
1076 700 1128 756 τῇ
1156 701 1307 756 χαλκῇ.
1372 697 1444 741 καὶ
1469 698 1633 746 εὐθέως
1662 712 1736 739 πε-

292 767 484 819 ζεύουσιν
514 762 710 818 ἅπαντες,
749 766 822 807 καί
846 767 963 818 μένει
992 763 1176 822 ἔφιππος
1203 764 1330 819 μόνος
1358 762 1380 806 ὅ
1408 763 1620 819 βασιλεύς·
1662 761 1738 803 κᾶ-

291 837 429 875 κεῖθεν
459 829 777 887 δηριγευόμενος
804 829 886 872 ὑπὸ
917 829 1104 884 πάντων,
1134 830 1192 880 ὥς
1219 832 1486 888 προείρηται,
1525 831 1793 885 διέρχεταιῐο

293 898 363 940 διὰ
401 899 481 940 τῶν
509 898 706 954 κορτίνων
745 898 875 953 μέχρι
911 899 984 951 τῆς
1011 895 1131 940 ἔνδον
1157 896 1339 952 μεγάλης
1372 897 1506 952 πύλης
1533 897 1617 938 τῶν
1643 895 1739 937 ἐκσ-

294 966 522 1018 κουβίτων,
561 963 606 1004 ἐν
632 957 661 1019 ᾗ
687 962 848 1016 γίνεται
873 959 899 1017 ἦ
927 964 1010 1004 τῶν
1037 962 1265 1018 σκριβόνων
1306 960 1512 1018 προβολή,
1556 959 1630 1004 καὶ
1664 975 1739 1001 πε-

261 1028 410 1081 Βζεύει
449 1030 579 1070 ἐκεῖσε
621 1027 694 1069 καί
730 1028 942 1083 διέρχεται
970 1026 1041 1069 διὰ
1070 1030 1153 1070 τῶν
1190 1027 1469 1082 ἐκσκουβίτων
1503 1026 1740 1083 ἔμπροσθεν

291 1096 376 1136 τῶν
402 1094 529 1149 τριῶν
557 1094 699 1136 πυλῶν
725 1095 802 1135 τοῦ
831 1096 1155 1149 κονσιστωριόυ,
1194 1093 1371 1148 μένουσι
1400 1095 1447 1135 δὲ
1472 1095 1564 1136 ἐκεῖ
1591 1092 1631 1134 οἱ
1665 1094 1739 1148 τῆς

292 1158 519 1215 συγκλήτου
545 1158 877 1214 ύπερευχόμενοι
903 1157 975 1201 τὸν
991 1162 1187 1214 βασιλέα,
1219 1162 1292 1202 καί
1309 1161 1544 1216 εἰσέρχεται
1565 1158 1588 1201 ὅ
1611 1157 1792 1212 βασι-15

292 1225 390 1275 λεύς
419 1225 493 1281 τῆν
510 1227 641 1281 μέσην
669 1225 802 1280 πύλην
821 1224 895 1280 τῆν
916 1223 1170 1280 εἰσάγουσαν
1192 1225 1292 1282 πρὸς
1315 1225 1393 1282 τὴν
1418 1224 1640 1281 ἐκκλησίαν
1662 1227 1738 1268 τοῦ

293 1291 483 1347 Κυρίου,
520 1293 694 1345 μένουσι
723 1293 770 1333 δὲ
788 1293 919 1333 ἐκεῖσε
942 1290 980 1333 οἱ
1017 1291 1227 1348 πατρίκιοι
1252 1291 1325 1334 καὶ
1353 1293 1578 1348 στρατηγοὶ
1602 1290 1733 1348 ὕπερ-

291 1357 512 1411 ευχόμενοι
541 1356 612 1399 καί
637 1357 759 1399 αὕτοί
782 1355 852 1399 τὸν
888 1359 1077 1410 βασιλέα.
1135 1360 1209 1400 καί
1231 1357 1494 1408 εἰσελθόντος
1519 1359 1596 1400 τοῦ
1614 1361 1739 1412 βασι-

293 1423 399 1472 λέως
427 1424 486 1472 εἰς
513 1421 589 1478 τῆν
614 1425 775 1477 χαλκῆν
813 1421 947 1478 πύλην
987 1424 1063 1464 τοῦ
1102 1423 1296 1479 Κυρίου,
1339 1423 1546 1467 κλείουσιν
1580 1420 1740 1473 εὐθέως

294 1488 373 1539 τοὶς
400 1488 537 1545 θύρας
564 1488 603 1531 οἱ
631 1491 706 1531 τοῦ
747 1488 1038 1543 κουβουκλείου
1078 1488 1150 1531 καί
1186 1488 1487 1544 ὖπερεύχονται
1513 1488 1587 1533 τὸν
1613 1493 1793 1544 βασι-ιο

297 1556 371 1597 λέα
385 1589 396 1608 ,
438 1556 510 1596 καί
538 1552 736 1608 λαβόντος
763 1557 842 1596 τοῦ
869 1556 1147 1610 πραιποσίτου
1172 1553 1247 1610 τῆν
1272 1554 1374 1609 τόγα
1402 1555 1483 1597 ἀπὸ
1509 1558 1580 1611 τῆς
1608 1572 1739 1611 κεφα-

295 1622 370 1675 λῆς
396 1622 468 1662 τοῦ
496 1622 715 1674 βασιλέως,
744 1622 979 1676 εἰσέρχεται
1010 1618 1030 1661 ὃ
1063 1619 1263 1674 βασιλεὺς
1291 1623 1364 1663 καί
1390 1623 1552 1664 ἵσταται
1580 1620 1739 1675 ἔμπρο-

116 1689 398 1735 Εςι,],.5ισθεν
422 1687 506 1728 τῶν
534 1685 663 1741 ἁγίων
691 1688 866 1742 θυρῶν,
906 1685 978 1727 καί
1010 1683 1127 1740 ἅψας
1164 1685 1340 1743 κηρούς,
1384 1682 1554 1741 εὔχεται
1591 1689 1739 1740 ἐκεῖσε,

299 1754 370 1794 καί
407 1749 632 1805 εὐξάμενος
675 1753 886 1808 διέρχεται
925 1750 996 1793 διὰ
1035 1755 1118 1795 τῶν
1147 1754 1402 1807 διαβατικῶν
1440 1755 1517 1795 τοῦ
1569 1753 1738 1808 Κυρίου

300 1816 372 1859 καί
397 1818 629 1872 εἰσέρχεται
658 1818 703 1859 ἐν
730 1819 790 1875 τῷ
815 1817 1043 1876 ἡμικυκλίῳ
1071 1819 1150 1860 τοῦ
1177 1817 1400 1875 τρικόγχου
1414 1851 1428 1872 ,
1468 1816 1541 1860 καί
1560 1815 1793 1864 διελθώναό

396 1907 426 1940 5.
452 1905 584 1951 πλάκῳ
610 1905 659 1951 τῷ
687 1905 741 1939 ed.
820 1907 869 1940 16.
895 1905 1021 1949 πύλην
1039 1905 1276 1952 εἰσάγουσαν
1295 1907 1351 1941 ed.

304 1998 381 2021 rum
407 1987 528 2027 factio,
558 1998 638 2020 eum
665 1987 963 2031 perducit.>Haec
990 1988 1247 2032 Imperatorem
1274 1988 1311 2021 in
1341 1993 1441 2022 tauro
1468 1988 1605 2032 excipit
1631 1992 1668 2021 et
1691 1987 1738 2021 ad

303 2034 472 2067 tabernas
499 2034 696 2078 pistorum,
733 2033 798 2065 ubi
823 2033 974 2077 politica
1010 2036 1120 2067 factio
1155 2035 1381 2068 Prasinorum
1417 2035 1541 2075 adest,
1575 2033 1736 2075 deducit,

305 2091 398 2125 quac
425 2091 506 2111 eum
542 2080 581 2112 in
607 2080 685 2112 soro
712 2080 940 2113 transitoriae
976 2080 1144 2114 factionis
1178 2081 1362 2120 prasinae,
1397 2082 1435 2114 in
1469 2081 1737 2114 substructione

304 2126 397 2159 milii
421 2126 590 2170 politicae
612 2125 778 2158 factionis
806 2127 971 2159 prasinae
990 2128 1134 2171 excipit,
1179 2128 1221 2159 In
1246 2129 1422 2173 zeuxippo
1459 2139 1541 2161 eum
1566 2128 1737 2161 transito-

306 2173 358 2206 rIa
391 2173 612 2205 Venetorum
633 2172 760 2213 factio,
785 2171 918 2205 deinde
946 2174 985 2206 in
1005 2173 1150 2214 chalce,
1174 2174 1320 2218 excipit.
1370 2175 1455 2208 Mox
1478 2186 1602 2208 omnes
1628 2172 1738 2219 pedi-

303 2219 373 2252 bus
409 2217 605 2258 incedunt,
645 2219 741 2251 solus
768 2220 963 2263 Imperator
997 2231 1090 2266 equo
1115 2220 1277 2262 vehitur,
1314 2225 1351 2254 et
1375 2222 1461 2261 inde
1497 2220 1542 2254 ab
1569 2221 1736 2254 omnibus

307 2267 458 2310 stipatus
491 2269 531 2297 ut
566 2264 703 2298 dictum
731 2270 802 2306 est,
839 2277 904 2310 per
924 2267 1078 2299 cortinas
1110 2279 1224 2314 usque
1258 2268 1304 2300 ad
1329 2268 1540 2301 interiorem
1571 2278 1736 2312 magnam

306 2315 447 2357 portam
482 2311 756 2351 excubitorum,
787 2312 852 2345 ubi
890 2313 1085 2346 scribarum
1120 2315 1300 2359 promotio
1330 2315 1556 2354 instituitur,
1594 2314 1737 2354 transit,

309 2369 403 2404 equo
441 2357 629 2390 descendit
659 2369 796 2404 perque
816 2359 984 2392 excubias
1011 2366 1095 2394 ante
1120 2366 1190 2394 tres
1226 2362 1430 2394 consistorii
1453 2365 1575 2406 portas
1611 2360 1737 2406 dispu-

307 2406 394 2438 sitas
444 2404 544 2444 abit,
580 2404 644 2437 ubi
679 2410 861 2438 senatores
893 2406 1012 2440 fausta
1049 2408 1260 2452 Imperatori
1289 2412 1474 2452 precantes
1511 2407 1736 2441 subsistunt:

305 2453 338 2485 is
360 2462 444 2484 vero
468 2450 622 2483 mediam
648 2457 790 2495 portam
823 2451 869 2484 ad
905 2453 1078 2499 templum
1110 2454 1258 2487 Domini
1297 2452 1489 2487 dueentem
1523 2453 1737 2499 ingreditur,

307 2498 372 2531 ubi
394 2498 539 2542 patricii
564 2502 600 2530 et
634 2499 802 2542 strategi,
838 2498 903 2543 qui
927 2504 964 2532 et
1003 2500 1072 2544 ipsi
1097 2500 1216 2534 fausta
1253 2501 1463 2544 Imperatori
1488 2505 1736 2547 apprecantur,

309 2544 450 2577 adsunt.
501 2542 583 2587 Quo
618 2554 765 2576 aeneam
790 2549 930 2587 portam
970 2547 1096 2591 templi
1129 2547 1277 2580 Domini
1310 2547 1487 2591 ingresso,
1519 2546 1737 2580 cubicularii

307 2591 434 2623 ianuas
470 2590 588 2623 statim
631 2590 806 2623 claudunt
855 2596 892 2623 et
924 2592 1136 2638 Imperatori
1171 2594 1390 2634 acclamant,
1435 2593 1499 2639 qui
1545 2599 1739 2640 postquam

306 2636 534 2682 praepositus
571 2641 689 2680 togam
736 2648 798 2670 seu
837 2638 966 2670 tiaram
1008 2650 1029 2671 a
1053 2640 1171 2684 capite
1206 2641 1283 2672 cius
1320 2639 1475 2680 demsst,
1523 2640 1658 2679 intrat,
1691 2637 1739 2671 ad

308 2689 448 2717 sanctas
473 2684 596 2716 ianuas
622 2681 786 2716 subsistit
820 2688 857 2716 et
890 2691 1067 2729 precatur.
1116 2685 1198 2730 Quo
1220 2687 1315 2720 facto
1331 2696 1395 2730 per
1418 2687 1596 2730 porticum
1609 2684 1738 2730 templi

307 2730 378 2764 Dei
408 2729 643 2774 hemicyclum
679 2730 870 2766 triconchii
903 2742 1040 2778 perque
1073 2733 1253 2778 porticum
1277 2731 1512 2779 quadraginta
1533 2737 1738 2767 sanctorum
