<?xml version="1.0" encoding="UTF-8"?>
<!DOCTYPE html PUBLIC "-//W3C//DTD XHTML 1.0 Transitional//EN"
    "http://www.w3.org/TR/xhtml1/DTD/xhtml1-transitional.dtd">
<html xmlns="http://www.w3.org/1999/xhtml" xml:lang="en" lang="en">
 <head>
  <title>
</title>
<meta http-equiv="Content-Type" content="text/html;charset=utf-8" />
  <meta name='ocr-system' content='tesseract 3.04.00' />
  <meta name='ocr-capabilities' content='ocr_page ocr_carea ocr_par ocr_line ocrx_word'/>
</head>
<body>
  <div class='ocr_page' id='page_1' title='image "./corpusscriptorum07niebuoft_0823.png"; bbox 0 0 1878 3112; ppageno 0'>
   <div class='ocr_carea' id='block_1_1' title="bbox 335 122 1573 196">
    <p class='ocr_par' dir='ltr' id='par_1_1' title="bbox 335 122 1573 196">
     <span class='ocr_line' id='line_1_1' title="bbox 335 122 1573 196; baseline 0.005 -18"><span class='ocrx_word' id='word_1_1' title='bbox 335 140 407 179; x_wconf 83' lang='lat' dir='ltr'><strong>DE</strong></span> <span class='ocrx_word' id='word_1_2' title='bbox 444 137 703 184; x_wconf 71' lang='lat' dir='ltr'><strong>cmmou.</strong></span> <span class='ocrx_word' id='word_1_3' title='bbox 746 139 926 181; x_wconf 57' lang='lat' dir='ltr'><strong>ium</strong></span> <span class='ocrx_word' id='word_1_4' title='bbox 954 139 1194 191; x_wconf 65' lang='lat' dir='ltr'><strong>mrum,</strong></span> <span class='ocrx_word' id='word_1_5' title='bbox 1231 141 1284 183; x_wconf 84' lang='lat'><strong>11.</strong></span> <span class='ocrx_word' id='word_1_6' title='bbox 1313 140 1381 186; x_wconf 78' lang='lat'><strong>52.</strong></span> <span class='ocrx_word' id='word_1_7' title='bbox 1467 122 1573 196; x_wconf 87' lang='lat'><strong>757</strong></span> 
     </span>
    </p>
   </div>
   <div class='ocr_carea' id='block_1_2' title="bbox 70 234 1779 1540">
    <p class='ocr_par' dir='ltr' id='par_1_2' title="bbox 143 234 1580 290">
     <span class='ocr_line' id='line_1_2' title="bbox 143 234 1580 290; baseline 0.004 -15"><span class='ocrx_word' id='word_1_8' title='bbox 143 235 261 289; x_wconf 77' lang='grc' dir='ltr'><strong><em>πρῶν</em></strong></span> <span class='ocrx_word' id='word_1_9' title='bbox 288 234 542 289; x_wconf 69' lang='grc' dir='ltr'><strong><em>ἅκουβίτων,</em></strong></span> <span class='ocrx_word' id='word_1_10' title='bbox 586 234 660 277; x_wconf 79' lang='grc' dir='ltr'><strong>τὸν</strong></span> <span class='ocrx_word' id='word_1_11' title='bbox 701 236 748 277; x_wconf 77' lang='grc' dir='ltr'><strong>δὲ</strong></span> <span class='ocrx_word' id='word_1_12' title='bbox 775 234 811 278; x_wconf 84' lang='grc' dir='ltr'><strong>δ’</strong></span> <span class='ocrx_word' id='word_1_13' title='bbox 842 235 945 279; x_wconf 80' lang='grc' dir='ltr'><strong><em>και-α’</em></strong></span> <span class='ocrx_word' id='word_1_14' title='bbox 981 239 1110 289; x_wconf 86' lang='grc' dir='ltr'><strong><em>μέσον</em></strong></span> <span class='ocrx_word' id='word_1_15' title='bbox 1147 236 1223 280; x_wconf 65' lang='grc' dir='ltr'><strong>καὶ</strong></span> <span class='ocrx_word' id='word_1_16' title='bbox 1262 237 1393 281; x_wconf 74' lang='grc' dir='ltr'><strong><em>αὕτὸν</em></strong></span> <span class='ocrx_word' id='word_1_17' title='bbox 1426 241 1507 281; x_wconf 85' lang='grc' dir='ltr'><strong>τῶν</strong></span> <span class='ocrx_word' id='word_1_18' title='bbox 1534 240 1580 290; x_wconf 80' lang='grc' dir='ltr'><strong>ἐξ</strong></span> 
     </span>
    </p>

    <p class='ocr_par' dir='ltr' id='par_1_3' title="bbox 142 295 1615 362">
     <span class='ocr_line' id='line_1_3' title="bbox 142 295 1615 362; baseline 0.005 -22"><span class='ocrx_word' id='word_1_19' title='bbox 142 295 351 356; x_wconf 74' lang='grc' dir='ltr'><strong>ἑκατέρων</strong></span> <span class='ocrx_word' id='word_1_20' title='bbox 382 303 523 356; x_wconf 86' lang='grc' dir='ltr'><strong><em>μερῶν</em></strong></span> <span class='ocrx_word' id='word_1_21' title='bbox 558 303 631 343; x_wconf 81' lang='grc' dir='ltr'><em>καί</em></span> <span class='ocrx_word' id='word_1_22' title='bbox 675 304 878 357; x_wconf 75' lang='grc' dir='ltr'><em>λαμπρῶν</em></span> <span class='ocrx_word' id='word_1_23' title='bbox 905 303 1151 357; x_wconf 80' lang='grc' dir='ltr'><strong><em>ιῖκουβίτων.</em></strong></span> <span class='ocrx_word' id='word_1_24' title='bbox 1207 306 1280 346; x_wconf 84' lang='grc' dir='ltr'><strong><em>καί</em></strong></span> <span class='ocrx_word' id='word_1_25' title='bbox 1304 303 1386 347; x_wconf 75' lang='grc' dir='ltr'><strong>σύν</strong></span> <span class='ocrx_word' id='word_1_26' title='bbox 1410 305 1462 362; x_wconf 81' lang='grc' dir='ltr'><strong>τῇ</strong></span> <span class='ocrx_word' id='word_1_27' title='bbox 1489 306 1615 346; x_wconf 81' lang='grc' dir='ltr'><strong><em>ἐπι-Β</em></strong></span> 
     </span>
    </p>

    <p class='ocr_par' dir='ltr' id='par_1_4' title="bbox 143 365 1581 426">
     <span class='ocr_line' id='line_1_4' title="bbox 143 365 1581 426; baseline 0.004 -20"><span class='ocrx_word' id='word_1_28' title='bbox 143 365 284 407; x_wconf 80' lang='grc' dir='ltr'><strong><em>νεύσει</em></strong></span> <span class='ocrx_word' id='word_1_29' title='bbox 316 365 393 408; x_wconf 70' lang='grc' dir='ltr'><strong><em>καὶ</em></strong></span> <span class='ocrx_word' id='word_1_30' title='bbox 425 367 595 424; x_wconf 72' lang='grc' dir='ltr'><strong><em>εὕλογίᾳ</em></strong></span> <span class='ocrx_word' id='word_1_31' title='bbox 633 369 710 408; x_wconf 84' lang='grc' dir='ltr'><strong>τοῦ</strong></span> <span class='ocrx_word' id='word_1_32' title='bbox 738 366 969 422; x_wconf 78' lang='grc' dir='ltr'><strong><em>ἇγιωτάτου</em></strong></span> <span class='ocrx_word' id='word_1_33' title='bbox 998 369 1116 423; x_wconf 76' lang='grc' dir='ltr'><strong><em>ἡμῶν</em></strong></span> <span class='ocrx_word' id='word_1_34' title='bbox 1152 367 1415 425; x_wconf 75' lang='grc' dir='ltr'><strong><em>πατριάρχου</em></strong></span> <span class='ocrx_word' id='word_1_35' title='bbox 1443 368 1581 426; x_wconf 74' lang='grc' dir='ltr'><strong><em>ἀπάρ-</em></strong></span> 
     </span>
    </p>

    <p class='ocr_par' dir='ltr' id='par_1_5' title="bbox 141 429 1583 490">
     <span class='ocr_line' id='line_1_5' title="bbox 141 429 1583 490; baseline 0.005 -19"><span class='ocrx_word' id='word_1_36' title='bbox 141 433 301 484; x_wconf 76' lang='grc' dir='ltr'><strong><em>χεσθαι</em></strong></span> <span class='ocrx_word' id='word_1_37' title='bbox 332 429 488 480; x_wconf 71' lang='grc' dir='ltr'><strong><em>αὐτούς</em></strong></span> <span class='ocrx_word' id='word_1_38' title='bbox 513 430 588 487; x_wconf 74' lang='grc' dir='ltr'><strong>τήν</strong></span> <span class='ocrx_word' id='word_1_39' title='bbox 613 433 757 486; x_wconf 89' lang='grc' dir='ltr'><strong><em>τιμίαν</em></strong></span> <span class='ocrx_word' id='word_1_40' title='bbox 784 436 858 475; x_wconf 81' lang='grc' dir='ltr'><em>καί</em></span> <span class='ocrx_word' id='word_1_41' title='bbox 883 433 1085 489; x_wconf 77' lang='grc' dir='ltr'><strong><em>θεάρετον</em></strong></span> <span class='ocrx_word' id='word_1_42' title='bbox 1123 433 1282 476; x_wconf 83' lang='grc' dir='ltr'><strong><em>αἴνεσιν</em></strong></span> <span class='ocrx_word' id='word_1_43' title='bbox 1331 434 1407 490; x_wconf 83' lang='grc' dir='ltr'><strong>τὴν</strong></span> <span class='ocrx_word' id='word_1_44' title='bbox 1449 437 1494 487; x_wconf 79' lang='grc' dir='ltr'><strong>ἔξ</strong></span> <span class='ocrx_word' id='word_1_45' title='bbox 1521 438 1583 483; x_wconf 59' lang='grc' dir='ltr'><strong>οἰτ</strong></span> 
     </span>
    </p>

    <p class='ocr_par' dir='ltr' id='par_1_6' title="bbox 115 497 1584 555">
     <span class='ocr_line' id='line_1_6' title="bbox 115 497 1584 555; baseline 0.005 -19"><span class='ocrx_word' id='word_1_46' title='bbox 115 497 264 551; x_wconf 80' lang='grc' dir='ltr'><strong><em>5κείων</em></strong></span> <span class='ocrx_word' id='word_1_47' title='bbox 286 498 463 550; x_wconf 77' lang='grc' dir='ltr'><em>χειλέων</em></span> <span class='ocrx_word' id='word_1_48' title='bbox 489 499 564 539; x_wconf 79' lang='grc' dir='ltr'><strong>τοῦ</strong></span> <span class='ocrx_word' id='word_1_49' title='bbox 591 498 836 554; x_wconf 80' lang='grc' dir='ltr'><strong><em>σοφωτάτου</em></strong></span> <span class='ocrx_word' id='word_1_50' title='bbox 873 498 948 540; x_wconf 80' lang='grc' dir='ltr'>καί</span> <span class='ocrx_word' id='word_1_51' title='bbox 978 498 1285 555; x_wconf 75' lang='grc' dir='ltr'><strong><em>θεοπροβλήτου</em></strong></span> <span class='ocrx_word' id='word_1_52' title='bbox 1312 500 1433 555; x_wconf 81' lang='grc' dir='ltr'><strong><em>ἡμῶν</em></strong></span> <span class='ocrx_word' id='word_1_53' title='bbox 1459 505 1584 555; x_wconf 83' lang='grc' dir='ltr'><strong><em>βασι-</em></strong></span> 
     </span>
    </p>

    <p class='ocr_par' dir='ltr' id='par_1_7' title="bbox 141 559 1584 622">
     <span class='ocr_line' id='line_1_7' title="bbox 141 559 1584 622; baseline 0.003 -19"><span class='ocrx_word' id='word_1_54' title='bbox 141 559 248 617; x_wconf 68' lang='grc' dir='ltr'><strong><em>λέως</em></strong></span> <span class='ocrx_word' id='word_1_55' title='bbox 284 562 470 611; x_wconf 85' lang='grc' dir='ltr'><strong><em>Λέοντος</em></strong></span> <span class='ocrx_word' id='word_1_56' title='bbox 504 565 835 620; x_wconf 75' lang='grc' dir='ltr'><strong><em>ἐξυφανθεΐσαν,</em></strong></span> <span class='ocrx_word' id='word_1_57' title='bbox 877 566 951 606; x_wconf 80' lang='grc' dir='ltr'>καί</span> <span class='ocrx_word' id='word_1_58' title='bbox 977 561 1066 618; x_wconf 75' lang='grc' dir='ltr'><strong>ἅμα</strong></span> <span class='ocrx_word' id='word_1_59' title='bbox 1101 568 1153 622; x_wconf 79' lang='grc' dir='ltr'><strong>τῇ</strong></span> <span class='ocrx_word' id='word_1_60' title='bbox 1191 566 1322 621; x_wconf 72' lang='grc' dir='ltr'><strong><em>αὐτῆς</em></strong></span> <span class='ocrx_word' id='word_1_61' title='bbox 1348 566 1584 622; x_wconf 78' lang='grc' dir='ltr'><strong><em>ἑκφωνὴσει</em></strong></span> 
     </span>
    </p>

    <p class='ocr_par' dir='ltr' id='par_1_8' title="bbox 135 625 1584 686">
     <span class='ocr_line' id='line_1_8' title="bbox 135 625 1584 686; baseline 0.006 -20"><span class='ocrx_word' id='word_1_62' title='bbox 135 625 216 674; x_wconf 60' lang='grc' dir='ltr'><strong><em>,καὶ</em></strong></span> <span class='ocrx_word' id='word_1_63' title='bbox 240 628 479 685; x_wconf 75' lang='grc' dir='ltr'><strong><em>πολυτέχνῳ</em></strong></span> <span class='ocrx_word' id='word_1_64' title='bbox 511 631 586 684; x_wconf 85' lang='grc' dir='ltr'><strong>τῆς</strong></span> <span class='ocrx_word' id='word_1_65' title='bbox 611 631 881 684; x_wconf 76' lang='grc' dir='ltr'><strong><em>χειρονομίας</em></strong></span> <span class='ocrx_word' id='word_1_66' title='bbox 908 629 1068 686; x_wconf 72' lang='grc' dir='ltr'><strong><em>κινήσει</em></strong></span> <span class='ocrx_word' id='word_1_67' title='bbox 1096 628 1368 685; x_wconf 79' lang='grc' dir='ltr'><strong><em>ὁμοθυμαδὸν</em></strong></span> <span class='ocrx_word' id='word_1_68' title='bbox 1395 629 1584 683; x_wconf 78' lang='grc' dir='ltr'><strong><em>ἅπαντας</em></strong></span> 
     </span>
    </p>

    <p class='ocr_par' dir='ltr' id='par_1_9' title="bbox 140 689 1585 754">
     <span class='ocr_line' id='line_1_9' title="bbox 140 689 1585 754; baseline 0.007 -21"><span class='ocrx_word' id='word_1_69' title='bbox 140 689 240 740; x_wconf 73' lang='grc' dir='ltr'><strong>τούς</strong></span> <span class='ocrx_word' id='word_1_70' title='bbox 265 691 560 746; x_wconf 72' lang='grc' dir='ltr'><strong><em>ἀνακειμένους</em></strong></span> <span class='ocrx_word' id='word_1_71' title='bbox 585 689 702 751; x_wconf 73' lang='grc' dir='ltr'><strong><em>ᾄδειν</em></strong></span> <span class='ocrx_word' id='word_1_72' title='bbox 727 698 802 739; x_wconf 81' lang='grc' dir='ltr'>καί</span> <span class='ocrx_word' id='word_1_73' title='bbox 825 695 1091 751; x_wconf 82' lang='grc' dir='ltr'><strong><em>συμψάλλειν</em></strong></span> <span class='ocrx_word' id='word_1_74' title='bbox 1129 697 1177 738; x_wconf 83' lang='grc' dir='ltr'><strong>τὸ</strong></span> <span class='ocrx_word' id='word_1_75' title='bbox 1208 697 1341 753; x_wconf 73' lang='grc' dir='ltr'><strong><em>ῥηθὲν</em></strong></span> <span class='ocrx_word' id='word_1_76' title='bbox 1377 697 1492 753; x_wconf 75' lang='grc' dir='ltr'><strong><em>ἱερὸν</em></strong></span> <span class='ocrx_word' id='word_1_77' title='bbox 1533 692 1585 754; x_wconf 59' lang='lat' dir='ltr'><strong>‹gi-.-</strong></span> 
     </span>
    </p>

    <p class='ocr_par' dir='ltr' id='par_1_10' title="bbox 85 755 1585 884">
     <span class='ocr_line' id='line_1_10' title="bbox 142 755 1585 815; baseline 0.004 -16"><span class='ocrx_word' id='word_1_78' title='bbox 142 773 237 810; x_wconf 69' lang='grc' dir='ltr'><strong><em>,σμα</em></strong></span> <span class='ocrx_word' id='word_1_79' title='bbox 272 755 320 800; x_wconf 86' lang='grc' dir='ltr'>τὸ</span> <span class='ocrx_word' id='word_1_80' title='bbox 349 760 396 815; x_wconf 57' lang='grc' dir='ltr'><strong>ἐπ</strong></span> <span class='ocrx_word' id='word_1_81' title='bbox 423 763 682 815; x_wconf 80' lang='grc' dir='ltr'><strong><em>μελισ-ταγῶν</em></strong></span> <span class='ocrx_word' id='word_1_82' title='bbox 706 762 883 815; x_wconf 81' lang='grc' dir='ltr'><strong><em>χειλέων</em></strong></span> <span class='ocrx_word' id='word_1_83' title='bbox 909 762 1119 814; x_wconf 80' lang='grc' dir='ltr'><strong><em>οταλάξαν</em></strong></span> <span class='ocrx_word' id='word_1_84' title='bbox 1145 760 1278 804; x_wconf 79' lang='grc' dir='ltr'><strong><em>ἅπασι</em></strong></span> <span class='ocrx_word' id='word_1_85' title='bbox 1314 769 1400 814; x_wconf 82' lang='grc' dir='ltr'><strong><em>τοῖς</em></strong></span> <span class='ocrx_word' id='word_1_86' title='bbox 1425 769 1585 812; x_wconf 82' lang='grc' dir='ltr'><strong><em>πιστοῖς</em></strong></span> 
     </span>
     <span class='ocr_line' id='line_1_11' title="bbox 85 821 1584 884; baseline 0.003 -18"><span class='ocrx_word' id='word_1_87' title='bbox 85 821 354 878; x_wconf 52' lang='grc' dir='ltr'><strong><em>ᾼοῦπηκόοις.</em></strong></span> <span class='ocrx_word' id='word_1_88' title='bbox 405 824 514 878; x_wconf 75' lang='grc' dir='ltr'><strong><em>μετὰ</em></strong></span> <span class='ocrx_word' id='word_1_89' title='bbox 543 827 590 868; x_wconf 85' lang='grc' dir='ltr'><strong>δὲ</strong></span> <span class='ocrx_word' id='word_1_90' title='bbox 619 825 696 880; x_wconf 80' lang='grc' dir='ltr'><strong>τὴν</strong></span> <span class='ocrx_word' id='word_1_91' title='bbox 720 827 950 883; x_wconf 72' lang='grc' dir='ltr'><strong><em>περαίωσιν</em></strong></span> <span class='ocrx_word' id='word_1_92' title='bbox 976 831 1050 883; x_wconf 83' lang='grc' dir='ltr'><strong><em>τῆς</em></strong></span> <span class='ocrx_word' id='word_1_93' title='bbox 1078 830 1398 884; x_wconf 85' lang='grc' dir='ltr'><strong><em>δωδεκαημέρου</em></strong></span> <span class='ocrx_word' id='word_1_94' title='bbox 1429 828 1584 884; x_wconf 77' lang='grc' dir='ltr'><strong><em>ταύτης</em></strong></span> 
     </span>
    </p>

    <p class='ocr_par' dir='ltr' id='par_1_11' title="bbox 141 885 1581 950">
     <span class='ocr_line' id='line_1_12' title="bbox 141 885 1581 950; baseline 0.004 -20"><span class='ocrx_word' id='word_1_95' title='bbox 141 890 225 931; x_wconf 86' lang='grc' dir='ltr'><strong>τῶν</strong></span> <span class='ocrx_word' id='word_1_96' title='bbox 249 885 406 944; x_wconf 76' lang='grc' dir='ltr'><strong><em>ἑορτῶν</em></strong></span> <span class='ocrx_word' id='word_1_97' title='bbox 431 891 614 945; x_wconf 72' lang='grc' dir='ltr'><strong><em>εὐωχίας</em></strong></span> <span class='ocrx_word' id='word_1_98' title='bbox 635 896 812 935; x_wconf 77' lang='grc' dir='ltr'><strong><em>τελεῖται</em></strong></span> <span class='ocrx_word' id='word_1_99' title='bbox 839 889 944 949; x_wconf 71' lang='grc' dir='ltr'><strong><em>ἄλλη</em></strong></span> <span class='ocrx_word' id='word_1_100' title='bbox 970 896 1200 950; x_wconf 70' lang='grc' dir='ltr'><strong><em>μεθέορτος</em></strong></span> <span class='ocrx_word' id='word_1_101' title='bbox 1225 895 1364 949; x_wconf 83' lang='grc' dir='ltr'><strong><em>ἡμέρα</em></strong></span> <span class='ocrx_word' id='word_1_102' title='bbox 1393 896 1581 948; x_wconf 46' lang='grc' dir='ltr'><strong><em>δεξᾴιουρ</em></strong></span> 
     </span>
    </p>

    <p class='ocr_par' dir='ltr' id='par_1_12' title="bbox 143 954 1619 1018">
     <span class='ocr_line' id='line_1_13' title="bbox 143 954 1619 1018; baseline 0.004 -24"><span class='ocrx_word' id='word_1_103' title='bbox 143 954 333 1010; x_wconf 82' lang='grc' dir='ltr'><strong><em>φέρουσα</em></strong></span> <span class='ocrx_word' id='word_1_104' title='bbox 370 956 558 1004; x_wconf 79' lang='grc' dir='ltr'><strong><em>δεξίωσιν</em></strong></span> <span class='ocrx_word' id='word_1_105' title='bbox 589 956 698 1010; x_wconf 79' lang='grc' dir='ltr'><strong><em>μετὰ</em></strong></span> <span class='ocrx_word' id='word_1_106' title='bbox 733 958 911 1012; x_wconf 61' lang='grc' dir='ltr'><strong><em>σαξιζιιου</em></strong></span> <span class='ocrx_word' id='word_1_107' title='bbox 926 989 940 1001; x_wconf 93' lang='grc'><strong>.</strong></span> <span class='ocrx_word' id='word_1_108' title='bbox 993 959 1111 1018; x_wconf 78' lang='grc' dir='ltr'><strong><em>τύπῳ</em></strong></span> <span class='ocrx_word' id='word_1_109' title='bbox 1143 959 1221 1015; x_wconf 78' lang='grc' dir='ltr'><strong><em>γὰρ</em></strong></span> <span class='ocrx_word' id='word_1_110' title='bbox 1258 959 1504 1013; x_wconf 79' lang='grc' dir='ltr'><strong><em>τελούμενον</em></strong></span> <span class='ocrx_word' id='word_1_111' title='bbox 1529 959 1575 1002; x_wconf 83' lang='grc' dir='ltr'><strong>τὸ</strong></span> <span class='ocrx_word' id='word_1_112' title='bbox 1590 966 1619 1000; x_wconf 88' lang='lat' dir='ltr'>C</span> 
     </span>
    </p>

    <p class='ocr_par' dir='ltr' id='par_1_13' title="bbox 134 1020 1779 1079">
     <span class='ocr_line' id='line_1_14' title="bbox 134 1020 1779 1079; baseline 0.003 -18"><span class='ocrx_word' id='word_1_113' title='bbox 134 1021 225 1061; x_wconf 76' lang='grc' dir='ltr'><strong><em>,τοῦ</em></strong></span> <span class='ocrx_word' id='word_1_114' title='bbox 254 1020 422 1072; x_wconf 80' lang='grc' dir='ltr'><strong><em>δεξίμου</em></strong></span> <span class='ocrx_word' id='word_1_115' title='bbox 460 1023 615 1077; x_wconf 82' lang='grc' dir='ltr'><strong><em>πέρας,</em></strong></span> <span class='ocrx_word' id='word_1_116' title='bbox 662 1021 799 1078; x_wconf 81' lang='grc' dir='ltr'><strong><em>ἰδικὴν</em></strong></span> <span class='ocrx_word' id='word_1_117' title='bbox 835 1041 930 1066; x_wconf 85' lang='grc' dir='ltr'><strong><em>τινα</em></strong></span> <span class='ocrx_word' id='word_1_118' title='bbox 966 1025 1223 1068; x_wconf 80' lang='grc' dir='ltr'><strong><em>κατάστασιν</em></strong></span> <span class='ocrx_word' id='word_1_119' title='bbox 1258 1025 1413 1079; x_wconf 80' lang='grc' dir='ltr'><strong><em>εἰσάγει</em></strong></span> <span class='ocrx_word' id='word_1_120' title='bbox 1441 1025 1582 1068; x_wconf 79' lang='grc' dir='ltr'><strong><em>πάλιν.</em></strong></span> <span class='ocrx_word' id='word_1_121' title='bbox 1593 1028 1779 1066; x_wconf 67' lang='grc' dir='ltr'><strong><em>Μι.α5ο.δ</em></strong></span> 
     </span>
    </p>

    <p class='ocr_par' dir='ltr' id='par_1_14' title="bbox 84 1081 1769 1212">
     <span class='ocr_line' id='line_1_15' title="bbox 144 1081 1769 1145; baseline 0.005 -20"><span class='ocrx_word' id='word_1_122' title='bbox 144 1084 182 1126; x_wconf 84' lang='grc' dir='ltr'><strong>οἱ</strong></span> <span class='ocrx_word' id='word_1_123' title='bbox 208 1081 289 1138; x_wconf 77' lang='grc' dir='ltr'><strong><em>γὰρ</em></strong></span> <span class='ocrx_word' id='word_1_124' title='bbox 316 1084 618 1142; x_wconf 81' lang='grc' dir='ltr'><strong><em>θεοπρόβλητοι</em></strong></span> <span class='ocrx_word' id='word_1_125' title='bbox 644 1091 770 1144; x_wconf 76' lang='grc' dir='ltr'><strong><em>σοφοὶ</em></strong></span> <span class='ocrx_word' id='word_1_126' title='bbox 795 1089 999 1132; x_wconf 82' lang='grc' dir='ltr'><strong><em>δεσπόται</em></strong></span> <span class='ocrx_word' id='word_1_127' title='bbox 1032 1088 1141 1142; x_wconf 77' lang='grc' dir='ltr'><strong><em>μετιὶ</em></strong></span> <span class='ocrx_word' id='word_1_128' title='bbox 1167 1089 1245 1145; x_wconf 73' lang='grc' dir='ltr'><strong>τήν</strong></span> <span class='ocrx_word' id='word_1_129' title='bbox 1272 1090 1479 1134; x_wconf 81' lang='grc' dir='ltr'><strong><em>α’πόλυσιν</em></strong></span> <span class='ocrx_word' id='word_1_130' title='bbox 1505 1094 1584 1133; x_wconf 80' lang='grc' dir='ltr'><strong>τοῦ</strong></span> <span class='ocrx_word' id='word_1_131' title='bbox 1767 1094 1769 1096; x_wconf 77' lang='grc'><strong>’</strong></span> 
     </span>
     <span class='ocr_line' id='line_1_16' title="bbox 84 1151 1583 1212; baseline 0.005 -21"><span class='ocrx_word' id='word_1_132' title='bbox 84 1152 319 1205; x_wconf 55' lang='grc' dir='ltr'><strong><em>μ5τυπικοῦ</em></strong></span> <span class='ocrx_word' id='word_1_133' title='bbox 343 1151 508 1204; x_wconf 55' lang='lat' dir='ltr'><strong>‹regiam›</strong></span> <span class='ocrx_word' id='word_1_134' title='bbox 535 1156 865 1209; x_wconf 72' lang='grc' dir='ltr'><strong><em>προκαθὲζονται</em></strong></span> <span class='ocrx_word' id='word_1_135' title='bbox 898 1154 1025 1197; x_wconf 78' lang='grc' dir='ltr'><strong><em>πάλιν</em></strong></span> <span class='ocrx_word' id='word_1_136' title='bbox 1060 1157 1121 1205; x_wconf 81' lang='grc' dir='ltr'><strong>εἰς</strong></span> <span class='ocrx_word' id='word_1_137' title='bbox 1159 1158 1323 1198; x_wconf 87' lang='grc' dir='ltr'><strong><em>πολλῶν</em></strong></span> <span class='ocrx_word' id='word_1_138' title='bbox 1348 1153 1583 1212; x_wconf 77' lang='grc' dir='ltr'><strong><em>ἀντίληψιν,</em></strong></span> 
     </span>
    </p>

    <p class='ocr_par' dir='ltr' id='par_1_15' title="bbox 142 1214 1584 1280">
     <span class='ocr_line' id='line_1_17' title="bbox 142 1214 1584 1280; baseline 0.005 -23"><span class='ocrx_word' id='word_1_139' title='bbox 142 1214 218 1257; x_wconf 75' lang='grc' dir='ltr'><strong><em>καί</em></strong></span> <span class='ocrx_word' id='word_1_140' title='bbox 254 1221 431 1266; x_wconf 82' lang='grc' dir='ltr'><strong><em>τελεῖται</em></strong></span> <span class='ocrx_word' id='word_1_141' title='bbox 470 1215 518 1260; x_wconf 77' lang='grc' dir='ltr'><strong>τὸ</strong></span> <span class='ocrx_word' id='word_1_142' title='bbox 547 1219 777 1274; x_wconf 78' lang='grc' dir='ltr'><strong><em>κλητῶριον</em></strong></span> <span class='ocrx_word' id='word_1_143' title='bbox 810 1221 883 1262; x_wconf 75' lang='grc' dir='ltr'><strong><em>ἐπὶ</em></strong></span> <span class='ocrx_word' id='word_1_144' title='bbox 907 1221 1141 1277; x_wconf 81' lang='grc' dir='ltr'><strong><em>α’ποκοπτῆς</em></strong></span> <span class='ocrx_word' id='word_1_145' title='bbox 1175 1224 1383 1278; x_wconf 81' lang='grc' dir='ltr'><strong><em>τραπέζης</em></strong></span> <span class='ocrx_word' id='word_1_146' title='bbox 1397 1255 1411 1276; x_wconf 86' lang='grc'><em>,</em></span> <span class='ocrx_word' id='word_1_147' title='bbox 1453 1224 1500 1264; x_wconf 82' lang='grc' dir='ltr'><strong>ἐν</strong></span> <span class='ocrx_word' id='word_1_148' title='bbox 1525 1224 1584 1280; x_wconf 73' lang='grc' dir='ltr'><strong>τῷ</strong></span> 
     </span>
    </p>

    <p class='ocr_par' dir='ltr' id='par_1_16' title="bbox 141 1279 1584 1343">
     <span class='ocr_line' id='line_1_18' title="bbox 141 1279 1584 1343; baseline 0.004 -21"><span class='ocrx_word' id='word_1_149' title='bbox 141 1279 417 1340; x_wconf 75' lang='grc' dir='ltr'><strong><em>λαμπροτάτῳ</em></strong></span> <span class='ocrx_word' id='word_1_150' title='bbox 442 1284 634 1343; x_wconf 72' lang='grc' dir='ltr'><strong><em>τρικλίνῳ</em></strong></span> <span class='ocrx_word' id='word_1_151' title='bbox 669 1286 962 1329; x_wconf 80' lang='grc' dir='ltr'><strong><em>Ἰουοτινιανοῦ</em></strong></span> <span class='ocrx_word' id='word_1_152' title='bbox 988 1289 1065 1329; x_wconf 81' lang='grc' dir='ltr'><strong>τοῦ</strong></span> <span class='ocrx_word' id='word_1_153' title='bbox 1088 1286 1297 1342; x_wconf 80' lang='grc' dir='ltr'><strong><em>μεγάλου,</em></strong></span> <span class='ocrx_word' id='word_1_154' title='bbox 1343 1287 1419 1330; x_wconf 75' lang='grc' dir='ltr'><em>καί</em></span> <span class='ocrx_word' id='word_1_155' title='bbox 1444 1289 1514 1329; x_wconf 83' lang='grc' dir='ltr'><strong>δεῖ</strong></span> <span class='ocrx_word' id='word_1_156' title='bbox 1535 1288 1584 1343; x_wconf 49' lang='grc' dir='ltr'><strong>ἦα</strong></span> 
     </span>
    </p>

    <p class='ocr_par' dir='ltr' id='par_1_17' title="bbox 135 1348 1584 1409">
     <span class='ocr_line' id='line_1_19' title="bbox 135 1348 1584 1409; baseline 0.006 -22"><span class='ocrx_word' id='word_1_157' title='bbox 135 1349 228 1399; x_wconf 80' lang='grc' dir='ltr'><strong><em>μᾶς</em></strong></span> <span class='ocrx_word' id='word_1_158' title='bbox 261 1348 514 1404; x_wconf 70' lang='grc' dir='ltr'><strong><em>εὐτρεπίζειν</em></strong></span> <span class='ocrx_word' id='word_1_159' title='bbox 549 1353 609 1399; x_wconf 82' lang='grc' dir='ltr'><strong>εἰς</strong></span> <span class='ocrx_word' id='word_1_160' title='bbox 643 1353 909 1394; x_wconf 80' lang='grc' dir='ltr'><strong><em>συνεστίασιν</em></strong></span> <span class='ocrx_word' id='word_1_161' title='bbox 943 1355 1026 1394; x_wconf 86' lang='grc' dir='ltr'><strong>τῶν</strong></span> <span class='ocrx_word' id='word_1_162' title='bbox 1061 1355 1271 1406; x_wconf 85' lang='grc' dir='ltr'><strong><em>βασιλέων</em></strong></span> <span class='ocrx_word' id='word_1_163' title='bbox 1308 1355 1461 1409; x_wconf 78' lang='grc' dir='ltr'><strong><em>φίλους</em></strong></span> <span class='ocrx_word' id='word_1_164' title='bbox 1485 1353 1584 1405; x_wconf 75' lang='grc' dir='ltr'><strong><em>τούς</em></strong></span> 
     </span>
    </p>

    <p class='ocr_par' dir='ltr' id='par_1_18' title="bbox 70 1411 1585 1540">
     <span class='ocr_line' id='line_1_20' title="bbox 142 1411 1584 1471; baseline 0.006 -19"><span class='ocrx_word' id='word_1_165' title='bbox 142 1412 226 1453; x_wconf 70' lang='grc' dir='ltr'><strong><em>ὑπὸ</em></strong></span> <span class='ocrx_word' id='word_1_166' title='bbox 246 1411 480 1467; x_wconf 79' lang='grc' dir='ltr'><strong><em>καμπάγιον</em></strong></span> <span class='ocrx_word' id='word_1_167' title='bbox 501 1411 703 1468; x_wconf 76' lang='grc' dir='ltr'><strong><em>ἅπαντας,</em></strong></span> <span class='ocrx_word' id='word_1_168' title='bbox 730 1411 936 1471; x_wconf 67' lang='grc' dir='ltr'><strong><em>ὅρχοντας</em></strong></span> <span class='ocrx_word' id='word_1_169' title='bbox 952 1418 1024 1471; x_wconf 77' lang='grc' dir='ltr'><strong>τῆς</strong></span> <span class='ocrx_word' id='word_1_170' title='bbox 1040 1415 1287 1471; x_wconf 79' lang='grc' dir='ltr'><strong><em>συγκλήτου,</em></strong></span> <span class='ocrx_word' id='word_1_171' title='bbox 1316 1418 1399 1459; x_wconf 79' lang='grc' dir='ltr'><strong><em>α’πό</em></strong></span> <span class='ocrx_word' id='word_1_172' title='bbox 1427 1434 1472 1458; x_wconf 89' lang='grc' dir='ltr'><strong>τε</strong></span> <span class='ocrx_word' id='word_1_173' title='bbox 1498 1435 1584 1470; x_wconf 88' lang='grc' dir='ltr'><strong><em>μα·-</em></strong></span> 
     </span>
     <span class='ocr_line' id='line_1_21' title="bbox 70 1477 1585 1540; baseline 0.001 -17"><span class='ocrx_word' id='word_1_174' title='bbox 70 1479 336 1534; x_wconf 60' lang='grc' dir='ltr'><strong><em>-αογίστρων,</em></strong></span> <span class='ocrx_word' id='word_1_175' title='bbox 363 1477 620 1523; x_wconf 71' lang='grc' dir='ltr'><strong><em>ἀνθυπάτων</em></strong></span> <span class='ocrx_word' id='word_1_176' title='bbox 644 1482 872 1538; x_wconf 85' lang='grc' dir='ltr'><strong><em>πατρικίων</em></strong></span> <span class='ocrx_word' id='word_1_177' title='bbox 896 1483 1194 1540; x_wconf 77' lang='grc' dir='ltr'><strong><em>ὀφφικιαλίων,</em></strong></span> <span class='ocrx_word' id='word_1_178' title='bbox 1221 1485 1451 1536; x_wconf 77' lang='grc' dir='ltr'><strong><em>βασιλικῶν</em></strong></span> <span class='ocrx_word' id='word_1_179' title='bbox 1467 1500 1585 1540; x_wconf 58' lang='grc' dir='ltr'><strong><em>πρωι-</em></strong></span> 
     </span>
    </p>
   </div>
   <div class='ocr_carea' id='block_1_3' title="bbox 237 1567 891 1616">
    <p class='ocr_par' dir='ltr' id='par_1_19' title="bbox 237 1567 891 1616">
     <span class='ocr_line' id='line_1_22' title="bbox 237 1567 891 1616; baseline 0.005 -14"><span class='ocrx_word' id='word_1_180' title='bbox 237 1567 270 1602; x_wconf 85' lang='grc'><strong>5.</strong></span> <span class='ocrx_word' id='word_1_181' title='bbox 293 1569 434 1615; x_wconf 76' lang='grc' dir='ltr'><strong><em>χειρῶν</em></strong></span> <span class='ocrx_word' id='word_1_182' title='bbox 456 1570 549 1604; x_wconf 87' lang='lat' dir='ltr'><strong>coni.</strong></span> <span class='ocrx_word' id='word_1_183' title='bbox 573 1571 611 1603; x_wconf 87' lang='lat' dir='ltr'><strong>R.</strong></span> <span class='ocrx_word' id='word_1_184' title='bbox 634 1582 701 1616; x_wconf 87' lang='lat' dir='ltr'><strong>pro</strong></span> <span class='ocrx_word' id='word_1_185' title='bbox 724 1573 891 1616; x_wconf 78' lang='grc' dir='ltr'><strong><em>χειλέων.</em></strong></span> 
     </span>
    </p>
   </div>
   <div class='ocr_carea' id='block_1_4' title="bbox 145 1646 1618 2761">
    <p class='ocr_par' dir='ltr' id='par_1_20' title="bbox 145 1646 1618 2761">
     <span class='ocr_line' id='line_1_23' title="bbox 145 1646 1585 1693; baseline 0.002 -17"><span class='ocrx_word' id='word_1_186' title='bbox 145 1646 249 1689; x_wconf 84' lang='lat' dir='ltr'><strong>parte</strong></span> <span class='ocrx_word' id='word_1_187' title='bbox 271 1653 496 1684; x_wconf 83' lang='lat' dir='ltr'><strong>mensarum,</strong></span> <span class='ocrx_word' id='word_1_188' title='bbox 532 1656 649 1678; x_wconf 86' lang='lat' dir='ltr'><strong>nonae</strong></span> <span class='ocrx_word' id='word_1_189' title='bbox 682 1646 823 1680; x_wconf 87' lang='lat' dir='ltr'><strong>scilicet</strong></span> <span class='ocrx_word' id='word_1_190' title='bbox 846 1658 961 1693; x_wconf 87' lang='lat' dir='ltr'><strong>usque</strong></span> <span class='ocrx_word' id='word_1_191' title='bbox 995 1646 1040 1680; x_wconf 87' lang='lat' dir='ltr'><strong>ad</strong></span> <span class='ocrx_word' id='word_1_192' title='bbox 1073 1647 1341 1688; x_wconf 79' lang='lat' dir='ltr'><strong>duodecimam3</strong></span> <span class='ocrx_word' id='word_1_193' title='bbox 1380 1650 1416 1679; x_wconf 88' lang='lat' dir='ltr'><strong>et</strong></span> <span class='ocrx_word' id='word_1_194' title='bbox 1438 1646 1585 1679; x_wconf 84' lang='lat' dir='ltr'><strong>tandem</strong></span> 
     </span>
     <span class='ocr_line' id='line_1_24' title="bbox 147 1689 1618 1739; baseline 0.006 -18"><span class='ocrx_word' id='word_1_195' title='bbox 147 1694 315 1736; x_wconf 79' lang='lat' dir='ltr'><strong>quartum</strong></span> <span class='ocrx_word' id='word_1_196' title='bbox 353 1689 587 1724; x_wconf 86' lang='lat' dir='ltr'><strong>domesticum</strong></span> <span class='ocrx_word' id='word_1_197' title='bbox 618 1692 659 1725; x_wconf 86' lang='lat' dir='ltr'><strong>in</strong></span> <span class='ocrx_word' id='word_1_198' title='bbox 693 1693 815 1727; x_wconf 86' lang='lat' dir='ltr'><strong>medio</strong></span> <span class='ocrx_word' id='word_1_199' title='bbox 852 1705 915 1727; x_wconf 84' lang='lat' dir='ltr'><strong>sex</strong></span> <span class='ocrx_word' id='word_1_200' title='bbox 946 1694 1169 1739; x_wconf 84' lang='lat' dir='ltr'><strong>reliquarum</strong></span> <span class='ocrx_word' id='word_1_201' title='bbox 1215 1706 1260 1727; x_wconf 80' lang='lat' dir='ltr'><strong>ex</strong></span> <span class='ocrx_word' id='word_1_202' title='bbox 1290 1700 1445 1738; x_wconf 80' lang='lat' dir='ltr'><strong>utraque</strong></span> <span class='ocrx_word' id='word_1_203' title='bbox 1480 1698 1584 1738; x_wconf 84' lang='lat' dir='ltr'><strong>parte</strong></span> <span class='ocrx_word' id='word_1_204' title='bbox 1614 1727 1618 1729; x_wconf 90' lang='lat'>.</span> 
     </span>
     <span class='ocr_line' id='line_1_25' title="bbox 147 1735 1584 1786; baseline 0.004 -18"><span class='ocrx_word' id='word_1_205' title='bbox 147 1735 416 1781; x_wconf 80' lang='lat' dir='ltr'><strong>splendidarum</strong></span> <span class='ocrx_word' id='word_1_206' title='bbox 452 1749 665 1773; x_wconf 89' lang='lat' dir='ltr'><strong>mensarum.</strong></span> <span class='ocrx_word' id='word_1_207' title='bbox 714 1739 788 1773; x_wconf 86' lang='lat' dir='ltr'><strong>Hos</strong></span> <span class='ocrx_word' id='word_1_208' title='bbox 823 1739 876 1773; x_wconf 87' lang='lat' dir='ltr'><strong>ita</strong></span> <span class='ocrx_word' id='word_1_209' title='bbox 908 1739 1102 1785; x_wconf 82' lang='lat' dir='ltr'><strong>dispositos</strong></span> <span class='ocrx_word' id='word_1_210' title='bbox 1127 1741 1320 1786; x_wconf 82' lang='lat' dir='ltr'><strong>imperavit</strong></span> <span class='ocrx_word' id='word_1_211' title='bbox 1345 1740 1440 1780; x_wconf 89' lang='lat' dir='ltr'><strong>Leo,</strong></span> <span class='ocrx_word' id='word_1_212' title='bbox 1474 1740 1584 1774; x_wconf 82' lang='lat' dir='ltr'><strong>simul</strong></span> 
     </span>
     <span class='ocr_line' id='line_1_26' title="bbox 147 1783 1582 1832; baseline 0.003 -17"><span class='ocrx_word' id='word_1_213' title='bbox 147 1793 191 1815; x_wconf 83' lang='lat' dir='ltr'><strong>ae</strong></span> <span class='ocrx_word' id='word_1_214' title='bbox 212 1788 339 1830; x_wconf 83' lang='lat' dir='ltr'><strong>nutum</strong></span> <span class='ocrx_word' id='word_1_215' title='bbox 361 1783 466 1816; x_wconf 84' lang='lat' dir='ltr'><strong>daret</strong></span> <span class='ocrx_word' id='word_1_216' title='bbox 495 1789 533 1818; x_wconf 86' lang='lat' dir='ltr'><strong>et</strong></span> <span class='ocrx_word' id='word_1_217' title='bbox 564 1785 859 1820; x_wconf 79' lang='lat' dir='ltr'><strong>benedictionem</strong></span> <span class='ocrx_word' id='word_1_218' title='bbox 893 1788 1149 1832; x_wconf 77' lang='lat' dir='ltr'><strong>pronuntiaret</strong></span> <span class='ocrx_word' id='word_1_219' title='bbox 1182 1787 1426 1821; x_wconf 84' lang='lat' dir='ltr'><strong>sanctissimus</strong></span> <span class='ocrx_word' id='word_1_220' title='bbox 1457 1792 1582 1820; x_wconf 85' lang='lat' dir='ltr'><strong>noster</strong></span> 
     </span>
     <span class='ocr_line' id='line_1_27' title="bbox 146 1829 1583 1878; baseline 0.004 -17"><span class='ocrx_word' id='word_1_221' title='bbox 146 1829 371 1874; x_wconf 78' lang='lat' dir='ltr'><strong>patriarcha,</strong></span> <span class='ocrx_word' id='word_1_222' title='bbox 397 1830 553 1864; x_wconf 79' lang='lat' dir='ltr'><strong>exordiri</strong></span> <span class='ocrx_word' id='word_1_223' title='bbox 580 1838 743 1866; x_wconf 85' lang='lat' dir='ltr'><strong>sanctum</strong></span> <span class='ocrx_word' id='word_1_224' title='bbox 768 1833 919 1878; x_wconf 86' lang='lat' dir='ltr'><strong>Deoque</strong></span> <span class='ocrx_word' id='word_1_225' title='bbox 938 1840 1076 1878; x_wconf 77' lang='lat' dir='ltr'><strong>gratum</strong></span> <span class='ocrx_word' id='word_1_226' title='bbox 1093 1834 1285 1877; x_wconf 83' lang='lat' dir='ltr'><strong>hymnum,</strong></span> <span class='ocrx_word' id='word_1_227' title='bbox 1309 1844 1419 1878; x_wconf 87' lang='lat' dir='ltr'><strong>quem</strong></span> <span class='ocrx_word' id='word_1_228' title='bbox 1436 1835 1583 1878; x_wconf 86' lang='lat' dir='ltr'><strong>sapien-</strong></span> 
     </span>
     <span class='ocr_line' id='line_1_28' title="bbox 147 1874 1587 1925; baseline 0.004 -19"><span class='ocrx_word' id='word_1_229' title='bbox 147 1874 307 1908; x_wconf 85' lang='lat' dir='ltr'><strong>tissimus</strong></span> <span class='ocrx_word' id='word_1_230' title='bbox 330 1881 368 1908; x_wconf 89' lang='lat' dir='ltr'><strong>et</strong></span> <span class='ocrx_word' id='word_1_231' title='bbox 390 1888 410 1909; x_wconf 86' lang='lat' dir='ltr'><strong>a</strong></span> <span class='ocrx_word' id='word_1_232' title='bbox 435 1878 511 1910; x_wconf 89' lang='lat' dir='ltr'><strong>Deo</strong></span> <span class='ocrx_word' id='word_1_233' title='bbox 536 1878 670 1911; x_wconf 81' lang='lat' dir='ltr'><strong>electus</strong></span> <span class='ocrx_word' id='word_1_234' title='bbox 697 1878 792 1912; x_wconf 88' lang='lat' dir='ltr'><strong>idem</strong></span> <span class='ocrx_word' id='word_1_235' title='bbox 817 1886 939 1913; x_wconf 82' lang='lat' dir='ltr'><strong>noster</strong></span> <span class='ocrx_word' id='word_1_236' title='bbox 964 1882 1163 1925; x_wconf 84' lang='lat' dir='ltr'>Imperator</span> <span class='ocrx_word' id='word_1_237' title='bbox 1186 1881 1258 1914; x_wconf 87' lang='lat' dir='ltr'><strong>Leo</strong></span> <span class='ocrx_word' id='word_1_238' title='bbox 1283 1881 1356 1912; x_wconf 85' lang='lat' dir='ltr'><strong>suis</strong></span> <span class='ocrx_word' id='word_1_239' title='bbox 1393 1881 1471 1923; x_wconf 86' lang='lat' dir='ltr'><strong>ipse</strong></span> <span class='ocrx_word' id='word_1_240' title='bbox 1505 1891 1587 1912; x_wconf 87' lang='lat' dir='ltr'><strong>ma-</strong></span> 
     </span>
     <span class='ocr_line' id='line_1_29' title="bbox 146 1921 1584 1972; baseline 0.003 -17"><span class='ocrx_word' id='word_1_241' title='bbox 146 1921 256 1955; x_wconf 76' lang='lat' dir='ltr'><strong>nibus</strong></span> <span class='ocrx_word' id='word_1_242' title='bbox 293 1924 480 1956; x_wconf 81' lang='lat' dir='ltr'>contexuit</span> <span class='ocrx_word' id='word_1_243' title='bbox 511 1929 548 1956; x_wconf 90' lang='lat' dir='ltr'><strong>et</strong></span> <span class='ocrx_word' id='word_1_244' title='bbox 578 1927 760 1966; x_wconf 72' lang='lat' dir='ltr'><strong>exaravit,</strong></span> <span class='ocrx_word' id='word_1_245' title='bbox 797 1930 835 1959; x_wconf 84' lang='lat' dir='ltr'><strong>et</strong></span> <span class='ocrx_word' id='word_1_246' title='bbox 866 1927 918 1960; x_wconf 85' lang='lat' dir='ltr'><strong>sie</strong></span> <span class='ocrx_word' id='word_1_247' title='bbox 952 1938 1059 1972; x_wconf 88' lang='lat' dir='ltr'><strong>porro</strong></span> <span class='ocrx_word' id='word_1_248' title='bbox 1095 1926 1348 1960; x_wconf 83' lang='lat' dir='ltr'><strong>accumbentes</strong></span> <span class='ocrx_word' id='word_1_249' title='bbox 1380 1936 1504 1960; x_wconf 81' lang='lat' dir='ltr'><strong>omnes</strong></span> <span class='ocrx_word' id='word_1_250' title='bbox 1536 1925 1584 1960; x_wconf 87' lang='lat' dir='ltr'><strong>ad</strong></span> 
     </span>
     <span class='ocr_line' id='line_1_30' title="bbox 148 1967 1583 2019; baseline 0.006 -19"><span class='ocrx_word' id='word_1_251' title='bbox 148 1967 336 2004; x_wconf 80' lang='lat' dir='ltr'>exordium</span> <span class='ocrx_word' id='word_1_252' title='bbox 360 1981 380 2002; x_wconf 85' lang='lat' dir='ltr'><strong>a</strong></span> <span class='ocrx_word' id='word_1_253' title='bbox 404 1969 610 2004; x_wconf 79' lang='lat' dir='ltr'><strong>domesticis</strong></span> <span class='ocrx_word' id='word_1_254' title='bbox 643 1972 779 2005; x_wconf 82' lang='lat' dir='ltr'><strong>factum</strong></span> <span class='ocrx_word' id='word_1_255' title='bbox 815 1972 1018 2019; x_wconf 84' lang='lat' dir='ltr'><strong>iisdemque</strong></span> <span class='ocrx_word' id='word_1_256' title='bbox 1050 1974 1243 2007; x_wconf 76' lang='lat' dir='ltr'><strong>artificiosa</strong></span> <span class='ocrx_word' id='word_1_257' title='bbox 1277 1977 1315 2006; x_wconf 90' lang='lat' dir='ltr'><strong>et</strong></span> <span class='ocrx_word' id='word_1_258' title='bbox 1340 1973 1481 2006; x_wconf 83' lang='lat' dir='ltr'><strong>erudita</strong></span> <span class='ocrx_word' id='word_1_259' title='bbox 1504 1984 1583 2008; x_wconf 77' lang='lat' dir='ltr'><strong>ma-</strong></span> 
     </span>
     <span class='ocr_line' id='line_1_31' title="bbox 146 2014 1584 2064; baseline 0.001 -14"><span class='ocrx_word' id='word_1_260' title='bbox 146 2025 261 2050; x_wconf 81' lang='lat' dir='ltr'><strong>nuum</strong></span> <span class='ocrx_word' id='word_1_261' title='bbox 285 2014 484 2060; x_wconf 80' lang='lat' dir='ltr'><strong>agitatione</strong></span> <span class='ocrx_word' id='word_1_262' title='bbox 508 2023 721 2052; x_wconf 83' lang='lat' dir='ltr'>concentum</span> <span class='ocrx_word' id='word_1_263' title='bbox 744 2018 985 2062; x_wconf 80' lang='lat' dir='ltr'><strong>dirigentibus</strong></span> <span class='ocrx_word' id='word_1_264' title='bbox 1006 2019 1218 2061; x_wconf 83' lang='lat' dir='ltr'><strong>decantare,</strong></span> <span class='ocrx_word' id='word_1_265' title='bbox 1243 2025 1461 2053; x_wconf 79' lang='lat' dir='ltr'><strong>assectantes</strong></span> <span class='ocrx_word' id='word_1_266' title='bbox 1476 2030 1584 2064; x_wconf 85' lang='lat' dir='ltr'><strong>prae-</strong></span> 
     </span>
     <span class='ocr_line' id='line_1_32' title="bbox 147 2063 1582 2112; baseline 0.002 -17"><span class='ocrx_word' id='word_1_267' title='bbox 147 2067 336 2096; x_wconf 75' lang='lat' dir='ltr'><strong>centorum</strong></span> <span class='ocrx_word' id='word_1_268' title='bbox 361 2063 567 2107; x_wconf 79' lang='lat' dir='ltr'><strong>exemplar,</strong></span> <span class='ocrx_word' id='word_1_269' title='bbox 601 2076 740 2098; x_wconf 82' lang='lat' dir='ltr'><strong>sacrum</strong></span> <span class='ocrx_word' id='word_1_270' title='bbox 775 2065 902 2106; x_wconf 84' lang='lat' dir='ltr'><strong>illum,</strong></span> <span class='ocrx_word' id='word_1_271' title='bbox 940 2078 1048 2112; x_wconf 89' lang='lat' dir='ltr'><strong>quem</strong></span> <span class='ocrx_word' id='word_1_272' title='bbox 1083 2067 1190 2100; x_wconf 89' lang='lat' dir='ltr'><strong>modo</strong></span> <span class='ocrx_word' id='word_1_273' title='bbox 1222 2065 1479 2107; x_wconf 82' lang='lat' dir='ltr'>laudabamus,</span> <span class='ocrx_word' id='word_1_274' title='bbox 1513 2065 1582 2108; x_wconf 77' lang='lat' dir='ltr'><strong>hy-</strong></span> 
     </span>
     <span class='ocr_line' id='line_1_33' title="bbox 147 2109 1581 2157; baseline 0.003 -16"><span class='ocrx_word' id='word_1_275' title='bbox 147 2118 285 2150; x_wconf 85' lang='lat' dir='ltr'><strong>mnum,</strong></span> <span class='ocrx_word' id='word_1_276' title='bbox 309 2109 372 2153; x_wconf 88' lang='lat' dir='ltr'><strong>qui</strong></span> <span class='ocrx_word' id='word_1_277' title='bbox 398 2120 417 2142; x_wconf 90' lang='lat' dir='ltr'><strong>e</strong></span> <span class='ocrx_word' id='word_1_278' title='bbox 442 2109 625 2144; x_wconf 82' lang='lat' dir='ltr'><strong>mellifluis</strong></span> <span class='ocrx_word' id='word_1_279' title='bbox 650 2112 727 2144; x_wconf 76' lang='lat' dir='ltr'><strong>eins</strong></span> <span class='ocrx_word' id='word_1_280' title='bbox 751 2110 861 2145; x_wconf 81' lang='lat' dir='ltr'><strong>labiis</strong></span> <span class='ocrx_word' id='word_1_281' title='bbox 887 2124 995 2157; x_wconf 87' lang='lat' dir='ltr'><strong>super</strong></span> <span class='ocrx_word' id='word_1_282' title='bbox 1018 2125 1142 2147; x_wconf 89' lang='lat' dir='ltr'><strong>omnes</strong></span> <span class='ocrx_word' id='word_1_283' title='bbox 1166 2112 1291 2146; x_wconf 87' lang='lat' dir='ltr'><strong>fideles</strong></span> <span class='ocrx_word' id='word_1_284' title='bbox 1315 2113 1409 2146; x_wconf 84' lang='lat' dir='ltr'><strong>cives</strong></span> <span class='ocrx_word' id='word_1_285' title='bbox 1432 2118 1470 2146; x_wconf 87' lang='lat' dir='ltr'><strong>et</strong></span> <span class='ocrx_word' id='word_1_286' title='bbox 1492 2113 1581 2145; x_wconf 87' lang='lat' dir='ltr'><strong>sub-</strong></span> 
     </span>
     <span class='ocr_line' id='line_1_34' title="bbox 148 2153 1583 2204; baseline 0.002 -16"><span class='ocrx_word' id='word_1_287' title='bbox 148 2153 245 2188; x_wconf 84' lang='lat' dir='ltr'><strong>ditos</strong></span> <span class='ocrx_word' id='word_1_288' title='bbox 269 2153 478 2189; x_wconf 81' lang='lat' dir='ltr'><strong>destinavit.</strong></span> <span class='ocrx_word' id='word_1_289' title='bbox 524 2158 609 2190; x_wconf 84' lang='lat' dir='ltr'><strong>Post</strong></span> <span class='ocrx_word' id='word_1_290' title='bbox 633 2158 771 2191; x_wconf 85' lang='lat' dir='ltr'><strong>finitam</strong></span> <span class='ocrx_word' id='word_1_291' title='bbox 795 2158 908 2200; x_wconf 85' lang='lat' dir='ltr'><strong>hanc,</strong></span> <span class='ocrx_word' id='word_1_292' title='bbox 933 2171 1027 2204; x_wconf 83' lang='lat' dir='ltr'><strong>quae</strong></span> <span class='ocrx_word' id='word_1_293' title='bbox 1053 2172 1118 2204; x_wconf 86' lang='lat' dir='ltr'><strong>per</strong></span> <span class='ocrx_word' id='word_1_294' title='bbox 1141 2159 1332 2194; x_wconf 83' lang='lat' dir='ltr'><strong>duodecim</strong></span> <span class='ocrx_word' id='word_1_295' title='bbox 1357 2159 1434 2192; x_wconf 83' lang='lat' dir='ltr'><strong>dies</strong></span> <span class='ocrx_word' id='word_1_296' title='bbox 1458 2159 1583 2192; x_wconf 66' lang='lat' dir='ltr'><strong>conti-</strong></span> 
     </span>
     <span class='ocr_line' id='line_1_35' title="bbox 146 2201 1581 2253; baseline 0.004 -21"><span class='ocrx_word' id='word_1_297' title='bbox 146 2206 238 2234; x_wconf 85' lang='lat' dir='ltr'><strong>nuat</strong></span> <span class='ocrx_word' id='word_1_298' title='bbox 259 2206 298 2234; x_wconf 86' lang='lat' dir='ltr'><strong>et</strong></span> <span class='ocrx_word' id='word_1_299' title='bbox 319 2201 367 2235; x_wconf 90' lang='lat' dir='ltr'><strong>ob</strong></span> <span class='ocrx_word' id='word_1_300' title='bbox 396 2213 494 2236; x_wconf 82' lang='lat' dir='ltr'><strong>sacra</strong></span> <span class='ocrx_word' id='word_1_301' title='bbox 517 2202 706 2250; x_wconf 84' lang='lat' dir='ltr'><strong>[natalium</strong></span> <span class='ocrx_word' id='word_1_302' title='bbox 724 2212 762 2239; x_wconf 86' lang='lat' dir='ltr'><strong>et</strong></span> <span class='ocrx_word' id='word_1_303' title='bbox 774 2204 946 2250; x_wconf 81' lang='lat' dir='ltr'><strong>baptismi</strong></span> <span class='ocrx_word' id='word_1_304' title='bbox 964 2205 1112 2253; x_wconf 82' lang='lat' dir='ltr'><strong>Christi]</strong></span> <span class='ocrx_word' id='word_1_305' title='bbox 1138 2207 1229 2240; x_wconf 81' lang='lat' dir='ltr'><strong>festa</strong></span> <span class='ocrx_word' id='word_1_306' title='bbox 1246 2205 1469 2246; x_wconf 84' lang='lat' dir='ltr'><strong>celebratur,</strong></span> <span class='ocrx_word' id='word_1_307' title='bbox 1495 2216 1581 2243; x_wconf 84' lang='lat' dir='ltr'><strong>con-</strong></span> 
     </span>
     <span class='ocr_line' id='line_1_36' title="bbox 145 2245 1579 2300; baseline 0.004 -22"><span class='ocrx_word' id='word_1_308' title='bbox 145 2245 365 2280; x_wconf 83' lang='lat' dir='ltr'><strong>vivationem</strong></span> <span class='ocrx_word' id='word_1_309' title='bbox 396 2248 599 2283; x_wconf 83' lang='lat' dir='ltr'><strong>celebratur</strong></span> <span class='ocrx_word' id='word_1_310' title='bbox 631 2252 745 2292; x_wconf 85' lang='lat' dir='ltr'><strong>alius,</strong></span> <span class='ocrx_word' id='word_1_311' title='bbox 788 2251 919 2285; x_wconf 83' lang='lat' dir='ltr'><strong>festum</strong></span> <span class='ocrx_word' id='word_1_312' title='bbox 957 2252 1182 2300; x_wconf 87' lang='lat' dir='ltr'><strong>[luminum]</strong></span> <span class='ocrx_word' id='word_1_313' title='bbox 1222 2263 1464 2297; x_wconf 84' lang='lat' dir='ltr'><strong>consequens,</strong></span> <span class='ocrx_word' id='word_1_314' title='bbox 1500 2251 1579 2285; x_wconf 89' lang='lat' dir='ltr'><strong>dies</strong></span> 
     </span>
     <span class='ocr_line' id='line_1_37' title="bbox 147 2292 1579 2342; baseline 0.003 -16"><span class='ocrx_word' id='word_1_315' title='bbox 147 2292 285 2326; x_wconf 77' lang='lat' dir='ltr'><strong>deximi</strong></span> <span class='ocrx_word' id='word_1_316' title='bbox 315 2304 379 2327; x_wconf 86' lang='lat' dir='ltr'><strong>seu</strong></span> <span class='ocrx_word' id='word_1_317' title='bbox 417 2298 635 2341; x_wconf 68' lang='lat' dir='ltr'><strong>exceptoru,</strong></span> <span class='ocrx_word' id='word_1_318' title='bbox 675 2309 749 2342; x_wconf 91' lang='lat' dir='ltr'><strong>quo</strong></span> <span class='ocrx_word' id='word_1_319' title='bbox 778 2299 952 2332; x_wconf 83' lang='lat' dir='ltr'><strong>Dominus</strong></span> <span class='ocrx_word' id='word_1_320' title='bbox 985 2299 1182 2334; x_wconf 83' lang='lat' dir='ltr'><strong>salutantes</strong></span> <span class='ocrx_word' id='word_1_321' title='bbox 1221 2300 1352 2333; x_wconf 80' lang='lat' dir='ltr'><strong>amicos</strong></span> <span class='ocrx_word' id='word_1_322' title='bbox 1388 2298 1579 2330; x_wconf 85' lang='lat' dir='ltr'><strong>admittere</strong></span> 
     </span>
     <span class='ocr_line' id='line_1_38' title="bbox 146 2340 1579 2381; baseline 0.003 -9"><span class='ocrx_word' id='word_1_323' title='bbox 146 2340 263 2379; x_wconf 89' lang='lat' dir='ltr'><strong>solet,</strong></span> <span class='ocrx_word' id='word_1_324' title='bbox 285 2351 364 2373; x_wconf 85' lang='lat' dir='ltr'><strong>cum</strong></span> <span class='ocrx_word' id='word_1_325' title='bbox 387 2343 522 2376; x_wconf 61' lang='lat' dir='ltr'><strong>sasima</strong></span> <span class='ocrx_word' id='word_1_326' title='bbox 547 2355 611 2376; x_wconf 83' lang='lat' dir='ltr'><strong>seu</strong></span> <span class='ocrx_word' id='word_1_327' title='bbox 634 2345 820 2378; x_wconf 80' lang='lat' dir='ltr'><strong>saltatoria</strong></span> <span class='ocrx_word' id='word_1_328' title='bbox 844 2344 1055 2380; x_wconf 82' lang='lat' dir='ltr'><strong>decursione</strong></span> <span class='ocrx_word' id='word_1_329' title='bbox 1096 2347 1292 2381; x_wconf 86' lang='lat' dir='ltr'><strong>coniuncti.</strong></span> <span class='ocrx_word' id='word_1_330' title='bbox 1340 2345 1438 2378; x_wconf 84' lang='lat' dir='ltr'><strong>Facti</strong></span> <span class='ocrx_word' id='word_1_331' title='bbox 1477 2355 1579 2377; x_wconf 88' lang='lat' dir='ltr'><strong>nem-</strong></span> 
     </span>
     <span class='ocr_line' id='line_1_39' title="bbox 146 2387 1581 2437; baseline 0.003 -20"><span class='ocrx_word' id='word_1_332' title='bbox 146 2396 194 2430; x_wconf 84' lang='lat' dir='ltr'><strong>pe</strong></span> <span class='ocrx_word' id='word_1_333' title='bbox 217 2387 413 2421; x_wconf 86' lang='lat' dir='ltr'><strong>secundum</strong></span> <span class='ocrx_word' id='word_1_334' title='bbox 444 2388 634 2424; x_wconf 81' lang='lat' dir='ltr'><strong>formulam</strong></span> <span class='ocrx_word' id='word_1_335' title='bbox 661 2390 796 2424; x_wconf 78' lang='lat' dir='ltr'><strong>deximi</strong></span> <span class='ocrx_word' id='word_1_336' title='bbox 821 2392 902 2426; x_wconf 84' lang='lat' dir='ltr'><strong>finis</strong></span> <span class='ocrx_word' id='word_1_337' title='bbox 926 2403 1053 2425; x_wconf 83' lang='lat' dir='ltr'><strong>novam</strong></span> <span class='ocrx_word' id='word_1_338' title='bbox 1079 2399 1116 2426; x_wconf 87' lang='lat' dir='ltr'><strong>et</strong></span> <span class='ocrx_word' id='word_1_339' title='bbox 1139 2394 1358 2437; x_wconf 81' lang='lat' dir='ltr'><strong>peculiarem</strong></span> <span class='ocrx_word' id='word_1_340' title='bbox 1380 2402 1498 2424; x_wconf 88' lang='lat' dir='ltr'><strong>rerum</strong></span> <span class='ocrx_word' id='word_1_341' title='bbox 1522 2391 1581 2422; x_wconf 74' lang='lat' dir='ltr'><strong>fa-</strong></span> 
     </span>
     <span class='ocr_line' id='line_1_40' title="bbox 147 2431 1579 2483; baseline 0.004 -20"><span class='ocrx_word' id='word_1_342' title='bbox 147 2431 238 2464; x_wconf 83' lang='lat' dir='ltr'><strong>ciem</strong></span> <span class='ocrx_word' id='word_1_343' title='bbox 263 2437 374 2478; x_wconf 82' lang='lat' dir='ltr'><strong>atque</strong></span> <span class='ocrx_word' id='word_1_344' title='bbox 407 2437 703 2471; x_wconf 86' lang='lat' dir='ltr'><strong>constitutionem</strong></span> <span class='ocrx_word' id='word_1_345' title='bbox 727 2438 906 2480; x_wconf 80' lang='lat' dir='ltr'><strong>importat.</strong></span> <span class='ocrx_word' id='word_1_346' title='bbox 956 2439 1144 2483; x_wconf 83' lang='lat' dir='ltr'><strong>Sapientes</strong></span> <span class='ocrx_word' id='word_1_347' title='bbox 1169 2441 1266 2473; x_wconf 86' lang='lat' dir='ltr'><strong>enim</strong></span> <span class='ocrx_word' id='word_1_348' title='bbox 1293 2442 1331 2470; x_wconf 87' lang='lat' dir='ltr'><strong>et</strong></span> <span class='ocrx_word' id='word_1_349' title='bbox 1353 2447 1372 2468; x_wconf 87' lang='lat' dir='ltr'><strong>a</strong></span> <span class='ocrx_word' id='word_1_350' title='bbox 1399 2438 1475 2469; x_wconf 90' lang='lat' dir='ltr'><strong>Deo</strong></span> <span class='ocrx_word' id='word_1_351' title='bbox 1501 2437 1579 2469; x_wconf 84' lang='lat' dir='ltr'><strong>elo-</strong></span> 
     </span>
     <span class='ocr_line' id='line_1_41' title="bbox 148 2478 1578 2526; baseline 0.003 -15"><span class='ocrx_word' id='word_1_352' title='bbox 148 2478 197 2511; x_wconf 88' lang='lat' dir='ltr'><strong>cti</strong></span> <span class='ocrx_word' id='word_1_353' title='bbox 222 2478 335 2511; x_wconf 86' lang='lat' dir='ltr'><strong>nostri</strong></span> <span class='ocrx_word' id='word_1_354' title='bbox 368 2479 513 2515; x_wconf 84' lang='lat' dir='ltr'><strong>Domini</strong></span> <span class='ocrx_word' id='word_1_355' title='bbox 542 2489 626 2526; x_wconf 87' lang='lat' dir='ltr'><strong>post</strong></span> <span class='ocrx_word' id='word_1_356' title='bbox 652 2484 795 2517; x_wconf 81' lang='lat' dir='ltr'><strong>finitum</strong></span> <span class='ocrx_word' id='word_1_357' title='bbox 826 2494 869 2517; x_wconf 83' lang='lat' dir='ltr'><strong>ex</strong></span> <span class='ocrx_word' id='word_1_358' title='bbox 906 2484 1061 2517; x_wconf 81' lang='lat' dir='ltr'><strong>formula</strong></span> <span class='ocrx_word' id='word_1_359' title='bbox 1091 2486 1184 2519; x_wconf 86' lang='lat' dir='ltr'><strong>illud</strong></span> <span class='ocrx_word' id='word_1_360' title='bbox 1214 2485 1363 2520; x_wconf 81' lang='lat' dir='ltr'><strong>solenne</strong></span> <span class='ocrx_word' id='word_1_361' title='bbox 1395 2482 1578 2516; x_wconf 80' lang='lat' dir='ltr'><strong>deximum</strong></span> 
     </span>
     <span class='ocr_line' id='line_1_42' title="bbox 148 2526 1579 2575; baseline 0.003 -18"><span class='ocrx_word' id='word_1_362' title='bbox 148 2534 271 2557; x_wconf 81' lang='lat' dir='ltr'><strong>rursus</strong></span> <span class='ocrx_word' id='word_1_363' title='bbox 295 2526 502 2568; x_wconf 77' lang='lat' dir='ltr'><strong>praesident</strong></span> <span class='ocrx_word' id='word_1_364' title='bbox 532 2528 578 2561; x_wconf 84' lang='lat' dir='ltr'><strong>ad</strong></span> <span class='ocrx_word' id='word_1_365' title='bbox 611 2529 842 2575; x_wconf 80' lang='lat' dir='ltr'><strong>praestandas</strong></span> <span class='ocrx_word' id='word_1_366' title='bbox 877 2529 972 2564; x_wconf 89' lang='lat' dir='ltr'><strong>hene</strong></span> <span class='ocrx_word' id='word_1_367' title='bbox 999 2533 1222 2566; x_wconf 81' lang='lat' dir='ltr'><strong>merentibus</strong></span> <span class='ocrx_word' id='word_1_368' title='bbox 1247 2530 1579 2570; x_wconf 79' lang='lat' dir='ltr'><strong>remunerationes,</strong></span> 
     </span>
     <span class='ocr_line' id='line_1_43' title="bbox 150 2570 1578 2621; baseline 0.006 -19"><span class='ocrx_word' id='word_1_369' title='bbox 150 2575 188 2603; x_wconf 89' lang='lat' dir='ltr'><strong>et</strong></span> <span class='ocrx_word' id='word_1_370' title='bbox 210 2570 413 2604; x_wconf 86' lang='lat' dir='ltr'><strong>celebratur</strong></span> <span class='ocrx_word' id='word_1_371' title='bbox 436 2572 604 2619; x_wconf 81' lang='lat' dir='ltr'><strong>deinceps</strong></span> <span class='ocrx_word' id='word_1_372' title='bbox 627 2577 830 2610; x_wconf 86' lang='lat' dir='ltr'><strong>convivium</strong></span> <span class='ocrx_word' id='word_1_373' title='bbox 862 2587 969 2620; x_wconf 86' lang='lat' dir='ltr'><strong>super</strong></span> <span class='ocrx_word' id='word_1_374' title='bbox 998 2579 1174 2621; x_wconf 86' lang='lat' dir='ltr'><strong>peculiari</strong></span> <span class='ocrx_word' id='word_1_375' title='bbox 1198 2576 1322 2608; x_wconf 78' lang='lat' dir='ltr'><strong>tabula</strong></span> <span class='ocrx_word' id='word_1_376' title='bbox 1350 2576 1386 2607; x_wconf 89' lang='lat' dir='ltr'><strong>in</strong></span> <span class='ocrx_word' id='word_1_377' title='bbox 1413 2575 1578 2620; x_wconf 81' lang='lat' dir='ltr'><strong>splendi—</strong></span> 
     </span>
     <span class='ocr_line' id='line_1_44' title="bbox 150 2615 1579 2669; baseline 0.005 -22"><span class='ocrx_word' id='word_1_378' title='bbox 150 2615 298 2650; x_wconf 83' lang='lat' dir='ltr'><strong>dissimo</strong></span> <span class='ocrx_word' id='word_1_379' title='bbox 323 2617 480 2652; x_wconf 88' lang='lat' dir='ltr'><strong>triclinio</strong></span> <span class='ocrx_word' id='word_1_380' title='bbox 505 2621 696 2656; x_wconf 84' lang='lat' dir='ltr'><strong>Iustiniani</strong></span> <span class='ocrx_word' id='word_1_381' title='bbox 719 2623 860 2667; x_wconf 80' lang='lat' dir='ltr'><strong>Magni3</strong></span> <span class='ocrx_word' id='word_1_382' title='bbox 895 2629 1109 2669; x_wconf 82' lang='lat' dir='ltr'><strong>oportetque</strong></span> <span class='ocrx_word' id='word_1_383' title='bbox 1138 2634 1203 2656; x_wconf 83' lang='lat' dir='ltr'><strong>nos</strong></span> <span class='ocrx_word' id='word_1_384' title='bbox 1230 2623 1384 2655; x_wconf 76' lang='lat' dir='ltr'><strong>invitare</strong></span> <span class='ocrx_word' id='word_1_385' title='bbox 1416 2623 1462 2654; x_wconf 82' lang='lat' dir='ltr'><strong>ad</strong></span> <span class='ocrx_word' id='word_1_386' title='bbox 1494 2626 1579 2654; x_wconf 69' lang='lat' dir='ltr'><strong>coti-</strong></span> 
     </span>
     <span class='ocr_line' id='line_1_45' title="bbox 149 2662 1578 2714; baseline 0.005 -20"><span class='ocrx_word' id='word_1_387' title='bbox 149 2662 349 2706; x_wconf 81' lang='lat' dir='ltr'><strong>puiandum</strong></span> <span class='ocrx_word' id='word_1_388' title='bbox 373 2675 451 2697; x_wconf 88' lang='lat' dir='ltr'><strong>cum</strong></span> <span class='ocrx_word' id='word_1_389' title='bbox 476 2666 640 2701; x_wconf 84' lang='lat' dir='ltr'><strong>Dominis</strong></span> <span class='ocrx_word' id='word_1_390' title='bbox 663 2669 814 2708; x_wconf 77' lang='lat' dir='ltr'><strong>amicos,</strong></span> <span class='ocrx_word' id='word_1_391' title='bbox 846 2669 1070 2713; x_wconf 81' lang='lat' dir='ltr'><strong>magistratus</strong></span> <span class='ocrx_word' id='word_1_392' title='bbox 1103 2673 1282 2714; x_wconf 85' lang='lat' dir='ltr'><strong>quotquot</strong></span> <span class='ocrx_word' id='word_1_393' title='bbox 1307 2668 1490 2713; x_wconf 83' lang='lat' dir='ltr'><strong>campagia</strong></span> <span class='ocrx_word' id='word_1_394' title='bbox 1514 2679 1578 2712; x_wconf 78' lang='lat' dir='ltr'><strong>ge-</strong></span> 
     </span>
     <span class='ocr_line' id='line_1_46' title="bbox 150 2710 1578 2761; baseline 0.003 -17"><span class='ocrx_word' id='word_1_395' title='bbox 150 2714 236 2747; x_wconf 77' lang='lat' dir='ltr'><strong>runt</strong></span> <span class='ocrx_word' id='word_1_396' title='bbox 259 2710 479 2753; x_wconf 81' lang='lat' dir='ltr'><strong>senatorios,</strong></span> <span class='ocrx_word' id='word_1_397' title='bbox 501 2718 543 2747; x_wconf 88' lang='lat' dir='ltr'><strong>ut</strong></span> <span class='ocrx_word' id='word_1_398' title='bbox 562 2717 771 2760; x_wconf 81' lang='lat' dir='ltr'><strong>magistros,</strong></span> <span class='ocrx_word' id='word_1_399' title='bbox 794 2717 1051 2760; x_wconf 80' lang='lat' dir='ltr'><strong>proconsules,</strong></span> <span class='ocrx_word' id='word_1_400' title='bbox 1075 2715 1247 2761; x_wconf 77' lang='lat' dir='ltr'><strong>patricios</strong></span> <span class='ocrx_word' id='word_1_401' title='bbox 1265 2715 1470 2758; x_wconf 18' lang='lat' dir='ltr'><strong>(officiales,</strong></span> <span class='ocrx_word' id='word_1_402' title='bbox 1506 2715 1578 2753; x_wconf 75' lang='lat' dir='ltr'><strong>im-</strong></span> 
     </span>
    </p>
   </div>
  </div>
 </body>
</html>
