1884 3112
306 114 325 149 1
341 93 413 150 56
571 113 928 157 οοΝεΤΑΝτιΝι
969 110 1485 156 ΡοιιΡΗΥΒοοΕΝιΤι--
1517 120 1519 122 ·

296 218 465 266 τελέσας
484 214 559 272 τήν
577 217 821 272 τριτοέκτην,
833 215 1048 271 ἐξέρχεται
1071 215 1116 257 ἐκ
1133 217 1209 258 τοῦ
1228 218 1509 272 μητατωρίου.
1527 214 1601 258 καί
1612 228 1743 269 προσ-

295 280 549 337 ,κυνήσαντες
571 280 776 336 α’λλήλους
800 283 875 322 καί
894 279 1197 335 α’σπασάμενοι,
1235 283 1447 337 διέρχεται
1467 283 1546 335 μὲν
1566 281 1589 322 ὅ
1617 285 1743 336 βασι-

295 346 394 397 λεῦς
419 346 490 389 διὰ
517 351 593 389 τοῦ
617 349 756 398 δεξιοῦ
775 348 931 403 μέρους
954 349 1030 388 τοῦ
1053 350 1180 401 ναοῦ,
1219 350 1294 389 τοῦ
1326 344 1536 403 νάρθηκος
1560 346 1634 389 καί
1665 348 1742 389 τοῦ

296 411 536 470 ὥρολογίου,
558 412 633 454 καί
659 414 873 469 ἐξέρχεται
897 415 941 455 ἐν
963 415 1014 471 τῇ
1037 412 1143 469 πρὸς
1171 411 1293 455 δυ’σιν
1319 408 1423 472 οὔσῃ
1451 402 1742 471 μεγάλῃ-πύλῃ

297 483 347 537 τῇ
377 477 580 536 ἐξαγούσῃ
608 479 681 521 ἐπὶ
703 478 775 522 τὸν
802 478 995 536 α’θύραν.
1060 478 1269 529 ἱππεύσας
1299 481 1346 522 δὲ
1374 479 1457 521 dm)
1485 481 1568 522 τῶν
1596 479 1769 531 ἐκεῖσε,5

296 547 510 601 διέρχεται
531 543 601 587 διὰ
613 547 690 587 τοῦ
708 548 868 601 μιλίου,
886 543 1021 603 φόρου
1040 562 1084 588 τε
1104 546 1178 588 καί
1194 547 1271 589 τοῦ
1285 547 1453 603 μακροῦ
1472 543 1654 599 ἐμβόλου
1671 546 1748 587 τοῦ

298 613 564 668 ,Μαυριανοῦ
591 610 666 653 καί
689 614 767 654 τοῦ
793 613 996 668 Πετρίου,
1025 611 1099 654 καί
1126 613 1357 668 α’πέρχεται
1382 614 1510 668 μέχρι
1530 613 1604 668 τῆς
1621 627 1748 653 πανα-

296 679 391 733 7ιάς
419 675 626 720 Θεοτόκου
657 679 701 721 ἐν
725 681 992 734 βλαχέρναις.
1048 681 1213 721 κάκεῖσε
1242 676 1511 732 καταλαβών,
1548 679 1747 733 κατέρχε-

297 762 369 787 ται
407 743 489 787 α’πό
528 747 605 787 τοῦ
644 747 773 787 ἵππου
814 744 887 787 καί
914 747 1140 800 α’νέρχεται
1180 746 1225 788 ἐν
1253 751 1341 794 τοῖς
1367 745 1746 800 κατηχουμενείοις,

297 809 525 864 εὐξάμενος
554 813 600 853 δὲ
630 809 751 853 ἅπτει
776 810 931 868 κηρούς
968 811 1014 854 ἔν
1039 827 1084 854 τε
1113 814 1172 869 τῷ
1198 812 1498 869 παρακυπτικῷ
1523 813 1597 866 τῆς
1623 810 1799 866 ἅγίαςιο

257 879 432 934 Βσοροῦ
445 910 458 931 ,
488 878 533 920 ἐν
559 879 617 935 τῷ
644 878 845 936 εΰκτηρίῳ
875 877 950 920 καὶ
976 879 1021 920 ἐν
1048 881 1107 936 τῷ
1133 877 1212 930 ἔξω
1241 879 1408 936 σταυρῷ
1435 879 1518 920 ταῖν
1543 891 1746 933 κατηχου-

117 944 496 998 Μιηδὼμενείων,
525 942 706 993 ἐξελθών
731 942 814 985 α’πὸ
843 946 927 987 τῶν
955 946 1116 999 ἐκεῖσε,
1147 945 1379 1000 ἀπέρχεται
1401 945 1521 1001 ἐντῷ
1547 944 1749 986 Ἀναστά-

296 1011 431 1068 σιακῷ
455 1011 669 1068 τρικλίνῳ,
707 1011 781 1053 καί
815 1006 899 1053 εἷθ’
927 1009 1063 1060 οὕτως
1100 1012 1259 1053 ἐκτελεῖ
1283 1007 1472 1063 ἅπαντα,
1513 1005 1600 1052 οἷον
1625 1007 1677 1051 τά
1703 1025 1748 1051 τε

298 1073 509 1130 ἄλλάξιμα
536 1077 611 1118 καί
635 1074 680 1118 αἱ
711 1077 846 1131 δοχαί.
886 1074 916 1132 ἧ
945 1093 989 1119 τε
1026 1080 1101 1132 τῆς
1129 1079 1244 1132 λιτῆς
1271 1074 1496 1131 ὖπάντησις
1523 1075 1597 1118 καί
1622 1075 1649 1131 ἧ
1674 1077 1750 1130 τῆς

299 1143 422 1194 θείας
450 1144 708 1199 λειτουργίας
733 1141 892 1194 εἴσοδός
918 1159 961 1186 τε
991 1144 1066 1185 καί
1091 1141 1307 1199 προσευχὴ
1324 1176 1337 1196 ,
1385 1138 1432 1184 ὃν
1458 1142 1611 1198 τρόπον
1639 1142 1801 1191 dvm-15

299 1210 405 1267 τέρω
434 1210 479 1254 ἐν
505 1212 557 1269 τῇ
583 1207 725 1268 πρώτῃ
755 1208 1005 1253 καταστάσει
1029 1212 1103 1265 τῆς
1131 1210 1266 1264 αὐτῆς
1292 1205 1439 1265 ἑορτῆς
1467 1208 1716 1262 ἐξεθέμεθα.

915 1322 1052 1363 ΚΕΦ.
1082 1317 1150 1376 κῆ.

506 1410 601 1447 Ὅσα
623 1411 686 1446 δεῖ
699 1410 1012 1459 παραφυλάττειν
1027 1412 1072 1459 τῇ
1090 1409 1202 1459 ἑορτῇ
1216 1411 1281 1455 τῆς
1298 1410 1537 1458 ὀρθοδοξίας.

266 1515 296 1551 c
417 1501 672 1557 ’Λπὲρχεται
697 1499 719 1543 ὅ
747 1498 1009 1556 πατριάρχης
1037 1499 1119 1553 ὀψὲ
1158 1502 1234 1542 τοῦ
1270 1497 1484 1554 σαββάτου
1512 1500 1559 1542 ἐν
1584 1501 1642 1558 τῷ
1666 1500 1754 1556 vac?
1794 1525 1799 1528 »

306 1569 380 1622 τῆς
416 1566 649 1623 ὑπεραγίας
680 1564 885 1609 Θεοτόκου
924 1567 969 1608 ἐν
1005 1566 1284 1622 βλαχέρναις,
1335 1566 1668 1622 συναπέρχονται
1706 1565 1809 1606 δὲ20

307 1634 422 1692 αὐτῷ
448 1637 759 1689 μητροπολΐται,
789 1631 1107 1688 α’ρχιεπίσκοποι
1136 1633 1210 1674 καί
1235 1632 1479 1685 ἐπίσκοποι,
1510 1628 1606 1674 ὅσοι
1633 1633 1674 1675 δ’
1702 1627 1755 1672 ἂν

307 1700 494 1755 τύχωσιν
533 1694 643 1750 ὄντες
678 1701 729 1757 τῇ
767 1700 873 1757 αὐτῇ
901 1699 1037 1756 ἡμέρᾳ
1065 1700 1110 1742 ἐν
1145 1700 1196 1756 τῇ
1222 1697 1365 1752 πόλει,
1416 1695 1569 1752 ὁμοίως
1605 1697 1680 1739 καί
1715 1694 1756 1739 οἶ

309 1765 499 1823 κληρικοί
533 1768 607 1822 τῆς
632 1765 826 1822 ’μεγάλης
864 1766 1082 1822 ἐκκλησίας
1121 1764 1196 1807 καί
1223 1763 1262 1806 οἱ
1298 1766 1383 1806 τῶν
1408 1762 1488 1816 ἔξω
1516 1764 1755 1820 ἐκκλησιῶν,

311 1878 538 1925 patriarchae
561 1878 819 1911 salutationem
842 1888 908 1923 per
935 1877 1098 1911 dextram
1120 1877 1268 1922 templi,
1305 1875 1484 1910 narthecis
1515 1881 1553 1910 et
1572 1875 1754 1920 horologii

312 1931 452 1971 partem
474 1925 521 1958 ad
540 1925 799 1958 occidentalem
825 1936 989 1969 magnam
1014 1930 1167 1969 portam,
1192 1935 1284 1970 quac
1302 1924 1339 1956 in
1356 1923 1518 1968 athyrem
1534 1923 1645 1964 ducit,
1669 1933 1755 1967 pro-

314 1973 487 2018 greditur.
537 1972 626 2005 Inde
650 1982 746 2017 equo
770 1978 892 2004 vectus
918 1973 1136 2016 Imperator,
1160 1981 1225 2015 per
1250 1971 1390 2003 milium
1409 1996 1418 2011 ,
1443 1970 1559 2002 forum
1589 1970 1755 2013 longam—

315 2031 388 2065 que
412 2020 592 2066 porticum
611 2019 795 2054 Mauriani
822 2024 859 2052 et
885 2018 995 2052 Petrii
1028 2017 1073 2050 ad
1099 2019 1132 2052 S.
1158 2017 1336 2062 Deiparae
1364 2017 1403 2049 in
1433 2015 1638 2049 blachernis
1663 2015 1753 2048 abit.

317 2067 401 2111 Quo
426 2071 621 2112 postquam
643 2067 762 2106 venit,
800 2076 895 2111 equo
920 2065 1108 2098 descendit
1137 2068 1174 2098 et
1203 2063 1249 2096 ad
1275 2062 1531 2096 catechumena
1551 2061 1649 2103 abit,
1670 2073 1757 2108 pre«

317 2118 419 2146 catus
447 2124 531 2146 vcro
569 2123 691 2146 cereos
716 2113 755 2144 in
794 2112 927 2145 throno
956 2112 1073 2144 sancti
1103 2110 1283 2155 sepulcri,
1319 2110 1358 2145 in
1394 2109 1552 2142 oratorio
1581 2113 1619 2142 et
1650 2119 1755 2142 cruce

319 2160 492 2194 exteriori
521 2158 862 2192 catechumenorum
882 2158 1066 2199 accendit,
1102 2157 1261 2203 indeque
1284 2167 1465 2201 egressus,
1491 2155 1538 2189 ad
1556 2156 1760 2192 triclinium

317 2208 499 2242 Anastasii
517 2206 595 2240 abit
609 2232 619 2248 ‚
644 2212 680 2240 et
698 2205 750 2240 ibi
777 2216 923 2253 quoquc
943 2205 1063 2238 omnia
1089 2204 1248 2253 peragit,
1274 2203 1412 2239 scilicet
1427 2208 1544 2237 vestes
1571 2207 1758 2236 mutantur

318 2259 356 2289 et
381 2254 540 2287 solennis
562 2253 726 2298 exceptio
754 2254 804 2286 fit.
853 2252 1094 2286 processionis
1110 2262 1194 2284 vero
1214 2261 1404 2290 occursuS,
1427 2249 1571 2283 divinae
1588 2250 1759 2294 liturgiae,

317 2301 511 2342 introitus,
536 2306 572 2334 et
588 2300 826 2346 supplicatiO,
853 2305 895 2332 ut
917 2310 1025 2347 supra
1049 2298 1093 2332 de
1117 2298 1234 2347 prima
1261 2297 1426 2334 eiusdem
1449 2296 1533 2332 festi
1562 2296 1760 2336 cei-inmitia⁴

318 2348 608 2385 animadversum
630 2347 726 2390 suit,
751 2347 946 2394 peragitur.

954 2437 1050 2476 CAP.
1076 2439 1131 2472 28.
1180 2479 1182 2482 y

609 2518 851 2556 observanda
871 2520 920 2565 *in
953 2517 1140 2554 dominica
1155 2516 1409 2553 orthodoxiae.

413 2610 619 2645 Patriarcha
641 2613 782 2658 vesperi
800 2610 859 2644 die
896 2610 1037 2643 sabbati
1055 2609 1102 2642 ad
1121 2608 1298 2653 templum
1318 2607 1565 2641 sanctissimae
1585 2601 1764 2649 Deiparao

322 2658 361 2689 in
384 2658 603 2700 blachernis,
629 2670 775 2706 unaque
792 2657 1060 2703 metropolitae,
1086 2654 1360 2700 archiepiscopi,
1386 2653 1560 2699 episcopi,
1586 2651 1650 2698 qui
1669 2649 1763 2682 forte

323 2714 366 2737 eo
389 2703 447 2739 die
468 2705 507 2742 iu
525 2704 616 2741 urbe
637 2711 851 2748 versantur,
876 2703 998 2741 clerici
1021 2712 1168 2754 quoque
1192 2712 1340 2749 magnae
1362 2701 1535 2737 ecclesiae
1555 2704 1592 2733 et
1611 2695 1767 2745 templo·-
