1878 3112
308 99 339 156 5
353 100 419 157 16
592 94 964 160 cossrmmr
981 111 1458 157 PORPHYROGENITI

785 289 1271 344 PRAEFATIQ

119 549 225 589 Ed.L.
237 559 300 594 297
414 539 463 583 Ὁ
489 541 588 595 περὶ
612 538 684 593 τῆς
712 534 929 591 βασιλικῆς
955 535 1030 576 καί
1055 536 1319 590 συγκλητικῆς
1345 534 1500 586 τάξεως
1526 533 1666 590 λόγος,
1695 537 1738 578 ἐ-Ι

119 620 184 654 Ms.
201 606 458 663 ι76.ειπει’περ
488 599 746 656 πολυσχεδής
771 600 831 650 τίς
859 603 972 642 ἐστιν
1000 601 1071 641 καί
1098 598 1158 653 μὴ
1188 598 1342 657 ῥᾳδίως
1361 605 1447 650 τοῖς
1473 605 1637 650 πολλοῖς
1663 618 1739 642 κα-

313 666 693 724 ταλαμβανόμενος,
719 664 1060 719 μεταπιπτόντων
1087 663 1250 713 πάντως
1277 663 1351 706 καί
1371 667 1739 720 μεταβαλλομένων
1767 689 1799 698 x

314 743 404 786 ταῖς
432 733 531 777 κατὰ
564 731 732 789 καιροὺς
758 734 839 773 τῶν
866 729 1116 787 πραγμάτων
1141 727 1439 784 μεταποιήσεσι
1465 733 1537 773 καί
1560 729 1740 773 τῶντά-

274 805 440 853 Βξεων·
493 797 568 842 ὅσα
605 800 681 852 μὲν
719 798 854 839 αὐτῶν
891 798 1134 851 συγγραφῆς
1171 793 1284 851 παρά
1320 811 1428 838 τισιν
1453 794 1615 850 ἔτυχεν,
1665 799 1766 843 ου’κ5

318 867 509 920 ἐμμελῶς
540 863 639 906 ου’δὲ
669 863 929 918 κεκριμένως,
959 859 1064 902 ἀλλὰ
1080 858 1215 916 χύδην
1233 876 1276 902 τε
1303 862 1374 903 καί
1398 859 1610 917 σποράδην
1632 863 1742 903 ἔκτε-

318 933 514 985 θειμένα,
563 927 723 983 ἐξίτηλοί
751 943 793 969 τε
823 922 921 969 ὅντα
959 921 1038 982 ἤδη
1072 925 1146 967 καί
1169 927 1225 983 τῷ
1251 928 1409 982 γέροντι
1433 920 1568 984 χρόνῳ
1596 941 1744 980 συγγε-

318 995 555 1052 γηρακότα,
596 993 667 1035 καί
703 990 800 1035 ὅσον
839 988 954 1033 οὔπω
992 990 1093 1047 πρὸς
1130 991 1387 1048 ἆνυπαρξίαν
1420 990 1744 1048 περιστήσεσθαι

318 1061 532 1114 μέλλοντα,
559 1060 776 1114 ἡμετέραις
803 1057 1057 1110 ἐπιμελείαις
1086 1056 1319 1112 φιλοπόνως
1330 1058 1686 1112 συναθροισθέντα
1697 1058 1744 1098 ἐν

281 1126 369 1181 0τῇ
396 1122 475 1178 πρὸ
505 1125 628 1178 τῆσδε
655 1123 782 1180 βιβλῳ
817 1119 946 1178 εἱρμῷ
983 1137 1064 1162 τινι
1101 1123 1174 1163 καί
1209 1123 1323 1172 τάξει
1363 1123 1628 1178 λελογισμένῃ
1667 1136 1798 1166 πε-ῐο

322 1189 533 1246 ριελήφθη
574 1204 618 1230 τε
639 1189 730 1229 ’καί
762 1188 1045 1229 συντέτακται.
1101 1183 1182 1228 ὅσα
1221 1189 1267 1228 δὲ
1301 1187 1328 1242 ἦ
1369 1188 1560 1242 παροῦσα
1599 1186 1740 1240 βιβλος

321 1254 583 1309 ἐμπεριέχει,
610 1251 758 1306 ἔτυχεν
783 1253 862 1305 μὲν
888 1253 1133 1306 συγγραφῆς
1159 1249 1242 1292 ὖπό
1267 1267 1376 1300 τινος
1403 1252 1620 1305 οὐδαμῶς,
1664 1249 1746 1293 εἴτε

323 1315 494 1376 ἀμελείᾳ
532 1319 616 1359 τῶν
653 1315 808 1368 πάλαι,
850 1315 918 1357 εἶτ’
958 1315 1056 1365 ἴσως
1083 1315 1156 1357 καὶ
1186 1318 1243 1373 τῷ
1278 1314 1337 1371 μη
1367 1318 1607 1372 ἐπιτηδείως
1635 1315 1747 1370 ἔχειν

318 1382 428 1438 ’πρὸς
454 1381 503 1425 τὰ
533 1384 713 1425 τοιαῦτα.
768 1387 859 1431 ταῖς
885 1381 1067 1435 μνήμαις
1093 1382 1234 1434 μέντοι
1261 1379 1544 1435 διασωζόμενα
1569 1384 1642 1423 καί
1666 1398 1747 1423 πα-

327 1445 382 1504 ρὰ
411 1449 494 1490 τῶν
521 1448 810 1503 πρεσβυτέρων
839 1444 1077 1495 ἀκολούθως
1102 1451 1186 1495 τοῖς
1225 1443 1455 1501 νεωτέροις.
1474 1446 1799 1503 παραπεμπὸ-ιὸ

279 1519 431 1568 Βμενα
457 1511 528 1555 τὸν
555 1510 712 1569 φθόνον
739 1507 817 1567 ἤδη
858 1506 1112 1568 διαφυγόντα
1149 1514 1299 1567 μέχρις
1336 1512 1454 1567 ἡμῶν
1490 1504 1638 1567 ἴσχυσε
1676 1529 1752 1555 κα-

327 1581 533 1634 ταντῆσαι.
590 1578 640 1619 οὔ
680 1576 839 1620 δίκαιον
877 1573 952 1619 οὖν
981 1577 1177 1636 φ’ήθημεν
1203 1574 1355 1631 κόσμον
1382 1580 1576 1621 τοσοῦτον
1600 1575 1752 1630 τάξεων

425 1741 547 1787 Quum
573 1740 763 1784 multiplex
789 1743 826 1774 et
848 1738 1025 1773 multifida
1049 1741 1096 1775 sit
1119 1741 1163 1775 de
1180 1741 1306 1775 ordine
1322 1741 1418 1787 regio
1436 1746 1545 1789 atque
1572 1741 1751 1774 senatorio

329 1790 495 1824 tractatio
510 1789 686 1832 vulgoque
700 1786 797 1820 haud
822 1787 924 1819 facile
948 1789 1190 1831 percipienda,
1227 1788 1562 1834 (quandoquidem,
1578 1793 1632 1820 -ut
1654 1793 1732 1820 cete
1751 1803 1755 1811 ¹

331 1847 390 1869 rae
416 1846 471 1868 res
500 1846 520 1867 a
546 1834 694 1867 decursu
735 1839 935 1876 temporum
962 1834 1048 1866 alias
1077 1834 1273 1867 identidem
1306 1837 1466 1881 aliasque
1490 1835 1620 1868 formas
1645 1833 1753 1866 indu-

330 1887 421 1922 unt,
458 1881 509 1914 sic
534 1882 643 1913 etiam
667 1879 903 1912 humanarum
938 1879 1154 1924 dignitatum
1177 1881 1321 1914 ordines
1343 1883 1438 1915 vices
1465 1892 1543 1915 suas
1567 1880 1752 1924 patiuntur

329 1928 574 1972 terminosque
598 1937 678 1958 suos
703 1925 900 1971 migrant‚)
936 1926 1136 1959 studuimus
1160 1929 1273 1971 primo
1311 1928 1456 1972 quidem
1480 1927 1586 1960 huius
1610 1926 1752 1970 operis,

333 1980 381 2014 et,
409 1974 472 2019 qui
498 1973 594 2005 hunc
617 1971 823 2016 praecedit,
860 1972 954 2004 libro
980 1978 1143 2005 contexta
1167 1974 1320 2018 quodam
1343 1974 1441 2007 velut
1465 1974 1525 2006 filo
1550 1972 1753 2016 sapienter-

333 2030 402 2064 que
429 2025 465 2052 ct
491 2019 651 2051 consulte
677 2018 813 2062 digesta
838 2017 1108 2051 coordinatione
1132 2019 1272 2052 tradere
1299 2024 1335 2052 et
1349 2020 1535 2064 complecti
1559 2029 1600 2051 ea
1619 2017 1751 2057 omnia,

331 2076 424 2109 quae
457 2064 619 2097 studium
644 2069 803 2097 nostrum
839 2075 1046 2108 congregare
1072 2071 1108 2097 et
1133 2076 1255 2098 eruere
1280 2077 1299 2098 e
1322 2070 1480 2098 veterum
1511 2064 1751 2097 monumentis

333 2111 467 2154 scripto
505 2110 720 2153 consigna-tis
755 2108 799 2141 ad
835 2108 904 2142 hoc
940 2116 1186 2152 argumentum
1218 2111 1415 2154 spectantia
1448 2111 1578 2155 potuit.
1624 2109 1752 2154 Neque

335 2156 432 2189 enim
458 2154 550 2189 illud
570 2167 590 2187 a
613 2155 762 2187 vetustis
795 2164 936 2197 prorsus
970 2155 1178 2189 derelictum
1210 2156 1299 2199 fuit3
1331 2162 1368 2189 at
1402 2157 1452 2190 ita
1475 2162 1594 2189 tamen
1617 2161 1751 2190 tracta-

334 2206 435 2242 tum,
458 2206 523 2242 ut,
553 2212 662 2247 quum
686 2200 742 2232 illi
766 2211 885 2245 neque
912 2211 1013 2240 cura,
1054 2212 1171 2247 neque
1198 2201 1340 2235 delectu
1365 2207 1402 2235 et
1423 2201 1559 2236 iudicio
1583 2203 1638 2235 usi
1663 2202 1756 2235 fuis-

336 2250 440 2288 sent‚'
462 2257 579 2291 neque
603 2246 694 2279 serio
719 2257 792 2279 rem
818 2248 995 2291 egissent,
1019 2246 1083 2280 sed
1105 2259 1167 2280 sua
1189 2249 1330 2293 potius,
1364 2254 1405 2282 ut
1426 2249 1577 2289 tulerat,
1606 2247 1755 2281 effudis-

338 2298 419 2328 sent
444 2297 551 2338 atque
577 2293 804 2337 sparsissent,
840 2291 1061 2326 obsolescere
1093 2295 1295 2338 inciperent
1326 2293 1371 2327 ab
1395 2295 1482 2340 ipsis
1505 2293 1635 2328 tradita
1661 2299 1755 2327 tem-

331 2340 486 2386 porique
515 2339 713 2372 senescenti
750 2348 1027 2380 consenescere,
1063 2344 1100 2373 et
1129 2346 1266 2373 tantum
1292 2352 1365 2374 non
1400 2352 1444 2374 ex
1468 2353 1534 2374 usu
1566 2340 1756 2373 hominum

334 2395 525 2431 rerumque
551 2385 682 2418 circulo
711 2383 873 2417 excidere
896 2386 1125 2419 minarentur.
1161 2386 1262 2431 Quae
1281 2397 1364 2420 vero
1389 2387 1502 2428 liber,
1529 2398 1635 2432 quem
1659 2396 1755 2419 nune

336 2431 519 2472 ordimur,
559 2430 827 2475 complectitur,
860 2442 900 2464 ea
933 2431 1062 2464 litteris
1094 2432 1239 2477 quidem
1261 2445 1281 2466 a
1306 2434 1448 2467 nemine
1482 2434 1647 2467 mandata
1670 2433 1756 2465 sue—

336 2483 440 2518 runt,
476 2478 549 2511 sive
581 2477 620 2510 id
655 2477 791 2509 incuria
825 2478 1017 2520 priscorum
1049 2477 1233 2512 hominum
1267 2481 1476 2524 contigerit,
1520 2481 1594 2513 sive
1626 2482 1755 2511 natura

337 2525 456 2558 minus
482 2523 605 2557 idonei
629 2521 760 2559 talibus
784 2523 1061 2557 commentandis
1085 2525 1140 2558 illi
1172 2525 1329 2559 fuerint:
1365 2531 1402 2559 at
1433 2527 1601 2560 memoria
1635 2529 1755 2557 tamen

340 2581 383 2604 ea
407 2570 683 2605 conservavitet
706 2579 726 2601 a
749 2569 941 2603 maioribus
967 2570 1193 2605 ad'iuniores
1217 2573 1440 2617 propagavit,
1480 2573 1675 2616 potiorque.
1695 2570 1754 2602 in-

337 2614 438 2650 vidia
463 2622 497 2650 et
524 2616 677 2649 adversis
707 2615 845 2648 casibus
879 2616 923 2649 ad
946 2621 1067 2650 nostra
1099 2629 1212 2662 usque
1239 2623 1396 2662 tempora
1426 2618 1629 2652 transmisit.
1675 2616 1752 2648 Ini-

342 2675 453 2708 quum
478 2674 558 2707 ergo
585 2661 817 2697 iudicavimus
840 2668 1032 2709 nostraque
1057 2674 1208 2710 persona
1243 2665 1426 2710 indignum
1458 2665 1686 2711 permittere5
1709 2667 1751 2696 ut
