1878 3112
381 149 740 195 CONSTANTINI
781 146 978 188 Pomm.
1022 145 1094 186 m:
1129 141 1388 187 cammou.
1482 122 1593 195 467

167 253 221 310 β’.
274 251 528 306 ἆσκοδάβλαι
555 252 754 308 διάφοροι
778 248 929 304 μικραὶ
953 248 1028 289 καί
1051 244 1240 301 μεγάλαι.
1294 245 1414 299 ἕτερα
1440 252 1600 295 ψυχρι-

165 317 319 375 στάρια
348 319 465 372 δίκην
490 318 736 372 μαγαρικαῖν
760 316 900 369 χαλκᾶ
926 310 1091 367 γανωτὰ
1120 312 1179 360 εἷς
1212 307 1333 366 νερὸν
1357 306 1518 362 μεγάλα
1548 302 1646 352 d'.D

167 384 366 440 βεδοῦρια
393 384 534 436 χαλκιῖ
558 378 722 436 γανωτοὶ
749 380 801 434 β’.
841 378 935 435 ἱερὰ
964 380 1037 433 τῆς
1063 375 1291 432 ἐκκλησίας,
1324 373 1378 430 ἢν
1405 373 1601 429 ἑπιφὲρε·

166 467 235 493 ται
259 449 281 494 ὃ
305 447 611 505 μινσουράτωρ.
662 450 827 501 βιβλία·
875 447 902 500 ἦ
931 443 1158 486 ἀκολουθία
1183 443 1257 496 τῆς
1282 435 1509 494 ἐκκλησίας,
1535 440 1604 490 βι-

140 517 266 571 ὄβλία
298 511 565 571 στρατηγικὰ,
593 514 737 567 βιβλία
761 509 990 566 μηχανικὰ,
1018 506 1227 556 ἑλεπόλεις
1253 505 1411 560 ἔχοντα,
1438 505 1510 545 καί
1535 506 1607 556 βε-
1654 524 1658 526 >

164 578 354 624 λοποιῖκᾶ
385 582 458 621 καί
493 580 557 620 ἕτε
571 595 626 632 ρα
655 573 839 633 ἁρμόδια
866 578 919 633 τῇ
946 573 1160 626 ὑποθέσει,
1196 567 1324 627 ἤγουν
1351 569 1457 626 πρὸς
1482 570 1605 610 πολέ-

164 661 273 699 μους
298 646 372 686 καί
397 645 736 699 καστρομαχιάς·
788 643 933 695 βιβλία
961 636 1175 694 ἱστορικά,
1211 638 1430 691 ἐξαιρέτως
1457 635 1503 676 δὲ
1530 628 1604 674 τὸν

166 711 412 754 Πολύαινον
440 708 514 751 καὶ
538 707 610 751 τὸν
636 704 868 763 Συριανόν·
922 706 1084 759 βιβλίον
1107 694 1180 745 ’τᾶν
1209 701 1509 757 ὄνειροκρίτην·
1537 702 1605 752 βι-

165 777 283 831 βλίον
309 772 684 830 συναντηματικόν·
736 773 897 826 βιβλίον
921 769 967 812 τὸ
1009 771 1202 824 περιέχον
1219 768 1316 822 περὶ
1341 766 1505 813 εὐδείας
1530 765 1604 805 καί

114 843 371 897 ῑοχειμῶνος
408 841 482 881 καί
521 837 672 894 ζάλης,
711 838 837 880 ὑετοῦ
872 851 917 878 τε
961 834 1033 876 καὶ
1069 834 1293 888 ἀστραπῶν
1319 833 1393 873 καί
1416 831 1796 886 βροντῶνΕιΙ.Ι,.ησ

167 908 242 948 καί
265 907 430 958 α’νέμων
459 895 688 960 ἐπιφορᾶζ·
744 900 851 958 πρὸς
884 899 1044 950 τούτοις
1079 894 1365 954 βροντολόγιον
1406 895 1481 936 καί
1516 910 1603 936 σει-

166 969 399 1026 σμολόγιον,
427 971 502 1011 καί
525 971 661 1024 ἕτερα,
693 964 773 1010 ὅσα
799 968 1137 1022 παρατηροῦνται
1166 962 1205 1004 οῖ
1221 961 1466 1004 πλευστικοί.
1495 961 1603 1002 ἴστέ-

166 1053 214 1080 ον
241 1039 313 1090 δὲ,
357 1033 422 1078 ὅτι
449 1037 637 1077 τοιοῦτον
662 1035 824 1088 βιβλίον
850 1030 1135 1088 ἕφιλοπονὴθη
1171 1030 1244 1070 καί
1270 1030 1316 1070 ἐκ
1343 1028 1505 1068 πολλῶν
1531 1028 1599 1079 βι-

165 1105 295 1157 βλίων
330 1102 538 1157 ἤρανίσθη
574 1103 676 1156 παρ’
718 1100 823 1152 ἐμοῦ
851 1095 1175 1139 Κωνσταντήνου
1202 1095 1247 1136 ἐν
1278 1094 1449 1148 Χριστῷ
1474 1094 1598 1144 βασι-

114 1173 235 1218 ιὸλεῖ
256 1169 408 1226 αι’ωνάρ
447 1167 652 1220 βασιλέως
686 1165 933 1218 Ῥωμαίων.
987 1158 1166 1214 ἔπεύχια
1205 1158 1422 1216 φουνδάτα
1456 1157 1516 1204 εἰς
1549 1149 1600 1196 τὰ

160 1231 466 1289 χαμόκουμβα,
504 1232 573 1274 ἵνα
601 1229 888 1274 α’ναπαῦονται
918 1226 957 1269 οἷ
984 1229 1122 1283 φίλοι,
1150 1221 1256 1279 ἅπερ
1284 1224 1359 1264 καί
1384 1220 1602 1278 προείρην-

161 1315 231 1341 ται
258 1300 318 1348 εἷς
351 1297 426 1353 τὴν
464 1296 629 1339 ἔκθεσιν
670 1297 747 1337 τοῦ
773 1290 1147 1350 μινσουράτωρος,
1192 1287 1254 1332 ὅτι
1292 1287 1477 1330 δίδονται
1515 1280 1596 1326 ἀπό

161 1366 237 1406 τοῦ
262 1364 484 1418 βασιλικοῦ
509 1361 777 1417 βεστιαρίου·
831 1357 1062 1414 θηριάκην,
1106 1356 1290 1410 ἦνίτζιν,
1335 1355 1458 1408 ἕτερα
1487 1351 1631 1391 ἀντι-Β

162 1426 368 1487 φάρμακα
402 1426 609 1470 σκευαστά
638 1426 712 1468 καί
736 1425 932 1479 μονοειδῆ
961 1421 1032 1463 διὰ
1059 1419 1159 1469 τούς
1189 1417 1598 1477 φαρμακευομένους.

162 1593 368 1637 stillaticia]
393 1598 431 1627 et
462 1603 556 1638 aqua
587 1595 829 1625 asservantur:
856 1598 1008 1634 quorum
1036 1597 1148 1620 unum
1172 1594 1320 1629 parvum
1343 1582 1524 1617 vasculum
1538 1580 1594 1614 al-

161 1641 247 1674 bam
270 1639 507 1679 oenantham,
532 1638 603 1671 duo
627 1648 754 1683 magna
780 1635 1030 1679 rhodostagma
1053 1639 1091 1666 et
1128 1633 1291 1676 quinque
1313 1640 1438 1675 magna
1463 1638 1593 1673 aquam

162 1687 362 1720 continent.
409 1686 499 1718 Item
525 1684 678 1717 hedui-ia
713 1687 880 1737 argentea
915 1693 981 1726 pro
1018 1691 1111 1724 aqua
1135 1675 1322 1710 condenda
1352 1677 1436 1712 duo,
1482 1676 1593 1708 Ascoz

162 1732 291 1766 dablae
315 1743 378 1764 seu
405 1737 502 1765 utres
526 1731 628 1770 varii,
658 1740 775 1773 magni
803 1728 997 1772 parvique3
1030 1727 1110 1758 alia.
1126 1723 1378 1768 psychristaria
1402 1733 1464 1755 seu
1491 1721 1592 1763 frigi-

162 1778 283 1818 daria,
313 1777 359 1810 ad
384 1778 532 1811 formam
557 1777 807 1820 amphorarum
832 1774 945 1814 facta,
969 1777 1082 1806 aenea
1105 1775 1269 1803 stannata
1290 1780 1417 1814 magua
1441 1772 1593 1812 quatuor

158 1835 225 1870 pro
249 1832 343 1869 aqua
367 1822 576 1857 condenda:
611 1823 762 1856 beduria
786 1831 899 1853 aenea
920 1825 1084 1853 stannata
1108 1817 1191 1849 duo.
1239 1816 1344 1848 Sacra
1367 1826 1449 1847 vasa
1474 1813 1592 1846 eccle-

159 1872 238 1904 siae
261 1871 381 1910 iliius,
418 1882 526 1915 quam
563 1874 787 1902 mensurator
818 1877 938 1899 secum
964 1866 1051 1907 sert3
1089 1865 1177 1896 item
1210 1862 1349 1895 codices
1372 1860 1431 1894 hi:
1460 1859 1590 1892 rituale

160 1918 461 1958 ecclesiasticum
486 1916 573 1950 libri
599 1921 710 1948 artem
725 1913 873 1959 regendi
898 1913 1074 1946 exercitus
1098 1909 1260 1954 bellique
1286 1906 1432 1952 gerendi
1455 1905 1591 1939 ‹locen-

158 1968 240 2007 ως
275 1965 364 1998 item
395 1963 484 1997 libri
516 1961 740 2002 mechanici,
775 1959 908 2004 quibus
945 1964 1037 1992 artes
1062 1962 1100 1990 et
1122 1950 1589 1997 instrumenta-capientia-=

158 2022 238 2044 rum
272 2010 417 2045 urbium
452 2016 490 2044 et
516 2009 670 2042 telorum
707 2006 884 2040 confectio
915 2010 1024 2050 atque
1059 2000 1261 2035 eiaculandi
1298 2000 1426 2032 modus
1452 1998 1589 2032 descri-

154 2056 312 2097 huntur,
337 2057 478 2101 aliaque
501 2056 684 2101 proposito
709 2052 903 2099 praesenti,
925 2051 964 2084 id
989 2056 1043 2084 est
1066 2046 1291 2092 expeditioni
1312 2046 1473 2085 militari,
1498 2055 1587 2077 con-

154 2113 242 2181 {ma
264 2109 301 2136 et
317 2104 444 2143 utilia,
466 2108 507 2136 ut
532 2101 577 2134 de
601 2101 707 2134 bellis
731 2105 875 2145 agentes
911 2104 948 2130 et
970 2097 1014 2130 de
1034 2097 1174 2129 ratione
1200 2099 1312 2127 castra
1333 2090 1584 2138 oppugnandi3

184 2149 319 2182 istorici
343 2161 508 2194 quoque,
528 2149 720 2194 praecipue
742 2146 939 2188 Polyaenus
956 2150 992 2177 et
1008 2143 1188 2186 Syrianus.
1205 2139 1315 2173 Liber
1328 2136 1584 2183 [Artemidori]

155 2194 399 2229 Oneirocrites
423 2196 559 2236 dictus,
584 2205 646 2227 seu
671 2193 716 2226 de
750 2192 967 2226 somniorum
997 2187 1311 2232 interpretatione3
1337 2185 1428 2218 alius
1451 2189 1586 2226 synan-

155 2243 343 2275 tematicus
365 2250 428 2275 seu
456 2241 502 2275 de
537 2240 739 2279 ominibus,
773 2250 866 2283 quae
889 2237 1078 2281 capiuntur
1102 2246 1121 2268 e
1152 2233 1259 2267 rebus
1300 2232 1388 2264 vivis
1429 2231 1582 2262 mutisve

157 2285 250 2319 foras
274 2287 467 2332 prodeunti
500 2293 562 2321 aut
586 2285 726 2331 aliquid
747 2284 952 2318 instituenti
982 2283 1136 2326 primum
1160 2278 1452 2314 occurrentibus;
1477 2276 1581 2314 alius,

157 2333 223 2376 qui
246 2333 291 2366 de
313 2334 584 2377 tempestatibus
605 2334 678 2378 agit
698 2334 895 2376 signisque,
920 2329 1052 2374 quibus
1074 2329 1210 2360 instans
1235 2330 1299 2357 aut
1324 2324 1494 2357 serenitas
1519 2326 1582 2353 aut

156 2381 368 2422 tempestas,
391 2391 454 2413 seu
478 2380 655 2414 terrestris
670 2403 680 2419 ,
714 2389 777 2412 seu
801 2379 959 2416 marina,
990 2375 1238 2419 cognoscitur,
1271 2371 1316 2404 «le
1341 2369 1481 2414 pluvia,
1504 2366 1579 2398 ful-

156 2423 336 2465 minibus,
370 2427 527 2467 tonitru,
568 2426 708 2465 ventis,
738 2429 855 2457 terrae
889 2421 1047 2455 motibus
1099 2420 1276 2463 aliisque,
1323 2426 1414 2460 quae
1447 2418 1579 2446 nautae

157 2469 276 2504 solent
298 2471 494 2506 observare.
554 2471 677 2504 Talem
705 2470 837 2503 librum
864 2480 948 2513 ego,
980 2467 1260 2503 Constantinus,
1288 2464 1328 2495 in
1351 2461 1493 2495 Christo
1515 2466 1578 2491 ae·

156 2519 260 2550 terno
284 2517 375 2561 Rege
404 2518 477 2550 Rex
499 2518 750 2557 Romanorum,
771 2526 898 2559 magno
919 2513 1039 2547 studio
1063 2513 1183 2545 multis
1208 2522 1226 2543 e
1250 2509 1352 2541 libris
1378 2504 1578 2549 compilavi.

154 2559 276 2597 Debet
299 2573 405 2606 porro
428 2564 634 2596 vestiarium
658 2563 794 2607 regium
822 2566 960 2605 tapetes
990 2567 1135 2604 quoque
1160 2557 1252 2589 ferre
1277 2553 1444 2586 fundatos
1459 2575 1469 2591 ,
1493 2550 1579 2594 qui·

154 2605 223 2641 bus
246 2609 413 2642 convivae
436 2609 527 2653 regii
553 2608 749 2649 incubent;
774 2606 819 2641 de
848 2606 980 2651 quibus
1007 2605 1228 2638 mentionem
1254 2600 1440 2643 superiore
1463 2596 1577 2640 mpite
1628 2614 1629 2617 =

154 2658 224 2691 iam
246 2658 408 2697 fecimus,
441 2666 551 2701 quum
581 2666 622 2689 ea
642 2663 956 2699 percenseremus,
987 2662 1080 2696 quae
1110 2648 1156 2682 ad
1179 2644 1432 2680 mensuratoris
1458 2653 1578 2675 curam

155 2709 336 2750 spectant,
360 2703 543 2743 diceutes,
566 2712 608 2735 ea
633 2701 703 2746 ipsi
729 2710 749 2733 e
779 2700 877 2743 regio
904 2697 1069 2734 vestiario
1095 2692 1329 2740 suppeditari.
1376 2691 1460 2724 Fert
1484 2699 1577 2734 quo—
