1878 3112
306 151 662 195 consum-rm
712 150 907 192 PORPH.
946 151 1018 192 nn
1053 150 1310 193 mammon
1429 132 1540 206 477

112 253 257 310 πόριος
293 253 496 307 λαμβάνει
533 251 720 303 διάταξιν
751 252 869 308 παρὰ
909 255 984 295 τοῦ
1012 255 1218 306 βασιλέως
1253 253 1355 307 περὶ
1380 252 1464 294 τῶν
1493 252 1545 294 ἇ-

111 319 326 375 πλήκτων,
361 321 435 362 καὶ
446 318 713 373 ,α’ποτιθησιν
738 319 831 360 ἐκεῖ
858 317 936 373 τῆν
962 317 1119 374 κριθὴν
1140 320 1214 360 καί
1236 319 1375 360 πᾶσαν
1400 314 1548 373 ἑτέραν

107 386 259 440 χρείαν
273 391 277 395 “
293 381 536 439 βασιλικήν.
589 381 643 425 τὰ
681 384 730 425 δὲ
767 383 931 433 ξενάλια
969 382 1021 425 τὰ
1062 386 1119 440 τῷ
1143 386 1314 436 βασιλεῖ
1333 382 1546 440 φερόμενα

113 447 186 492 διὰ
209 452 362 506 κριθῆς
387 447 707 504 παραλαμβάνει
735 445 757 490 ὅ
786 450 862 490 τοῦ
889 446 1070 502 οτάβλου
1098 449 1242 504 κόμης,
1271 449 1316 490 ἐν
1341 464 1548 504 καταγρα-

86 515 178 572 ὄφῇ
202 513 448 568 ποιούμενος
472 512 547 569 τὴν
573 514 801 569 ποσότητα,
841 511 931 567 ἅμα
960 516 1019 572 τῷ
1046 515 1187 571 elom?
1212 513 1287 556 καί
1308 519 1395 563 τοῖς
1422 529 1545 557 vota·-

112 581 239 635 ρίοις,
277 581 538 633 ποιουμένων
565 579 762 621 κᾶκεὺων
788 582 921 622 ταῦτα
949 581 994 621 ἐν
1020 581 1271 637 καταγραφῇ
1282 613 1295 632 ,
1340 581 1409 621 ἳνα
1434 579 1580 636 μετὰζο

109 641 156 686 τὰ
182 646 377 699 γενέσθαι
402 645 673 687 καταστόλιον
713 643 1007 701 λογαριὰζηται
1050 644 1071 687 ὅ
1110 643 1437 701 πρωτονοτάριος
1473 647 1547 688 καί

110 709 132 752 ὃ
153 711 459 766 χαρτουλάριος
484 713 545 760 εἷς
569 709 615 752 τὸ
641 711 830 766 σέκρετον
856 713 934 752 τοῦ
960 711 1122 752 εἰδικοῦ
1133 744 1147 764 ,
1192 712 1262 752 ἵνα
1289 707 1545 765 ὖπεξαίρων-

41 772 45 776 ’
107 791 178 817 ται
213 775 260 817 αἱ
294 775 453 831 ἡμέραι
487 777 561 830 τῆς
590 775 791 832 χορηγίας
816 777 898 818 τῶν
925 774 1278 830 πρωτονοταρίων.
1336 779 1410 817 καί
1433 775 1541 828 μετὰ

63 839 156 885 roto
185 841 366 896 περάσαι
389 838 464 883 τὸν
490 843 667 895 βασιλέα
702 843 776 883 καί
804 842 907 883 ἰδεῖν
941 841 1018 897 τήν
1045 844 1332 896 προμοσέλλαν
1368 842 1543 884 διατάσ-
1568 854 1574 858 ·

111 921 231 958 σεται
254 907 314 964 τῷ
338 904 514 960 κόμηι-ι,
541 909 614 948 καί
639 908 827 959 διανέμει
856 902 1009 961 αὐτὴν,
1049 905 1192 957 καθώς
1217 910 1436 963 κατωτέρω
1466 907 1544 961 ῥη-

109 969 310 1026 θήσεται.
364 970 436 1013 διὰ
474 973 550 1014 τοῦ
584 970 763 1027 κόμητος
798 973 883 1014 τῶν
924 970 1164 1025 ὄπτιμάτων
1202 975 1276 1028 τῆς
1316 973 1544 1028 ὑπουργίας
1560 978 1589 1010 D

110 1030 264 1091 ἄνδρες
288 1034 349 1078 α’·
387 1037 461 1079 καὶ
487 1034 588 1085 τούς
611 1037 690 1090 μὲν
716 1035 752 1091 ρ’
781 1033 942 1093 ὄφείλει
968 1033 1342 1090 ἆναλαμβάνεσθαι
1369 1037 1391 1080 ὅ
1417 1037 1545 1092 κόμης

110 1102 190 1142 τοῦ
214 1100 399 1155 στάβλου
425 1100 500 1143 καὶ
523 1101 545 1144 ὃ
571 1101 880 1158 χαρτουλοίριος
906 1103 952 1144 ἐν
988 1105 1240 1159 καταγραφῇ
1265 1101 1370 1160 λόγῳ
1398 1105 1481 1145 τῶν
1507 1103 1541 1156 ρ’

61 1163 322 1221 ιόἷππαρίων
343 1167 429 1208 τῶν
451 1168 833 1222 παρασυρομένων.
886 1170 960 1210 καὶ
981 1165 1055 1209 τὸν
1081 1165 1240 1222 κόμητα
1268 1167 1371 1220 μετὰ
1394 1167 1476 1208 τῶν
1501 1164 1546 1208 ἒ-

109 1232 242 1286 ῐέρων
267 1229 303 1286 ρ’
331 1229 666 1284 ἇναλαμβάνεεαι
693 1230 719 1272 ὅ
746 1233 819 1274 ἐπὶ
853 1233 924 1287 τῆς
958 1233 1164 1287 τραπέζης
1200 1230 1273 1272 καί
1303 1230 1326 1273 ὅ
1356 1232 1547 1284 ὁόμὲστι-

110 1310 182 1346 κος
205 1297 281 1351 τῆς
305 1294 535 1351 ὑπουργίας
559 1295 634 1338 καί
661 1296 684 1338 ὅ
713 1296 913 1346 οἷκειακὸς
938 1296 1154 1352 βασιλικὸς
1181 1297 1419 1353 κελλιέριος·
1474 1296 1546 1338 καί

110 1359 256 1414 οἱμὲν
282 1362 323 1404 π’
351 1362 530 1416 σύρουσι
557 1360 610 1404 τά
649 1362 689 1404 π’
717 1362 933 1419 σαγμάρια
949 1395 961 1416 ,
1010 1361 1050 1404 οἶ
1088 1364 1136 1405 δὲ
1174 1360 1208 1403 κ’
1252 1362 1546 1404 ἀκολουθοῦσι.

109 1424 184 1467 καὶ
207 1421 275 1468 ὅτε
298 1425 460 1484 κατάβῃ
487 1425 510 1469 ὅ
535 1426 735 1480 βασιλεὺς
769 1429 830 1477 εἰς
864 1427 911 1470 τὸ
950 1422 1178 1483 ἄπληκτον,
1224 1427 1469 1483 ἐπαίρουσιν
1503 1426 1544 1467 οἱ

110 1558 322 1603 applicatis]
346 1559 581 1594 chartularius
614 1561 749 1595 stabuli
773 1566 812 1594 et
843 1562 1008 1595 cellarius
1041 1572 1062 1594 a
1093 1563 1342 1606 protonotario
1369 1563 1544 1608 cuiusque

110 1604 302 1638 thematis:
328 1611 366 1638 et
402 1605 574 1651 deinceps
608 1606 775 1640 dividunt
799 1614 836 1641 et
857 1608 1054 1654 unicuique
1077 1608 1226 1642 animali
1260 1609 1415 1642 diarium
1439 1621 1544 1642 suum

110 1661 262 1694 pensum
289 1652 487 1696 porrigunt.
534 1654 803 1686 Protonotarius
841 1660 963 1688 autem
997 1655 1166 1688 thematis
1197 1655 1403 1688 admonitus
1428 1657 1546 1701 impe-

111 1696 196 1729 riali
231 1695 496 1741 dispositione,
522 1701 670 1732 nomina
693 1700 915 1743 singulorum
939 1701 1198 1745 applicatorum
1227 1702 1455 1743 continente,
1478 1702 1544 1735 de·

110 1743 218 1786 ponit
238 1741 292 1775 ibi
312 1743 492 1785 locorum,
516 1743 582 1778 ubi
605 1745 786 1790 deponere
814 1746 932 1779 iussus
956 1747 1069 1780 suerit
1084 1771 1095 1787 ,
1112 1748 1325 1792 imputatam
1346 1748 1417 1781 sibi
1442 1750 1545 1793 coph

111 1798 170 1820 am
193 1799 268 1822 non
290 1789 419 1830 hordei
442 1794 603 1832 tantum,
626 1792 689 1825 sed
713 1797 750 1825 et
779 1792 933 1825 aliarum
958 1795 1121 1826 omnium
1150 1795 1237 1839 regii
1265 1794 1455 1828 comitatus
1479 1806 1545 1828 ne-

112 1835 334 1869 cessitatum.
380 1836 422 1869 Id
445 1848 553 1878 vero,
583 1837 682 1883 quod
714 1839 754 1871 in
788 1837 926 1872 hordeo
958 1840 1106 1874 nomine
1128 1841 1288 1875 muneris
1330 1841 1544 1885 Imperatori

113 1881 282 1922 offertur,
324 1883 363 1915 in
398 1882 507 1916 fidem
540 1895 735 1930 curamque
770 1895 870 1918 suam
901 1886 1034 1930 accipit
1064 1886 1199 1919 stabuli
1240 1897 1378 1926 comes,
1409 1887 1542 1931 scripto

112 1928 324 1971 consignans
342 1927 555 1971 identidem,
572 1937 747 1975 quantum
767 1931 957 1976 acceperit,
982 1944 1097 1966 coram
1114 1933 1209 1967 idioo
1228 1938 1266 1966 et
1288 1934 1451 1973 notariis,
1478 1932 1542 1979 qui

110 1973 218 2006 simul
240 1984 320 2007 cum
342 1975 422 2019 ipso
445 1975 542 2008 idem
558 1977 717 2018 faciunt,
742 1977 854 2023 idque
872 1978 955 2011 ideo
982 1979 1045 2018 fit,
1069 1984 1110 2011 ut
1132 1985 1215 2023 post
1229 1979 1383 2013 reditum
1407 1979 1453 2011 ab
1477 1990 1542 2012 ex-

107 2019 297 2063 peditione
320 2019 485 2063 domum,
510 2022 654 2068 quando
680 2025 952 2067 protonotarius
991 2023 1199 2071 [generalis]
1243 2031 1281 2059 et
1303 2025 1540 2060 chartularius

111 2064 278 2113 [stabuli]
304 2068 481 2101 rationem
504 2079 524 2100 a
549 2080 588 2103 se
612 2071 778 2114 praestiti
801 2076 838 2104 et
860 2071 996 2115 accepti
1024 2083 1137 2115 penus
1161 2071 1315 2106 reddent
1339 2073 1379 2106 in
1403 2077 1540 2106 secreto

110 2110 221 2154 idiei,
244 2114 474 2147 remittantur
490 2116 574 2159 [pro
597 2116 759 2160 proxima
781 2117 1033 2162 expeditione]
1053 2119 1311 2162 protonotariis
1335 2118 1412 2152 dies
1421 2115 1436 2158 ‚‘
1456 2120 1540 2164 qui-

110 2156 180 2191 bus
202 2157 414 2193 debuissent
447 2161 537 2194 alias
568 2164 769 2196 necessaria
798 2169 990 2207 praestare.
1038 2165 1230 2210 Postquam
1261 2164 1445 2199 traiecerit
1467 2166 1540 2197 Im·

109 2209 256 2248 perator
301 2205 435 2239 fretum
477 2213 515 2242 et
547 2208 752 2243 lustraverit
783 2210 1035 2254 promosellam
1075 2222 1138 2244 seu
1169 2213 1310 2256 privum
1340 2210 1411 2244 sibi
1435 2222 1541 2244 suum

111 2250 328 2295 equitatum,
343 2252 489 2286 mandat
508 2255 630 2288 comiti
648 2255 793 2296 stabuli,
817 2256 999 2302 quomodo
1022 2262 1139 2290 actum
1167 2268 1247 2290 cum
1277 2269 1319 2291 eo
1336 2258 1438 2297 velit,
1461 2257 1539 2290 dis-

110 2293 316 2341 tribuitque
347 2309 429 2331 eum
453 2309 497 2332 eo
528 2301 660 2341 modo,
689 2302 751 2347 qui
776 2301 948 2347 deinceps
974 2302 1122 2336 dicetur.
1170 2304 1300 2338 Comes
1323 2304 1540 2348 optimatum

112 2340 304 2375 ministerii
330 2345 501 2378 culinaris
525 2352 707 2391 praestare
731 2347 843 2381 debet
875 2350 970 2383 viros
998 2348 1170 2383 ducentos
1185 2375 1195 2391 ‚
1223 2361 1375 2395 quorum
1398 2355 1539 2393 partem

113 2385 302 2420 dimidiam
318 2399 435 2424 eomes
460 2392 594 2425 stabuli
609 2399 647 2426 et
669 2393 908 2428 chartularius
922 2397 999 2428 eius
1026 2397 1065 2428 iu
1089 2396 1195 2428 fidem
1219 2406 1414 2440 curamque
1438 2405 1539 2426 suam

113 2433 307 2477 accipiunt,
324 2437 538 2470 nominatim
556 2440 687 2483 scripto
710 2440 915 2484 designatos
928 2467 938 2480 ,
959 2452 1025 2485 pro
1045 2448 1189 2475 centum
1211 2442 1327 2486 equis,
1348 2441 1539 2486 quicoram

112 2479 331 2522 Imperatore
346 2481 538 2516 trahuntur
554 2490 592 2518 et
617 2485 874 2529 producuntur.
922 2487 1330 2532 Comitemloptimatum
1346 2498 1430 2519 vero
1458 2497 1540 2519 cum

112 2525 225 2558 altera
257 2525 472 2569 optimatum
494 2532 655 2564 centuria
678 2543 779 2565 suam
805 2534 845 2565 in
875 2532 981 2566 fldem
1007 2545 1203 2579 curamque
1226 2533 1409 2577 accipiunt
1431 2543 1534 2575 prae⁴

111 2570 227 2604 fectus
261 2581 404 2606 mensae
436 2578 474 2606 et
507 2574 722 2611 domesticus
755 2578 949 2612 ministerii
978 2579 1145 2613 culinaria
1179 2585 1217 2613 et
1237 2580 1395 2623 privatus
1421 2578 1538 2622 regius

112 2617 291 2650 cellarius.
338 2619 384 2652 Et
407 2618 535 2654 horum
570 2624 812 2666 posteriorum
836 2625 1017 2668 octoginta
1040 2625 1188 2672 quidem
1210 2625 1360 2658 trahunt
1382 2634 1478 2667 pone
1499 2635 1539 2658 se

110 2661 263 2696 totidem
288 2666 479 2708 sagmaria;
513 2667 646 2713 reliqui
673 2670 801 2714 viginti
834 2680 975 2714 gregem
998 2668 1210 2717 sequuntur.
1256 2671 1304 2703 Hi
1329 2670 1538 2713 optimum,

110 2719 256 2755 unaque
287 2720 367 2744 cum
398 2711 486 2756 ipsis
526 2714 737 2761 syntrophi,
770 2717 973 2761 accipiunt,
1006 2718 1227 2762 Imperatore
1260 2718 1300 2751 in
1346 2716 1539 2750 stationem‘
