1832 3112
276 90 364 130 Lvl
522 91 597 130 10.
637 89 800 131 HENR.
843 87 1042 130 LEICHII
1079 85 1476 131 COMMENTATlo

273 191 536 243 honoranda,
566 205 759 245 magnum
787 189 965 230 studium
993 191 1091 241 suit3
1119 190 1254 231 illatus
1274 198 1411 231 autem
1438 196 1510 230 est*
1525 189 1726 230 maiorm

275 247 460 300 sepulcro
478 250 520 287 in
538 247 690 300 templo
712 245 779 289 SS.
799 245 1003 299 Apostolis
1022 247 1154 286 dicato
1174 249 1217 298 ¹).
1274 247 1459 286 Fuerunt
1475 247 1519 284 in
1539 259 1588 285 eo
1607 259 1726 299 prae-

276 303 386 342 clara
413 304 575 343 virtutis
599 310 637 342 et
658 303 815 355 pietatis
843 309 1078 342 ornamenta
1094 331 1106 353 ,
1135 303 1214 341 Dei
1242 310 1282 341 et
1309 315 1518 342 sacrorum
1545 315 1729 341 reveren·

274 360 332 397 tia
363 373 519 398 summa
543 359 592 409 ²).
651 356 781 396 Multa
808 355 969 409 publice
995 372 1118 410 opera
1155 360 1324 409 struxit,
1364 360 1407 397 in
1433 357 1580 410 quibus
1611 356 1727 410 Apo-

276 414 474 453 stolorum
502 413 619 452 aedes
649 426 673 450 a
702 411 973 464 fundamentis
1001 413 1188 451 inchoata
1207 441 1220 463 ‚
1261 421 1300 452 et
1327 413 1367 454 S.
1395 413 1569 466 Sophiae
1597 426 1726 465 augu-

276 471 494 508 stissimum
521 467 716 520 templum
747 468 954 520 magnifice
980 469 1248 507 instauratum
1265 497 1278 518 ‚
1306 475 1599 507 memorantur.
1644 466 1730 506 Bal·

275 537 397 563 neum
419 527 460 563 in
478 525 659 562 Marinae
679 523 845 562 aedibus
864 552 875 572 ,
905 524 1045 576 ingens
1065 537 1166 575 opus
1183 553 1195 573 ‚
1223 537 1297 562 nec
1315 523 1481 563 inferius
1509 523 1702 562 Romanis
1714 552 1729 574 ‚

275 581 516 619 renovavit:
547 585 751 618 senectute
778 578 1010 632 morbisque
1037 579 1228 618 confectis
1266 579 1408 618 domos
1445 578 1730 632 amplissimas,

275 635 347 673 ubi
375 633 537 687 publico
563 640 699 673 sumtu
727 633 932 672 alerentur
949 664 961 685 ,
1002 636 1198 673 concessit
1219 649 1231 673 :
1273 633 1470 687 palatium
1510 633 1731 687 amplifica-

275 691 336 728 vit
353 690 410 740 3):
453 689 674 729 obeliscum
711 696 919 739 veterem,
959 703 1006 728 ex
1047 689 1234 742 Aegypto
1273 689 1514 739 advectum,
1543 691 1586 728 in
1614 689 1733 728 Circo

275 748 430 797 posuit,
460 752 706 797 manentque
734 746 818 784 eius
846 746 906 784 rei
925 752 1203 795 monumenta,
1233 744 1389 798 sculpta
1417 745 1545 795 saxis,
1575 750 1615 784 et
1641 757 1734 784 aere

275 801 409 853 prisco
428 801 472 855 ¹¹).
529 801 670 841 Muros
699 800 898 839 Nicaenos
915 829 927 852 ,
973 814 997 839 a
1024 800 1232 840 Saracenis
1267 813 1428 840 eversos
1446 829 1458 853 ,
1501 798 1647 839 collata
1686 813 1734 839 ex

371 945 460 974 nus,
491 932 609 1013 lilius
652 933 740 967 eius.
790 932 850 966 Sic
887 933 998 966 etiam
1036 933 1244 976 Anonymus
1282 931 1471 974 Barensis,
1529 931 1574 966 ad
1628 941 1736 978 quem

367 980 459 1013 haec
518 980 638 1014 isserit
665 979 835 1013 Camillus
865 981 1096 1024 Peregrinus:
1146 981 1283 1014 Noster·
1308 978 1511 1014 cedrenum
1540 979 1722 1025 sequitur,

362 1028 431 1073 qui
463 1028 740 1062 coronationem
781 1028 1020 1061 Constantini
1053 1034 1174 1061 aetate
1207 1027 1392 1072 septennis
1410 1025 1561 1072 factam
1592 1025 1724 1071 perlui-

371 1074 430 1107 bet
459 1082 541 1119 post
568 1075 698 1120 patrui
722 1073 950 1115 Alexandri,
981 1072 1112 1109 nedum
1139 1081 1223 1120 post
1246 1074 1369 1119 patris
1402 1073 1536 1107 Leonis
1564 1072 1724 1112 obitum,

368 1119 451 1154 'eam
489 1119 542 1154 ad
583 1132 720 1154 annum
754 1123 883 1155 retulit
915 1124 994 1167 9¹3·
1029 1121 1172 1168 sibique
1201 1132 1302 1155 nunc
1332 1129 1508 1154 constans
1549 1127 1731 1154 mortuum

371 1168 476 1200 illum
520 1167 615 1201 dicit
646 1168 724 1212 960.
769 1167 946 1202 inchoato
990 1179 1013 1200 a
1052 1167 1252 1214 Septembri
1286 1167 1490 1202 communis
1524 1165 1618 1200 anni
1649 1165 1731 1211 959.

369 1215 452 1255 (sie
477 1214 587 1249 etiam
615 1211 810 1247 dicendum
844 1213 888 1247 de
921 1215 1167 1249 coronatione
1193 1215 1272 1248 eius
1304 1225 1405 1247 anno
1432 1215 1543 1258 913.)
1593 1214 1734 1258 Quippe

372 1261 468 1294 obiit
507 1262 795 1300 Constantinus,
835 1269 874 1294 ιιι
910 1262 985 1306 ipse
1028 1270 1155 1302 notat,
1205 1258 1340 1294 Indict.
1369 1259 1440 1294 ΙΙΙ.
1481 1268 1518 1294 et
1552 1267 1595 1292 ut
1630 1265 1738 1292 notat

373 1306 585 1347 Cedrenus,
628 1306 687 1340 die
721 1307 788 1340 IX.
822 1308 1069 1348 Novembris,
1118 1308 1260 1341 scilicet
1293 1305 1484 1341 desinente
1523 1307 1598 1340 iam
1635 1304 1738 1339 dicto

375 1355 557 1388 communi
594 1366 698 1389 anno
728 1355 922 1401 959-‚qu0
956 1357 1071 1401 plane
1111 1355 1257 1388 calculo
1293 1355 1348 1388 uti
1393 1353 1454 1388 hic
1485 1361 1611 1388 noster
1635 1353 1739 1386 solet.

378 1400 565 1435 Cedrenus
601 1412 718 1440 vero,
761 1409 795 1434 et
835 1410 919 1447 post
959 1403 1066 1436 illum
1108 1402 1304 1447 Zonaras,
1343 1398 1493 1434 tradere
1537 1397 1739 1439 videntur,

375 1449 656 1482 Constantinum
682 1447 877 1493 imperasse
912 1461 991 1483 cum
1019 1456 1148 1493 patre,
1187 1456 1322 1492 patruo
1351 1454 1389 1481 et
1403 1455 1520 1482 matre
1546 1456 1666 1480 annos
1689 1446 1740 1480 13.

375 1495 550 1528 nimirum
581 1505 694 1538 usque
728 1493 780 1528 ad
801 1506 894 1539 919„
927 1496 1104 1543 quoniam
1133 1495 1273 1528 vixisse
1297 1493 1402 1527 illum
1427 1501 1599 1527 asserunt
1621 1503 1742 1526 annos

373 1542 444 1586 54„
471 1553 590 1575 annos
605 1540 748 1575 scilicet
774 1541 879 1576 vitae
904 1551 940 1576 et
972 1542 1120 1588 imperii
1146 1538 1425 1587 corffundentes.
1474 1540 1580 1585 Quae
1605 1537 1742 1572 doctis-

373 1588 457 1622 simi
482 1588 552 1621 viri
581 1589 764 1621 sententia
793 1589 904 1633 magis
935 1587 1026 1621 mihi
1058 1587 1256 1633 probatur,
1280 1597 1389 1632 quam
1421 1586 1484 1619 illa
1514 1585 1636 1629 Pagii,
1674 1583 1742 1630 qui

373 1634 545 1668 ultimum
566 1634 796 1668 Constantini
817 1646 955 1668 annum
984 1646 1088 1668 aerae
1109 1635 1268 1678 vulgaris
1286 1632 1601 1678 nongentesimum
1630 1632 1742 1677 quin-

375 1682 624 1728 quagesimum
657 1686 844 1722 octavum,
869 1682 1110 1716 indictionem
1136 1682 1312 1726 primam,
1336 1691 1438 1721 esse,
1464 1677 1665 1713 contendit.
1701 1678 1741 1711 si

373 1729 474 1761 enim
505 1733 611 1761 natus
643 1726 722 1772 ipse
758 1733 814 1762 est
843 1739 938 1762 anno
975 1730 1076 1773 905„
1101 1726 1427 1773 quinquagesimus
1456 1732 1604 1774 quartus
1638 1729 1740 1758 aeta-

372 1777 422 1808 tis
456 1780 551 1808 certe
582 1776 621 1808 in
652 1786 789 1808 annum
827 1776 908 1821 959.
938 1780 1003 1808 aut
1025 1774 1148 1820 potius
1176 1776 1256 1820 960.
1285 1775 1501 1814 ineuntem,
1543 1770 1742 1806 secundum

376 1821 597 1855 Graecorum
630 1827 864 1866 computum,
890 1822 1041 1863 incidit,
1079 1833 1159 1855 cum
1193 1819 1389 1855 Novembri
1419 1830 1545 1854 mense
1574 1818 1742 1853 decesse-

375 1869 434 1900 rit.
486 1867 656 1901 Ceterum
693 1868 913 1912 scriptores,
964 1868 1242 1901 Constantinum
1279 1865 1455 1900 tredecim
1504 1877 1618 1899 annos
1646 1875 1742 1898 eum

376 1914 503 1948 Leone
542 1924 732 1959 regnasse,
764 1915 1046 1954 contendentes,
1091 1919 1254 1957 tempora
1287 1924 1362 1946 non
1396 1911 1629 1954 confudisse,
1676 1911 1743 1945 sed

376 1960 423 1993 ab
448 1971 491 1994 eo
520 1972 638 1999 anno,
667 1970 738 2004 quo
755 1960 822 1994 ·ah
854 1961 1051 2004 Euthymio
1086 1959 1292 2005 patriarcha
1314 1963 1507 1993 coronatus
1536 1959 1631 2001 fuit,
1670 1970 1743 1992 nu-

380 2017 538 2040 merasse
579 2006 759 2041 videntur.
938 2043 940 2045 ‚

315 2051 351 2097 ι)
376 2053 584 2087 Continuat.
625 2052 791 2097 Theoph.
827 2065 862 2098 p.
879 2064 960 2098 292.
1007 2052 1166 2086 Banduri
1197 2053 1393 2097 Imperium
1437 2052 1602 2087 orientis,
1636 2051 1679 2086 Τ.
1711 2050 1740 2086 I.

378 2113 414 2146 p.
433 2112 506 2134 παι.
584 2103 623 2140 2)
636 2100 721 2133 Eius
745 2101 841 2134 enim
859 2104 978 2135 aetate
989 2100 1022 2133 S.
1039 2100 1206 2144 Gregorii
1228 2100 1408 2146 reliquiae
1433 2099 1612 2134 Nazianzo
1641 2096 1742 2132 Con-

379 2146 645 2190 stantinopolin
683 2146 870 2180 traductae
891 2151 985 2180 sunt.
1011 2146 1053 2180 V.
1071 2146 1228 2180 Graecus
1246 2147 1401 2191 scriptor
1433 2158 1476 2180 ex
1494 2145 1620 2180 codiee
1637 2144 1742 2179 ducis

381 2193 586 2228 sabaudiae
618 2193 658 2226 in
686 2193 763 2226 Act.
800 2194 859 2227 SS.
894 2193 941 2227 ad
966 2192 1001 2226 d.
1032 2206 1064 2238 9.
1113 2193 1202 2226 Maii
1242 2192 1362 2226 editus
1393 2204 1428 2239 p.
1464 2193 1546 2237 448.
1586 2203 1665 2237 sqq.
1705 2191 1740 2225 S.

382 2242 494 2274 etiam
533 2240 679 2274 Ioannis
719 2250 847 2273 manus
874 2240 913 2274 in
936 2240 1114 2284 palatium
1140 2240 1211 2273 ritu
1236 2240 1381 2272 solenni
1415 2239 1520 2273 illata
1550 2243 1614 2272 est.
1649 2237 1742 2272 Aeta

381 2288 443 2321 SS.
473 2287 520 2321 ad
549 2287 582 2321 d.
623 2298 677 2332 29.
709 2286 871 2331 Augusti.
947 2287 984 2329 3)
1009 2286 1175 2330 Theoph.
1203 2284 1348 2320 Contin.
1373 2297 1409 2330 p.
1433 2287 1511 2320 280.
1538 2284 1619 2328 284.
1699 2285 1740 2328 4)

382 2334 562 2368 Graecum
578 2342 719 2366 carmen
742 2335 882 2367 colosso
904 2333 1118 2378 inscriptum
1143 2332 1345 2367 Bandurius
1363 2333 1635 2378 Antiquitatum
1648 2329 1738 2364 CSP.

381 2380 422 2417 L.
443 2392 477 2427 p.
497 2382 572 2416 ι8ι.
592 2380 722 2417 edidit,
737 2380 802 2413 ubi
823 2391 966 2414 versum
988 2380 1187 2414 secundum
1211 2384 1248 2412 et
1267 2384 1481 2425 sequentem
1495 2379 1549 2413 ita
1577 2376 1740 2412 adduxit:

553 2446 601 2453 —-
622 2445 669 2452 --
689 2427 983 2464 Κωνσταντῖνος
1014 2429 1087 2461 νῦν
1123 2424 1306 2467 δεσπότης

553 2465 609 2508 Οὗ
638 2471 836 2518 εΡωμοινός
859 2479 950 2511 παῖς
974 2471 1065 2513 δόξα
1088 2472 1154 2510 τῆς
1186 2472 1442 2515 σκηπτουχίας

553 2522 740 2564 Κρεῖττον
770 2525 948 2565 νεουργεῖ
973 2524 1039 2562 τῆς
1061 2518 1181 2554 πάλαι
1209 2521 1388 2564 θεωρίας.

384 2567 439 2599 Ita
461 2566 675 2601 Bandurius.
727 2566 774 2601 At
807 2568 972 2611 Gyllius,
997 2569 1062 2615 qui
1099 2566 1144 2600 de
1173 2565 1301 2599 eodem
1334 2565 1374 2599 in
1403 2563 1658 2610 Topographie
1672 2564 1741 2597 Ur·-

383 2612 442 2647 bis
476 2613 514 2645 L.
546 2613 594 2649 11.
632 2626 662 2652 c,
698 2628 748 2652 ια,
788 2615 911 2650 multis
937 2615 1032 2660 agit,
1065 2614 1117 2646 ita
1149 2612 1318 2647 exhibet:
1354 2614 1643 2647 Κωνσῐαντῖνος
1680 2607 1741 2642 δε-

387 2658 527 2704 σπότης
561 2660 580 2694 ό
601 2662 796 2710 Ῥωμαμοῦ
828 2666 943 2702 παῖς,
983 2666 1024 2705 us.
1057 2658 1209 2696 dubium
1237 2661 1310 2701 sit,
1351 2670 1472 2695 annon
1507 2657 1690 2692 obeli-eu·
1720 2667 1741 2691 a
