1878 3112
295 127 414 193 604
522 176 524 178 ,
570 143 928 186 CONSTANTm
989 142 1475 184 rourumoomm

265 209 284 233 0

274 248 553 303 ’βρουμαλίου
603 244 853 299 βασιλικίοις
905 240 1127 300 ᾀδομένοις
1176 243 1446 301 οἷντιφώνως,
1493 246 1762 300 διέρχονταα·

256 309 565 367 Βπληρούντων
599 308 682 365 γάρ
721 311 804 351 τῶν
845 312 1090 366 μαγίστρων
1133 308 1240 363 μετὰ
1282 313 1358 366 τῆς
1398 306 1540 354 α’ὖτῶν
1576 310 1749 367 τάξεως,

293 373 496 433 ἄρχονται
532 374 571 417 οἱ
609 377 688 417 τοῦ
732 378 1052 430 κουβουκλειόυ.
1104 372 1195 418 εἶτα
1235 379 1319 418 τῶν
1347 379 1426 419 τοῦ
1450 379 1746 432 κουβουκλείου

292 441 559 499 πληρούντων
586 440 695 495 μετὰ
725 443 798 497 τῆς
825 438 966 484 αὐτῶν
996 441 1175 495 τάξεως,
1208 438 1412 498 ἄρχονται
1440 442 1480 486 οἱ
1508 440 1748 488 ἀνθύπατοι

292 506 502 563 πατρίκιοι
528 506 579 549 τὰ
602 506 693 550 ἴδια
720 509 862 550 αὐτῶν
885 509 962 549 τοῦ
989 511 1251 564 βρουμαλίου
1281 511 1497 562 βασιλίκια
1525 510 1776 553 nabutha&

293 574 547 629 πληροῦσιν,
587 573 647 623 ὥς
671 575 944 630 προείρηται,
983 572 1093 628 μετὰ
1124 576 1197 629 τῆς
1226 575 1366 617 αὐτῶν
1393 574 1568 626 τάξεως.
1626 578 1673 619 ἐν
1701 578 1752 619 δὲ

293 642 348 697 τῇ
390 641 567 697 δευτέρᾳ
608 639 724 690 τάξει
773 641 1035 694 εἰσέρχονται
1073 639 1112 682 οἱ
1146 643 1228 682 τῶν
1265 640 1490 696 ταγμάτων
1525 636 1765 698 ἄρχοντες·-

293 707 377 748 τῶν
409 707 600 760 σχολῶν,
631 707 708 748 τοῦ
742 706 932 760 ἀριθμοῦ
946 739 959 758 ,
1002 706 1086 748 τῶν
1110 706 1324 762 νουμέρων
1347 707 1392 749 ἐν
1414 709 1493 765 μιᾷ
1515 705 1653 759 veiga·
1710 704 1752 749 οἱ

278 774 344 814 ,δὲ
369 773 452 814 τῶν
481 770 772 825 ἐξσκουβίτων,
821 770 861 812 οἱ
890 769 1078 814 ἱκανάτοι
1108 770 1180 813 καί
1211 771 1250 813 οἱ
1278 773 1354 814 τοῦ
1384 775 1606 826 βασιλικοῦ
1634 775 1753 816 πλοῖἑ-

295 854 378 891 μου
407 840 453 880 ἐν
476 835 600 895 ἑτέρᾳ
626 836 761 888 τάξει.
822 832 938 879 οὗτοι
967 839 1014 878 δὲ
1041 837 1193 888 πάντες
1228 839 1273 880 ἐν
1311 840 1368 896 τῷ
1398 838 1559 896 σαξᾴιῳ
1586 838 1817 893 λαμβά-ια

263 914 446 948 (Ξνουσιν
474 902 590 958 παρὰ
626 903 699 944 τοῦ
732 900 805 944 ἐπὶ
832 904 1145 961 τῆς-,τραπέζης
1177 899 1430 957 ἆποκόμβια,
1466 903 1764 960 εὐφημοῦντες.

298 971 374 1011 καί
401 966 680 1023 ἐπευχόμενοι
707 968 783 1011 τὸν
810 972 991 1023 βασιλέα
1023 971 1095 1011 καί
1119 967 1194 1025 τήν
1223 971 1298 1012 τοῦ
1325 971 1588 1026 βρουμαλιόυ
1617 967 1754 1012 azizos?

301 1036 444 1077 αἷσιάν
482 1033 663 1090 ἡμέραν.
731 1036 866 1078 ἰστέον
876 1070 890 1089 ,
945 1032 1004 1078 ὅτι
1039 1037 1113 1078 ἐπὶ
1145 1038 1333 1086 Λέοντος
1363 1039 1442 1078 τοῦ
1476 1039 1754 1093 φιλοχρίστου

245 1136 251 1143 .
301 1099 504 1143 δεσπότου
535 1098 732 1155 §runai-927
763 1098 922 1151 οὕτως.
977 1102 1030 1158 τῇ
1060 1101 1264 1158 ἐπαύριον
1298 1102 1375 1143 τοῦ
1412 1103 1680 1159 βρουμαλίου
1713 1101 1754 1144 ἴ·-

300 1182 428 1210 στατο
462 1164 541 1219 μία
577 1164 763 1223 τράπεζα
797 1168 842 1208 ἐν
877 1168 935 1223 τῷ
960 1166 1241 1224 ἆριστητηρίῳ
1267 1168 1496 1223 οἰκειοτέρα
1518 1166 1589 1210 διὰ
1623 1169 1812 1223 massiva

299 1232 374 1275 καί
395 1230 446 1275 τὰ
472 1231 617 1287 ἐγγὺς,
650 1234 696 1274 ἐν
719 1227 747 1289 ᾗ
773 1234 1004 1288 συνηστίων
1030 1235 1088 1290 τῷ
1111 1231 1277 1291 μεγάλῳ
1302 1236 1476 1287 βασιλεῖ
1493 1231 1532 1275 οἶ
1557 1232 1763 1288 συνήθώς.

104 1298 418 1356 Με.αο5.1>αὖτῷ
441 1298 787 1352 συνεστιώμενοι,
821 1297 1007 1352 μάλιστα
1033 1299 1176 1340 οἰκεῖοι
1201 1299 1274 1340 καί
1295 1304 1504 1353 συγγενεῖς
1530 1299 1606 1340 τοῦ
1627 1301 1754 1353 βασι-

295 1366 414 1418 λέως,
446 1364 692 1419 μάγιστροι,
729 1363 1022 1420 πραιπόσιτοι,
1053 1360 1289 1406 ἀνθύπατοι
1332 1363 1543 1420 πατρίκιοι
1581 1365 1655 1406 καί
1691 1365 1754 1407 οἶ-

302 1434 408 1471 κεῖοι
435 1428 812 1485 πρωτοσπαθιέριοι
847 1429 920 1472 καί
946 1427 1066 1472 ἄλλοι
1092 1432 1201 1480 τινὲς
1232 1429 1412 1484 γνωστοὶ
1432 1432 1508 1473 τοῦ
1534 1430 1766 1484 βασιλέως.

302 1497 349 1538 ἐν
376 1497 424 1537 δὲ
447 1495 507 1553 τῷ
530 1495 788 1553 περιβλέπτῳ
815 1499 1007 1553 τρικλίνῳ
1035 1498 1113 1538 τοῦ
1135 1495 1434 1540 Ἰουστινιανοῦ
1459 1495 1604 1538 ἵστατο
1630 1491 1810 1551 {reomao

256 1560 490 1619 Βτράπεζα
519 1559 591 1604 διὰ
618 1563 663 1613 ἓξ
690 1564 764 1605 καί
788 1561 841 1604 τὰ
872 1560 995 1617 ἐγγύς
1034 1561 1290 1617 οἷπόκοπτὸν,
1343 1563 1389 1605 ἐν
1420 1556 1452 1620 ᾗ
1478 1561 1706 1612 ἐκαθέζετο
1730 1560 1757 1602 ὅ

308 1715 440 1744 stratus
465 1711 604 1745 intrant
628 1710 775 1756 quidem
802 1711 912 1744 simul
936 1722 1059 1745 omnes
1086 1711 1124 1744 in
1149 1711 1346 1750 saximnm,
1371 1714 1409 1743 et
1433 1708 1626 1744 ordiuntur
1648 1707 1758 1742 simul

308 1769 433 1792 omnes
467 1759 694 1802 tripudium3
718 1763 756 1791 at
780 1758 844 1791 ubi
878 1757 923 1791 ad
951 1757 1176 1794 concinenda
1208 1760 1398 1803 poemata,
1420 1753 1490 1790 hoc
1513 1753 1770 1792 est'basilicia-

306 1805 501 1846 brumam,
526 1810 738 1849 perventum
767 1811 844 1846 cst,
875 1817 950 1838 non
977 1816 1093 1849 aeque
1124 1810 1260 1842 canunt
1289 1814 1414 1837 omnes
1437 1803 1568 1843 simul,
1592 1801 1674 1843 sed,
1698 1813 1758 1836 se-

310 1863 411 1885 cessu
426 1853 534 1893 sacto,
554 1864 618 1897 per
636 1853 765 1885 classes
781 1857 818 1885 et
828 1851 1058 1897 antiphonias
1077 1852 1307 1885 alternantes.
1333 1850 1372 1884 E.
1387 1860 1417 1887 c.
1434 1849 1581 1895 quando
1597 1847 1757 1893 magistri

312 1905 350 1933 et
368 1901 431 1944 qui
449 1898 495 1931 ad
527 1911 648 1934 eorum
667 1900 814 1932 classem
839 1900 1026 1944 pertinent
1039 1897 1201 1932 canendo
1222 1908 1326 1930 suum
1339 1908 1490 1942 pensum
1503 1896 1767 1936 absolverunt,

311 1950 400 1979 tune
413 1946 596 1990 incipiunt
610 1945 825 1980 cubicularii
839 1951 877 1986 ct
887 1947 951 1991 qui
975 1945 1020 1978 ad
1035 1955 1159 1978 eorum
1173 1945 1320 1978 classem
1335 1943 1532 1988 pertinent.
1557 1942 1622 1976 nis
1635 1953 1757 1977 rursus

312 1991 576 2032 desinentibus,
599 1994 782 2036 incipiunt
803 1993 1036 2037 proconsules
1061 1992 1202 2036 patricii
1240 1996 1276 2024 et
1301 1990 1347 2023 ad
1373 1990 1477 2023 illam
1501 1990 1648 2022 classem
1671 1998 1756 2032 spe-

313 2044 452 2073 ctantes
480 2039 645 2073 basilicia
670 2039 839 2072 brumalii
863 2039 934 2073 sibi
961 2040 1104 2085 propria
1120 2049 1260 2074 canere.
1283 2036 1528 2082 Postprimam
1551 2035 1644 2068 hanc
1664 2036 1756 2068 clav-

311 2096 387 2118 sem
402 2097 590 2130 procerum
615 2087 727 2119 intrat
745 2087 783 2118 in
800 2088 975 2119 saximum
999 2084 1155 2118 secunda
1179 2084 1300 2117 classis
1323 2085 1594 2129 magistratuum
1618 2086 1757 2127 tagma—

313 2136 391 2165 tum
418 2143 481 2166 seu
507 2132 676 2166 ordinum
701 2133 936 2173 militarium,
961 2137 1002 2165 ut
1027 2131 1229 2164 scholarum
1244 2155 1254 2171 ,
1279 2130 1425 2163 arithmi
1450 2135 1489 2162 et
1510 2139 1756 2168 numerorum,

314 2178 425 2211 simul
448 2184 486 2211 et
508 2179 549 2212 in
573 2190 646 2213 uno
670 2190 840 2223 corpore:
866 2179 906 2211 in
926 2179 1040 2212 altero
1065 2182 1184 2210 autem
1198 2187 1349 2220 corpore
1368 2177 1508 2210 intrant
1529 2177 1758 2221 magistratus

315 2224 589 2266 excubitorum,
614 2226 863 2258 hicauatorum
889 2230 926 2258 et
951 2224 1152 2270 imperialis
1187 2223 1316 2268 plo'imi
1340 2234 1404 2256 seu
1429 2223 1584 2256 militiae
1608 2222 1758 2256 navalis.

314 2272 365 2306 Hi
390 2282 513 2306 omnes
554 2273 737 2316 accipiunt
771 2273 818 2314 in.
847 2271 982 2304 saximo
1019 2270 1232 2314 apocombia
1255 2281 1320 2315 per
1343 2280 1488 2303 mensae
1516 2269 1759 2316 praefectum,

314 2317 562 2365 laudibusque
587 2324 624 2351 et
649 2319 744 2351 votis
772 2318 966 2351 Dominum
992 2317 1223 2361 faustumque
1249 2322 1359 2362 atque
1375 2317 1563 2350 solennem
1587 2315 1760 2350 brumalii

316 2366 365 2400 ab
391 2365 470 2410 ipso
497 2365 671 2398 celebrati
698 2364 796 2398 diem
822 2369 1103 2410 prosequuntur,
1149 2363 1225 2396 Sub
1250 2363 1373 2396 Leone
1398 2362 1582 2396 Christum
1613 2367 1761 2396 amante

313 2413 473 2447 Domino
498 2417 604 2457 typus
630 2411 822 2445 obtinebat
851 2410 921 2444 hic.
977 2411 1100 2444 Altero
1139 2410 1403 2443 brumaliorum
1428 2409 1489 2443 die
1515 2409 1764 2444 collocabatur

316 2461 358 2494 in
383 2459 571 2505 pransor-io
603 2470 675 2492 una
711 2468 833 2491 mensa
865 2459 1007 2503 privata
1039 2468 1105 2501 pro
1135 2457 1253 2490 tribus
1289 2457 1364 2490 fere
1392 2457 1573 2494 missibus.
1622 2457 1672 2490 Eo
1698 2455 1764 2490 dio

316 2507 372 2540 ibi
398 2506 682 2539 convivabantur
705 2506 860 2538 maximo
884 2505 1095 2550 Imperatori
1118 2505 1290 2537 convivae
1314 2503 1508 2544 ordinarii,
1533 2503 1760 2548 potissimum

316 2554 520 2587 familiares
543 2553 744 2587 intimiores
769 2557 807 2584 et
831 2551 1003 2584 affinitate
1028 2551 1143 2584 iuncti
1156 2550 1337 2594 magistri,
1363 2551 1583 2596 praepositi,
1605 2561 1762 2595 procon-

318 2601 415 2633 sules
436 2601 581 2644 patricii
606 2605 642 2633 et
664 2599 793 2643 privati
821 2597 1129 2644 protospatharii,
1154 2598 1292 2643 aliique
1314 2597 1461 2642 quidam
1485 2598 1565 2630 noti
1589 2602 1627 2630 et
1650 2596 1768 2629 amici-

318 2648 544 2692 Imperatori.
603 2647 645 2680 In
676 2646 810 2678 illustri
843 2651 965 2678 autem
1000 2645 1192 2678 Iustiniani
1231 2645 1393 2677 triclinio
1418 2644 1663 2678 collocabatur
1686 2643 1760 2676 alia

318 2694 458 2738 privata
479 2704 601 2726 mensa
626 2705 690 2738 pro
717 2703 778 2726 sex
811 2697 874 2724 aut
900 2691 1159 2736 propemodum
1183 2691 1369 2733 missibus;
1405 2690 1589 2724 assidebat
1613 2689 1668 2723 ibi
1686 2690 1759 2722 Im-

319 2745 466 2785 perator
489 2741 612 2775 iunior
642 2738 872 2787 [Alexander]
901 2744 936 2782 ct
961 2738 1095 2785 reliqui
1119 2738 1279 2782 magistri
1294 2763 1303 2780 ‚
1328 2737 1579 2783 proconsules,
1602 2735 1762 2782 patricii,
