1832 3112
300 73 375 140 24
581 88 938 133 cossi-mmm
979 89 1463 134 PORPHYROGENiTi

131 193 437 242 Mu.29.a>wva3v
473 193 547 235 καὶ
595 192 724 242 αὐτὸς
762 192 1079 247 σχηματοειδῶς
1119 194 1207 242 πῶς
1255 192 1357 243 τούς
1401 191 1630 249 δεσπότας,
1671 193 1745 237 καὶ

304 254 438 307 οὕτως
463 257 571 312 μετὰ
598 260 671 314 τῆς
700 260 836 309 δεξιᾶς
862 255 1008 314 χειρὸς
1036 254 1240 308 &mamm
1267 257 1412 314 κρούει
1430 258 1490 302 ’τὰ
1520 258 1596 301 δύο
1621 260 1746 316 βῆλα.

301 322 341 366 οἱ
379 326 427 366 δὲ
454 323 721 380 σιλεντιάριοι
758 323 936 378 σύρουσι
976 325 1107 377 διχῶς
1133 324 1188 365 τὰ
1226 325 1362 379 βῆλα,
1406 321 1492 368 οἷον
1531 325 1647 383 δεξιᾷ
1671 325 1747 367 καὶ

303 386 524 447 ἆριστερᾷ,
563 391 635 431 καί
662 389 900 443 εἰσέρχεται
927 385 949 430 ὅ
979 388 1280 445 πραιπόσιτος,
1307 391 1666 446 προπορευόμενος
1691 392 1746 447 τῇ

302 454 419 506 τάξει
447 457 529 496 τῶν
555 470 599 496 τε
626 455 868 508 μαγίστρων
894 456 968 495 καί
993 451 1270 508 ἀνθυπάτων,
1297 450 1426 510 ἤγουν
1451 456 1533 498 τῶν
1561 456 1770 512 φορούνοό

303 538 387 563 των
415 519 512 568 τοὺς
551 518 715 561 δώδεκα
750 517 1104 575 χρυσοῦφάντους
1131 518 1305 576 λοόρους.
1369 520 1442 564 καὶ
1467 521 1488 563 ὅ
1514 523 1594 576 μὲν
1619 537 1747 578 πραι-

304 585 472 634 πόσιτος
500 586 667 628 ἵσταται
694 586 753 634 εἰς
782 583 855 627 τὸν
884 584 993 628 ἴδιον
1020 583 1176 639 τόπον,
1222 584 1377 638 ὁμοίως
1413 589 1486 630 καί
1523 585 1562 629 οἱ
1579 586 1748 638 ,ὅστιά-

305 668 388 708 ριοι
417 653 606 693 ἵστανται
633 654 692 700 εἰς
719 649 819 700 τούς
846 652 979 701 ἰδίους
1005 651 1181 704 τόπους,
1224 649 1263 693 οἱ
1293 652 1340 694 δὲ
1365 650 1589 708 μάγιστροι
1611 654 1684 694 καί
1708 651 1747 694 οἶ

304 716 446 761 λοιποὶ
473 714 733 769 ἀσπάζονται
761 715 865 758 κατὰ
901 718 1032 758 τύπον
1060 723 1148 765 τοῖς
1177 714 1408 767 δεσπόταις·
1475 718 1642 771 πρῶτον
1667 720 1748 771 μὲν

304 789 390 833 τοῖς
417 783 556 825 αὐτῶν
583 781 755 838 γόνασι,
799 781 944 824 ἔπειτα
983 784 1056 824 καί
1081 788 1175 831 ταῖς
1200 785 1370 838 χερσῖν,
1411 784 1484 825 καὶ
1509 779 1589 825 εἶθ’
1617 779 1804 834 οὗτωςιο

274 850 366 907 Βτῷ
393 847 595 902 στόματι,
645 850 717 891 καί
743 850 936 890 ἵστανται
964 849 1078 906 δεξιᾷ
1117 847 1190 889 καὶ
1216 845 1417 907 ἀριστερᾷ
1456 848 1564 892 κατὰ
1587 847 1665 898 τὰς
1687 850 1750 891 οἶ-

305 917 417 965 κείας
444 914 596 966 τάξεις.
631 916 670 970 (
684 915 794 971 ΙΘ.)
826 913 922 956 Καὶ
957 913 1083 956 πάλιν
1110 915 1323 969 ἐξέρχεται
1350 914 1374 956 ὅ
1411 914 1678 971 πραιπόσιτος
1705 915 1750 957 ἐν

305 981 363 1038 τῷ
395 979 506 1037 αὐτῷ
535 979 723 1035 σχήματι
748 978 857 1032 μετὰ
882 980 964 1021 τῶν
993 975 1130 1022 αὖτῶν
1159 979 1404 1036 ὄστιαρίων,
1442 982 1514 1023 καί
1542 981 1751 1035 εἰσέρχον-

307 1061 380 1087 ται
405 1043 531 1087 πάλιν
574 1044 613 1086 οἱ
641 1043 716 1086 δύο
757 1042 965 1100 ὄστιάριοι
1003 1045 1145 1096 καθώς
1184 1044 1452 1102 προείρηται,
1492 1048 1565 1088 καὶ
1597 1047 1758 1102 ἐνεργεῖ

309 1108 332 1152 ὃ
362 1112 561 1169 ἀριστερᾷ
596 1109 816 1165 ἱστάμενος
855 1107 1063 1168 ὂστιάριος
1101 1111 1244 1161 καθώς
1278 1110 1351 1153 καὶ
1383 1110 1406 1154 ὅ
1446 1111 1506 1161 εἷς
1539 1109 1592 1155 τοὶ
1623 1109 1805 1164 δεξιὰ,ιό

309 1173 436 1234 ἤγουν
477 1177 534 1226 ὥς
583 1177 909 1232 προγέγραπται,
981 1176 1054 1220 καί
1095 1177 1330 1232 εἰσάγονται
1362 1175 1465 1220 κατὰ
1503 1175 1549 1220 τό
1586 1178 1753 1234 πρῶτον

309 1245 454 1298 σχῆμα
483 1240 678 1299 δεύτερον
701 1245 851 1299 βῆλον,
881 1245 925 1286 οἵ
948 1260 992 1286 τε
1019 1243 1254 1286 ἀνθύπατοι
1295 1244 1369 1286 καὶ
1402 1242 1613 1300 πατρίκιοι
1647 1241 1752 1296 μετὰ

310 1311 394 1352 τῶν
421 1304 585 1350 ἑαυτῶν
623 1310 838 1364 καμησίων
877 1311 948 1352 καὶ
973 1312 1056 1351 τῶν
1100 1311 1258 1351 λευκῶν
1285 1308 1581 1365 χρυσοτάβλων
1603 1313 1754 1363 χλανι-

314 1374 427 1427 δίων,
452 1372 525 1415 καὶ
550 1369 808 1425 ἀσπάζονται
836 1377 909 1417 καί
934 1374 1060 1416 αὐτοὶ
1084 1375 1182 1425 τούς
1209 1376 1440 1430 δεσπότας,
1469 1377 1544 1418 καί
1566 1376 1754 1418 ἵστανται

312 1442 426 1498 δεξιᾷ
460 1438 532 1481 καί
571 1439 772 1496 ἀριστερᾷ
797 1439 995 1483 ὑποκάτω
1023 1442 1108 1483 τῶν
1148 1440 1390 1497 φορούντων
1432 1438 1531 1491 τοὺς
1565 1441 1808 1497 χρυσοῦςαο

279 1506 493 1562 Ολώρους.
557 1506 631 1548 καί
671 1505 796 1548 πάλιν
834 1507 1046 1562 ἐξέρχεται
1087 1505 1111 1548 ὅ
1149 1504 1420 1562 πραιπόσιτος
1459 1509 1504 1548 ἐν
1541 1507 1599 1563 τῷ
1637 1502 1753 1563 αὖτῷ

312 1571 502 1628 σχήματι
532 1571 674 1622 καθώς
719 1574 791 1615 καί
817 1573 1081 1628 προείρηται,
1126 1574 1199 1615 καὶ
1224 1571 1380 1626 εἰσάγει
1405 1571 1439 1626 γ’
1465 1573 1618 1626 βῆλον,
1656 1569 1754 1620 τοὺς

312 1639 716 1694 πρωτοσπαθαρίους
743 1637 816 1680 καὶ
841 1635 1164 1695 ὄφφικιαλιόυς,
1193 1637 1266 1680 καί
1290 1634 1547 1689 ἀσπάζονται
1573 1634 1646 1678 καὶ
1674 1636 1754 1678 αὖ-

313 1702 381 1747 voc*
411 1702 509 1753 τοὺς
537 1701 761 1758 δεσπότας,
787 1699 868 1748 ’καὶ
890 1705 1081 1746 ἵστανται
1107 1705 1181 1746 καί
1205 1702 1327 1746 αὖτοί
1353 1703 1466 1760 δεξιᾷ
1491 1702 1563 1744 καὶ
1587 1702 1755 1758 α’ριστε-

409 1796 440 1830 5.
462 1795 537 1827 τῶν
561 1792 602 1828 δὲ
620 1807 660 1840 μ.
687 1794 742 1828 ed.
865 1795 916 1830 18.
941 1793 1149 1840 χλανιδίων
1173 1795 1213 1829 Β.
1232 1805 1278 1832 ex
1299 1805 1364 1830 scr.
1390 1793 1467 1829 cod.
1491 1793 1605 1840 χλανι
1628 1803 1755 1839 auper-

407 1842 540 1886 scripto
566 1841 618 1882 A„
642 1839 831 1886 χλανίδων
852 1841 910 1880 ed.

317 1935 430 1972 tutus,
457 1931 627 1965 decenter
649 1942 767 1965 coram
793 1931 961 1965 Dominis
981 1931 1200 1976 procumbit,
1225 1931 1372 1976 duoque
1401 1930 1479 1964 vela
1503 1928 1630 1963 dextra
1648 1939 1756 1964 manu

318 1983 414 2011 retro
442 1979 571 2022 pulsat.
615 1978 816 2011 Silentiarii
838 1983 956 2011 autem
980 1979 1174 2022 utrimque,
1201 1977 1424 2011 dextrorsum
1450 1977 1590 2009 scilicet
1610 1982 1647 2009 et
1665 1976 1757 2009 sini·

318 2030 502 2065 strorsum‚
525 2025 603 2059 vela
624 2023 821 2064 reducunt,
845 2030 882 2057 et
902 2025 1013 2057 intrat
1028 2025 1265 2068 praepositus,
1290 2035 1355 2069 pro
1378 2023 1534 2056 muneris
1561 2023 1618 2056 sui
1635 2021 1756 2068 digni-

318 2075 393 2103 tate
442 2072 628 2115 magistros
658 2076 695 2103 et
727 2071 957 2115 proconsules
993 2081 1056 2103 seu
1092 2069 1284 2103 duodecim
1308 2071 1384 2103 lora
1413 2081 1499 2103 auro
1523 2069 1663 2103 intexta
1690 2080 1756 2114 ge-

319 2121 454 2150 stantes
501 2117 730 2162 praecedens.
793 2118 838 2150 Et
859 2117 888 2149 is
910 2115 1058 2162 quidem
1095 2128 1209 2161 aeque
1239 2127 1280 2149 ac
1308 2117 1448 2150 ostiarii
1479 2116 1559 2149 loco
1583 2127 1648 2150 suo
1671 2120 1756 2156 stat,

317 2163 478 2208 magistri
511 2174 592 2196 vcro
616 2175 656 2196 ac
689 2163 822 2208 reliqui
847 2163 1020 2196 Dominos
1054 2168 1095 2196 ut
1123 2174 1199 2196 mos
1247 2168 1302 2196 est
1334 2163 1558 2196 osculantur:
1600 2163 1757 2207 primum

320 2209 467 2254 quidem
489 2221 604 2255 genua
623 2221 757 2250 eorum,
781 2208 914 2243 deinde
933 2221 1080 2251 manus,
1105 2215 1231 2254 postea
1250 2221 1307 2249 os,
1337 2209 1535 2255 dextraque
1556 2213 1594 2242 et
1610 2209 1758 2242 sinistra

320 2256 515 2290 secundum
542 2256 706 2290 ordinem
731 2268 835 2289 suum
875 2255 1028 2290 adstant.
1095 2255 1238 2302 (xlx.)
1272 2255 1409 2288 Eodem
1442 2255 1550 2289 modo
1566 2255 1755 2299 praeposi-

319 2308 378 2336 tus
406 2314 486 2335 cum
515 2304 671 2336 ostiariis
694 2303 781 2348 ipsis
813 2304 947 2336 iterum
983 2301 1180 2347 egreditur,
1213 2313 1254 2334 ac
1284 2302 1404 2336 denuo
1441 2301 1512 2334 duo
1540 2301 1679 2335 ostiarii
1714 2305 1756 2335 ut

321 2361 428 2393 supra
451 2349 586 2383 dictum
621 2355 675 2383 est
710 2351 858 2390 intrant,
885 2355 923 2383 et
944 2350 1108 2382 ostiarius
1128 2349 1177 2382 'ad
1197 2348 1330 2381 laevam
1349 2348 1584 2389 constitutus,
1622 2347 1756 2388 omnia,

323 2407 414 2441 quae
438 2395 483 2429 de
513 2397 626 2429 altero
654 2396 932 2436 observavimus,
961 2396 1107 2440 peragit.
1156 2394 1293 2428 Eodem
1320 2406 1391 2440 quo
1418 2395 1572 2438 primum
1599 2395 1671 2427 ritu
1697 2405 1757 2428 se-

322 2443 479 2476 cundum
501 2443 619 2476 velum
639 2442 842 2483 inducitur,
879 2443 1111 2487 proconsules
1143 2442 1282 2474 scilicet
1303 2447 1339 2474 et
1360 2441 1504 2484 patricii
1534 2441 1573 2474 in
1597 2441 1670 2474 suis
1693 2451 1756 2473 ca-

320 2489 435 2522 misiis
475 2489 640 2534 albisque
677 2490 810 2521 tunicis
836 2489 943 2522 clavis
978 2489 1095 2522 aureis
1123 2489 1276 2528 ornatis,
1313 2488 1377 2533 qui
1415 2491 1453 2520 et
1487 2488 1558 2531 ipsi
1579 2485 1755 2521 Dominus

323 2536 542 2578 osculantur,
567 2542 604 2569 et
622 2535 667 2568 ad
689 2535 849 2569 dextram
868 2541 906 2568 et
928 2536 1109 2569 sinistram
1135 2533 1201 2568 suh
1224 2535 1283 2574 iis,
1320 2533 1382 2578 qui
1407 2544 1510 2567 aurea
1528 2534 1605 2567 lora
1622 2533 1756 2574 ferunt,

324 2582 479 2615 adstant.
551 2583 682 2616 Rursus
731 2582 857 2615 eodem
897 2594 968 2628 quo
1010 2592 1118 2627 supra
1158 2579 1379 2614 ostendimus
1418 2581 1490 2613 ritu
1529 2580 1756 2625 praepositus

322 2630 400 2660 exit
425 2630 570 2662 tertium
602 2629 739 2669 velum,
774 2628 1081 2673 protospatharios
1106 2633 1142 2661 et
1161 2627 1343 2667 officiales,
1365 2626 1600 2668 adducturus,
1636 2627 1757 2671 quiet

325 2675 394 2723 ipsi
415 2676 591 2711 nominos
613 2675 839 2718 osculantur,
867 2676 978 2723 inque
995 2675 1120 2711 dextro
1141 2679 1179 2709 et
1204 2674 1348 2710 sinistro
1373 2673 1484 2709 latere
1505 2673 1570 2709 sub
1598 2670 1754 2715 secundo
