1832 3112
269 83 338 139 32
546 98 903 143 coNs'rAerm
952 97 1436 141 PORPHYROGEMTI

264 204 454 259 γίστρων
484 196 737 243 ἀνθυπάτων
780 216 821 241 τε
860 198 934 240 καί
958 199 1188 254 πατρικίων
1225 199 1297 242 καί
1330 201 1484 242 λοιπῶν
1515 199 1716 258 &wama-

274 267 401 320 λίων,
443 269 516 309 καί
540 265 611 308 διὰ
634 266 833 318 νεύματος
864 266 940 306 τοῦ
963 267 1247 320 ,πραιποσύτου
1280 268 1391 320 λέγει
1424 263 1449 307 ὅ
1483 268 1559 322 τῆς
1586 284 1716 311 κατα-

271 333 456 382 στάσεως
484 330 532 374 τὸ
556 330 847 384 ,,κελεύσατε.”
897 328 971 372 καί
999 329 1050 386 δὴ
1093 331 1176 373 τῶν
1205 333 1488 386 συγκλητικῶν
1513 331 1716 388 ἐξιόντων,

271 401 590 454 συνεξέρχονται
613 396 687 437 καί
707 393 746 436 οἱ
772 393 993 448 δεσπόται,
1032 399 1103 438 καί
1122 395 1472 451 καββαλικεύουσι
1494 399 1539 440 ἐν
1562 401 1618 456 τῷ
1641 400 1717 452 ἐμ-

270 463 396 521 βόλῳ,
426 462 666 516 καὶγίνεται
689 459 834 517 πρώτη
863 460 968 516 δοχὴ
993 463 1052 510 εἰς
1076 460 1124 503 τὸ
1152 461 1291 514 μίλιον
1316 465 1376 512 εἰς
1403 462 1480 518 τὴν
1505 462 1741 520 καμάραν,5

271 528 343 570 καί
364 529 530 581 δέχεται
556 526 716 568 κάκεῖσε
739 525 761 568 ὅ
786 525 1003 584 δήμαρχος
1030 528 1116 569 τῶν
1129 530 1319 571 Βενέτων
1335 529 1443 582 μετὰ
1463 530 1539 571 τοῦ
1581 529 1717 585 δήμου

269 594 343 636 τοῦ
375 593 551 646 λευκοῦ,
595 589 783 647 δηλονότι
819 593 893 648 τῆς
919 591 1130 649 συνήθους
1161 593 1315 643 τάξεως
1339 596 1586 651 τελουμένης
1611 594 1717 637 κατὰ

101 657 352 704 Ean-zozim
377 655 506 701 τύπον
526 660 599 714 τῆς
622 659 764 713 δοχῆς.
826 657 900 700 καί
927 657 1053 700 πάλιν
1080 657 1190 712 μετὰ
1218 658 1370 715 μικρὸν
1401 661 1568 714 δέχεται
1592 659 1621 702 ὃ·
1646 661 1719 716 δὴ·-

275 740 437 782 μαρχος
457 726 538 767 τῶν
564 724 797 779 Πρασίνων
823 722 928 777 μετὰ
957 724 1029 766 καί
1053 727 1130 767 τοῦ
1167 724 1299 780 δήμου
1324 727 1397 767 τοῦ
1427 723 1620 781 ῥουσίου,
1650 725 1722 767 καὶ

272 789 327 834 τὰ
350 788 443 845 ἑξῆς
465 791 716 832 ἐπιτελεῖται
752 787 856 831 κατὰ
878 787 949 831 τὸν
984 787 1115 832 τύπον
1142 791 1216 845 τῆς
1250 792 1393 846 δοχῆς.
1458 789 1583 834 πάλιν
1611 789 1771 845 neuim
1830 803 1832 847 g

272 855 421 913 μικρὸν
445 858 615 910 δέχεται
634 853 656 896 ὅ
686 855 946 911 δημοκράτης
969 856 1054 897 τῶν
1077 854 1323 911 Πρασίνων,
1351 851 1480 911 ἤγουν
1502 856 1524 900 ὃ
1549 855 1719 900 ἑκσκούε
1819 866 1832 932 ἶ

273 927 409 978 βιτος,
436 919 545 976 μετὰ
574 919 648 963 καὶ
667 921 741 962 τοῦ
761 921 988 977 περατικοῦ
1015 920 1148 976 δήμου
1169 922 1254 963 τῶν
1276 922 1528 978 Πρασίνων,
1568 924 1640 964 καί
1663 920 1718 975 τὰ
1822 942 1832 975 '.

272 985 367 1044 ἑξῆς
388 990 636 1030 ἐπιτελεῖται
669 985 775 1028 κατοὶ
805 985 876 1029 τὸν
907 983 1039 1028 τύπον
1064 988 1141 1041 τῆς
1160 987 1302 1041 δοχῆς.
1354 989 1428 1029 καί
1458 988 1584 1030 πάλιν
1610 985 1719 1040 μετὰ
1820 975 1832 1036 i

274 1052 445 1111 μικρὸν,
489 1048 617 1109 ἤγουν
653 1053 713 1101 εἷς
750 1050 798 1095 τὸ
833 1052 1031 1107 κάγκελον
1080 1049 1126 1095 τὸ
1160 1050 1325 1106 εἰσάγον
1348 1053 1408 1102 εἰς
1436 1051 1513 1107 τὴν
1542 1055 1717 1108 χαλκῆν,
1819 1038 1832 1138 1

276 1122 441 1175 δέχεται
467 1117 489 1162 ὃ
522 1115 782 1175 δημοκράτης
806 1120 891 1160 τῶν
916 1119 1127 1171 Βενὲτων,
1163 1111 1292 1173 ἤγουν
1318 1117 1341 1159 ὅ
1373 1119 1614 1172 δομέστικος
1633 1120 1770 1162 τῶνιό

274 1187 450 1240 σχολῶν,
478 1183 586 1239 μετὰ
615 1184 781 1227 καὶτοῦ
805 1185 1033 1240 περατικοῦ
1059 1181 1195 1239 δήμου
1225 1184 1309 1226 τῶν
1323 1185 1533 1237 Βενέτων,
1573 1186 1645 1226 καί
1666 1183 1718 1226 τὰ

274 1249 368 1307 ἑξῆς
413 1252 662 1293 ἐπιτελεῖται
706 1249 812 1292 κατὰ
846 1248 918 1292 τὸν
954 1248 1083 1293 τύπον
1129 1250 1203 1305 τῆς
1243 1250 1386 1305 δοχῆς.
1418 1249 1492 1293 καὶ
1526 1247 1607 1292 ἀπὸ
1639 1250 1721 1292 τῶν

272 1319 404 1360 ἐκεῖσε
431 1316 669 1372 διέρχονται
690 1314 729 1358 οἱ
754 1315 976 1370 δεσπόται,
1019 1313 1092 1357 καὶ
1123 1313 1510 1369 οἷποκαταβαίνουσι
1539 1313 1619 1371 πρὸ
1642 1316 1718 1370 τῆς

274 1381 454 1438 μεγάλης
484 1383 614 1437 πύλης
648 1384 724 1423 τοῦ
745 1382 953 1438 τρικλίνου
977 1383 1062 1423 τῶν
1081 1381 1362 1434 κανδιδάτων,
1410 1381 1484 1422 καί
1515 1376 1599 1422 ἀπὸ
1633 1381 1717 1422 τῶν

233 1458 260 1491 Β
274 1451 405 1491 ἐκεῖσε
429 1448 668 1503 διέρχονται
685 1448 730 1490 ἐν
747 1448 803 1505 τῷ
817 1444 996 1503 νάρθηκι
1016 1448 1088 1502 τῆς
1106 1447 1182 1488 τοῦ
1202 1446 1367 1501 Κυρίου
1391 1444 1619 1499 ἐκκλησίας,
1646 1445 1770 1489 καίαο
1807 1439 1813 1499 .J

273 1516 426 1567 ἐκεῖσε,
470 1514 817 1570 ἅσφαλιζομένων
849 1512 932 1554 ὑπὸ
965 1513 1049 1554 ταῖν
1078 1510 1434 1567 κουβικουλαρίων
1456 1513 1540 1553 τῶν
1560 1513 1716 1565 πυλῶν,

272 1575 582 1636 ἇποστέφονται
607 1577 723 1636 παρὰ
740 1581 824 1622 τῶν
847 1577 1132 1635 πραιποσίτων
1156 1575 1196 1619 οἱ
1218 1575 1442 1630 δεσπόται,
1483 1575 1558 1618 καί
1581 1577 1716 1632 εἰσέρ-

269 1660 421 1700 χονται
443 1647 490 1687 ἐν
506 1646 567 1704 τῷ
591 1647 677 1702 ναῷ
694 1646 768 1687 τοῦ
790 1645 984 1701 Κυρίου,
1012 1642 1086 1686 καί
1113 1642 1182 1685 διὰ
1213 1644 1288 1698 τῆς
1309 1643 1481 1698 τρισσῆς
1499 1639 1607 1695 μετὰ
1630 1643 1715 1684 τῶν

272 1712 409 1767 κηρῶν
434 1710 748 1767 προσκυνήσεως
782 1705 1143 1765 οἷπευχαριστοῦσι
1163 1710 1218 1767 τῷ
1247 1708 1350 1765 Θεῷ.
1406 1709 1478 1750 καὶ
1512 1705 1593 1749 ἀπὸ
1633 1709 1715 1749 τῶν

271 1776 405 1818 ἐκεῖσε
427 1776 686 1831 εἰσέρχονται
713 1777 774 1826 εἷς
802 1773 850 1818 τὸ
881 1773 995 1831 ἱερὸν
1019 1772 1241 1828 παλάτιον,
1277 1771 1549 1822 συνεισιόντος
1571 1770 1765 1822 αὐτοῖς-25

1791 1553 1809 1585 Ι

365 1865 400 1900 5.
426 1865 557 1944 pigi-mv
589 1865 653 1945 κᾶκὶ
674 1865 727 1903 εἰς
759 1863 814 1899 ed.
902 1865 958 1900 25.
981 1863 1240 1902 συνεισιόντος
1271 1865 1309 1898 R.
1323 1887 1335 1906 ,
1355 1861 1595 1901 συνισιόντος
1609 1862 1688 1897 cod.
1701 1888 1712 1905 ,

363 1919 453 1947 συνι
479 1921 565 1948 ντος
583 1922 602 1945 e
632 1936 639 1943 .

273 1998 426 2043 reliquis
456 1998 631 2031 ministris
656 1997 719 2038 fit,
771 2001 808 2031 et
833 1997 878 2031 ad
906 2001 1034 2030 nutum
1058 1996 1258 2041 praepositi
1292 1995 1562 2029 cerimoniarius
1595 1995 1708 2030 dicit:

272 2045 408 2081 Iubete.
441 2044 676 2078 Senatorihus
696 2043 980 2084 discedentibus,
1005 2054 1075 2076 una
1095 2043 1329 2088 egrediuntur
1349 2043 1508 2083 Domini,
1531 2047 1568 2076 et
1596 2054 1708 2088 equos

271 2092 313 2124 in
334 2091 475 2136 porticu
501 2091 764 2131 conscendunt,
810 2091 923 2135 fitque
950 2090 988 2122 in
1011 2089 1113 2122 milio
1149 2095 1187 2122 et
1217 2089 1366 2135 quidem
1399 2090 1440 2122 in
1467 2090 1545 2122 eius
1569 2098 1708 2123 camera

273 2148 381 2171 muna
412 2138 594 2182 receptio,
647 2136 713 2171 uhi
745 2136 966 2170 Venetorum
1011 2135 1180 2168 tribunus
1213 2147 1294 2168 cum
1328 2135 1488 2169 factione
1516 2147 1580 2168 sua
1613 2135 1707 2177 alba,

273 2188 483 2230 peracturus
508 2184 639 2223 omnia,
667 2193 760 2228 quae
787 2183 992 2216 factionarii
1016 2183 1144 2222 solent,
1170 2181 1297 2216 adstat.
1342 2182 1448 2215 Haud
1470 2193 1597 2226 magno
1623 2193 1706 2227 spa-

273 2231 327 2263 tio
346 2230 559 2269 interiecto,
591 2228 759 2263 tribunus
778 2229 1004 2262 Prasinorum
1031 2240 1111 2261 cum
1132 2228 1287 2261 factione
1308 2240 1407 2262 tussa
1437 2233 1638 2273 exspectat,
1669 2233 1707 2262 et

271 2276 412 2321 reliqua
434 2288 499 2321 pro
534 2287 632 2310 more
665 2275 812 2320 peragit.
860 2276 994 2308 Iterum
1018 2285 1093 2308 non
1116 2274 1243 2319 procul
1275 2274 1362 2307 inde
1389 2275 1612 2308 prasinorum
1635 2276 1705 2308 tri-

271 2323 391 2356 bunus
431 2334 494 2357 seu
532 2322 721 2356 excubitor
755 2333 833 2354 cum
867 2321 1074 2356 transitoria
1099 2320 1258 2354 factione
1290 2321 1435 2354 prasina
1465 2326 1607 2365 praesto
1638 2327 1704 2362 est,

271 2375 462 2415 ceteraque
482 2374 524 2403 ut
560 2367 780 2403 consuetudo
806 2372 860 2401 est
893 2367 1044 2412 perficit.
1098 2367 1261 2400 Tandem
1287 2367 1414 2412 exiguo
1441 2368 1559 2411 spatio
1587 2367 1703 2401 inter-

272 2418 389 2457 iecto,
424 2416 463 2449 in
497 2416 663 2449 cancellis
696 2414 742 2448 ad
769 2414 916 2447 chalcen
952 2413 1166 2446 ducentibus
1188 2413 1408 2446 Venetorum
1442 2414 1610 2447 tribunus
1638 2425 1702 2447 seu

271 2462 490 2496 domesticus
515 2461 713 2495 scholarum
750 2471 830 2494 cum
859 2461 1067 2494 transitoria
1092 2460 1250 2493 factione
1271 2460 1410 2493 Veneta
1430 2459 1550 2502 adest3
1583 2466 1705 2494 cetera

271 2520 370 2542 more
393 2509 500 2542 solito
525 2513 753 2554 peraguntur.
802 2509 928 2541 Postea
950 2506 1097 2540 Domini
1133 2505 1179 2538 ad
1202 2517 1365 2551 magnam
1397 2507 1549 2540 triclinii
1573 2505 1702 2540 caudi-

272 2556 436 2589 datorum
472 2560 611 2600 portam
649 2554 752 2600 equis
790 2553 1036 2594 descendunt,
1081 2551 1165 2587 inde.
1202 2552 1248 2585 ad
1287 2552 1494 2587 narthecem
1528 2553 1704 2586 ecclesiae

272 2601 420 2643 abituri,
444 2602 520 2642 ubi,
544 2601 656 2647 portis
681 2612 701 2633 a
717 2600 947 2634 cubiculariis
973 2599 1178 2643 occupatis,
1203 2600 1416 2643 praepositis
1441 2609 1589 2633 coronas
1615 2599 1700 2633 red-

272 2647 375 2687 dunt,
400 2649 575 2693 templum
597 2648 745 2683 Domini
768 2647 924 2687 intrant,
947 2651 1074 2690 terque
1097 2656 1175 2677 cum
1203 2646 1315 2678 cereis
1339 2647 1456 2679 Deum
1479 2646 1701 2685 invocantes,

272 2705 310 2728 te
338 2699 582 2740 prosternunt.
629 2692 718 2729 Inde
746 2692 794 2727 ad
824 2703 961 2730 sacrum
983 2691 1157 2738 palatium
1189 2702 1267 2724 cum
1296 2692 1462 2727 cubiculo
1485 2689 1699 2737 procedunt,
