1878 3112
269 117 380 192 764
541 136 898 179 coNSTANTml
938 119 1421 184 PORPHYROGENJTJ
1845 0 1878 183 ἒ

266 232 354 278 ἅνω
382 238 536 293 σοφίας
564 235 811 293 ἒφήπλωται
839 239 1002 290 δεῖπνος
1015 275 1027 294 ,
1074 246 1248 285 τελεῖται
1275 247 1518 302 προέλευσις
1544 234 1723 303 παγανῆἷ
1861 232 1878 290 ’Ῑῖ

265 305 312 346 ἒν
337 305 395 361 τῷ
439 305 618 359 λαμπρῷ
645 306 856 363 παλατίῳ,
896 305 969 348 καί
1002 310 1368 365 προευτρεπίζεται
1401 312 1500 368 παρ’
1533 309 1655 367 ἡμῶν
1682 311 1711 368 ἧ
1864 318 1878 343 ‘

263 370 340 411 τοῦ
365 370 586 422 βασιλικοῦ
613 370 784 412 δείπνου
816 373 959 427 κλῆσις
998 375 1184 429 πρωΐας,
1230 374 1305 417 καί
1330 377 1400 418 δεῖ
1428 377 1542 432 ἡμᾶς
1569 374 1714 434 εὖτρεῑ-

264 435 399 486 πίζειν
428 437 488 484 εἰς
516 438 782 480 συνεστίασιν
807 440 890 480 τῶν
919 441 1132 482 δεσποτῶν
1168 443 1425 498 μαγίστρους
1439 477 1452 497 ,
1488 446 1716 500 πραιποσί-

265 517 364 549 τους
382 534 394 554 ,
424 499 719 556 οἷνθυπάτους,
748 506 1017 560 πατρικίους,
1058 506 1378 563 ὄφφικιαλιόυς,
1405 512 1743 565 ammana-9026

264 568 384 620 ριόυς
413 561 662 623 εὐνούχους,
686 572 1008 626 πριμικηρίους,
1039 568 1301 629 ὄστιαριόυς,
1329 577 1615 631 μαγλαβίτας,
1643 574 1717 618 κό-

266 649 399 688 μητας
425 634 502 674 τοῦ
530 633 720 690 οἷριθμοῦ
748 637 822 682 καί
863 635 1122 694 κεντάρχους
1147 637 1255 681 κατὰ
1285 637 1330 681 τὸ
1356 639 1486 684 ποσὸν
1513 643 1588 697 τῆς
1613 658 1716 700 τρα-

267 700 420 755 πέζης,
462 698 536 741 καί
561 698 734 751 τούτους
774 707 1107 758 προσκαλεῖσθαι
1133 704 1208 747 ἐπὶ
1230 703 1303 748 τὸν
1329 708 1401 762 τῆς
1427 703 1607 764 ἑσπέρας
1633 709 1719 750 δεῦ

69 766 381 808 Ms.252.bmov.
425 762 714 823 ἆπολυομένης
747 762 822 811 οὖν
854 770 928 825 τῆς
955 768 1186 827 συγκλήτου
1215 770 1350 828 πάσης
1379 771 1453 815 καὶ
1473 771 1599 816 πάλιν
1616 771 1719 830 πρὸς

235 827 388 886 Βῶραν
414 831 464 874 θ’·
493 830 767 890 ἐπανιούσης,
811 837 1085 892 συνέρχονται
1121 838 1269 887 πάντες
1311 837 1352 881 οἱ
1387 840 1626 894 κεκλημένοι
1660 840 1773 889 εἰςιο
1831 836 1834 839 ’

269 896 316 940 τὸ
356 900 523 941 τελέσαι
559 898 634 955 την
672 898 792 956 ἱερὰν
829 902 1041 956 εὐωχίαν,
1078 902 1151 945 καί
1173 903 1390 960 μετὰ.τῆν
1417 903 1619 948 ἀπόλυσιν
1647 907 1720 962 τῆς

267 968 546 1022 πνευματικῆς
587 968 844 1023 λειτουργίας
886 970 1134 1024 προτίθεται
1177 969 1224 1012 τὸ
1251 969 1467 1024 βασιλικὸν
1493 968 1721 1027 κλητώριον

250 1033 339 1076 ,ἐπὶ
363 1034 438 1073 τοῦ
467 1035 744 1087 περιβλέπτου
774 1036 984 1090 τρικλίνου
1013 1038 1091 1077 τοῦ
1123 1036 1449 1091 Ἰουστινιανοῢ,
1506 1039 1580 1080 καί
1617 1053 1720 1094 προ-

266 1099 547 1149 καθεσθέντος
574 1101 651 1140 τοῦ
676 1102 883 1153 βασιλέως
909 1102 982 1143 ἐπὶ
1007 1102 1081 1157 τῆς
1104 1103 1246 1155 τιμίας
1273 1104 1505 1160 τραπέζης,
1533 1101 1720 1158 εἰσάγον-

257 1180 339 1212 -ται
368 1164 515 1214 πάντες
542 1163 581 1206 οἱ
608 1167 850 1221 κεκλημένοι
874 1167 985 1220 μετὰ
1005 1170 1088 1210 ταῖν
1116 1170 1279 1212 οἰκείων
1305 1173 1630 1226 σκαραμαγγίων
1645 1169 1772 1212 καίιό

267 1230 413 1283 μόνον,
452 1228 524 1272 ἐπὶ
551 1231 598 1272 δὲ
635 1233 688 1288 τῇ
719 1231 860 1274 αὐτῶν
887 1229 1011 1291 ἐξόδῳ
1050 1235 1244 1287 λαβόντες
1276 1238 1374 1291 παρ’
1410 1235 1530 1290 ἡμῶν
1558 1237 1720 1292 φατλία

267 1295 349 1339 σὺν
376 1296 478 1350 ἡμῖν
525 1295 765 1354 ἐξέρχονται
792 1298 953 1348 πάντες.
1010 1302 1067 1357 τῷ
1096 1301 1142 1342 δὲ
1170 1300 1276 1358 ἁγίῳ
1307 1300 1381 1343 καί
1407 1304 1531 1359 τιμίῳ
1560 1300 1721 1356 σαββά-

268 1378 326 1419 τῳ
357 1363 462 1420 α’νεῳ
465 1364 638 1416 χθέντος
664 1364 745 1406 τοῦ.
771 1366 968 1419 λαμπροῦ
996 1367 1203 1407 παλατιόυ
1220 1399 1232 1418 ,
1271 1371 1447 1409 τελεῖται
1475 1369 1721 1423 προέλευσις

230 1428 451 1483 οδημοσία
485 1427 591 1484 πρὸς
627 1428 701 1485 τὴν
749 1427 873 1485 ἁγίαν
914 1433 1096 1487 Σοφίαν,
1134 1434 1210 1474 καί
1246 1431 1611 1488 ὖπαλλαττομένης
1647 1434 1722 1489 τῆς

269 1495 443 1549 ε’νδυτῆς
471 1496 547 1548 τῆς
572 1497 715 1548 τιμίας
751 1494 824 1538 καί
853 1496 974 1552 ἁγίας
1001 1499 1229 1553 τραπέζης,
1265 1500 1500 1555 εἰσέρχεται
1539 1498 1562 1540 ὅ
1595 1501 1776 1554 βασι-20

270 1558 369 1608 λεύς
398 1562 443 1602 ἐν
469 1562 528 1617 τῷ
553 1563 894 1621 σκευοφυλακίῳ,
937 1564 1012 1604 καί
1037 1566 1112 1618 τῆς
1151 1565 1352 1620 διανομῆς
1388 1566 1610 1620 γενομένης
1638 1566 1723 1606 τῶν

272 1625 460 1680 νάρδων,
489 1625 743 1685 ὑποστρέφει
770 1627 897 1672 πάλιν
924 1626 947 1670 ὅ
973 1629 1172 1684 βασιλεὺς
1201 1629 1307 1684 μετὰ
1337 1629 1457 1686 δόξης
1483 1633 1530 1673 ἐν
1557 1632 1620 1688 τῷ
1646 1627 1721 1676 αὖ·

272 1693 347 1734 τοῦ
374 1695 583 1751 παλατίῳ,
624 1697 699 1738 καί
724 1696 796 1738 δεῖ
829 1696 941 1752 ἡμᾶς
979 1693 1241 1754 εὐτρεπίζειν
1270 1698 1330 1747 εἰς
1357 1696 1620 1741 συνεστίοισιν
1647 1698 1723 1740 τοῦ

277 1856 435 1891 notabili
461 1858 590 1903 quinta
619 1857 710 1893 feria
749 1859 911 1893 eiusdem
943 1870 1026 1894 vere
1061 1858 1273 1904 splendidae
1311 1862 1348 1893 et
1371 1859 1524 1893 illustris
1548 1860 1723 1905 septima-

279 1915 366 1944 nae,
407 1905 446 1936 in
471 1900 545 1950 qua'
567 1905 682 1940 divini
722 1906 829 1940 officii
855 1918 968 1940 coena
991 1906 1150 1952 publicis
1176 1905 1301 1940 usibus
1327 1917 1347 1938 a
1373 1907 1522 1940 coelesti
1547 1907 1724 1952 sapientia

281 1952 496 1995 exponitur,
523 1952 564 1985 fit
587 1954 769 1998 processio
794 1965 933 1998 pagana
958 1955 997 1988 in
1022 1954 1215 1999 splendido
1242 1954 1380 1998 palatio
1395 1979 1404 1994 ,
1430 1959 1466 1987 et
1486 1965 1591 1988 mane
1612 1964 1633 1986 a
1656 1965 1723 1987 no-

280 1997 338 2030 bis
365 1999 550 2041 perficitur
577 2000 622 2033 ad
647 2012 782 2034 sacram
811 2011 961 2035 coenam
993 2001 1175 2035 invitatio.
1222 2001 1418 2034 Invitamus
1453 2005 1575 2033 autem
1607 2001 1722 2044 magi-

283 2049 394 2085 stros,
420 2047 663 2090 praepositos,
689 2048 941 2092 proconsules,
965 2049 1154 2093 patricios,
1189 2047 1380 2088 officiales,
1412 2046 1723 2092 protospatharios

283 2092 479 2133 eunuchos,
503 2094 741 2136 primicerios,
765 2095 943 2135 ostiarios,
968 2094 1181 2139 maglabitas
1197 2120 1206 2134 ,
1233 2095 1382 2127 comites
1407 2093 1553 2126 arithmi
1578 2098 1616 2126 et
1639 2103 1724 2127 cen-

282 2137 425 2170 tarchos
459 2151 523 2183 pro
557 2142 756 2185 capacitate
789 2152 942 2174 mensae.
998 2142 1122 2174 Finito
1161 2141 1286 2186 itaque
1333 2151 1501 2173 consessu
1541 2140 1639 2173 omni
1688 2145 1726 2173 et

283 2185 393 2217 misso
423 2192 572 2227 senatu,
613 2188 819 2232 iterumque
844 2189 936 2221 circa
959 2198 1091 2220 nonam
1126 2186 1250 2220 horam
1283 2186 1472 2226 redeunte,
1505 2187 1727 2220 conveniunt

283 2232 428 2264 invitati
454 2244 576 2266 omnes
607 2234 654 2266 ad
685 2233 939 2267 celebrandum
973 2244 1110 2267 sacrum
1136 2233 1360 2274 convivium,
1405 2237 1443 2267 et
1471 2236 1555 2277 Post
1584 2234 1726 2267 finitum

285 2278 485 2323 spirituale*
504 2281 690 2314 servitium
715 2281 932 2325 proponitur
961 2286 998 2314 et
1024 2280 1183 2314 accessui
1209 2280 1336 2324 patefit
1360 2290 1498 2312 sacrum
1523 2280 1726 2314 convivium

285 2326 326 2359 in
351 2325 543 2370 conspicuo
568 2328 757 2361 Iustiniani
786 2327 946 2361 triclinio
971 2328 1180 2361 institutum
1197 2352 1206 2367 ‚
1242 2331 1279 2359 et
1312 2326 1542 2371 praesidente
1566 2328 1726 2371 Impera-

287 2378 368 2407 tore
395 2372 434 2405 in
459 2373 659 2407 venerabili
683 2385 827 2414 mensa,
860 2374 1140 2408 introducuntur
1174 2374 1319 2406 invitati
1351 2374 1391 2406 in
1427 2374 1501 2407 suis
1526 2384 1726 2407 scamman-

289 2419 358 2464 giis
390 2423 542 2452 tantum.
589 2421 712 2454 Finito
749 2427 870 2455 autem
904 2422 1093 2463 convivio,
1136 2431 1248 2467 quum
1288 2425 1429 2464 tempus
1469 2427 1523 2455 est
1554 2420 1729 2460 abeundi,

290 2471 426 2499 exeunt
457 2467 647 2501 nobiscum
679 2479 801 2502 omnes
834 2479 913 2501 cum
946 2468 1075 2502 faculis
1111 2469 1243 2514 cuique
1270 2466 1485 2501 distributis.
1535 2467 1666 2500 Sancto
1693 2471 1732 2500 et

288 2513 493 2546 venerabili
530 2513 590 2548 die
621 2514 763 2548 sabbati
796 2516 958 2549 eiusdem
983 2517 1226 2560 septimanae,
1260 2520 1345 2558 post
1370 2518 1535 2559 apertum
1564 2513 1730 2559 splendi-

289 2559 376 2592 dum
405 2560 598 2605 palatium,
634 2562 676 2595 fit
699 2562 858 2596 solennis
892 2568 927 2595 et
965 2562 1176 2596 universalis
1209 2561 1391 2606 processio
1424 2560 1469 2594 ad
1494 2560 1668 2605 templum
1694 2560 1730 2593 S.

290 2606 468 2650 Sophiam
500 2608 562 2640 ubi
601 2611 788 2655 postquam
816 2610 1013 2653 Imperator
1046 2609 1233 2643 instratum
1266 2612 1408 2641 sanctae
1444 2612 1481 2639 et
1511 2606 1731 2640 venerabilis

290 2665 372 2686 arae
399 2666 492 2688 novo
517 2657 690 2694 mutavit,
718 2656 827 2688 intrat
854 2657 890 2689 in
910 2655 1242 2700 sceuophylacium,
1267 2654 1432 2700 factaque
1452 2653 1644 2687 nardorum
1667 2664 1730 2687 seu

294 2707 559 2745 unguentorum
587 2702 866 2739 distributione,
894 2703 988 2735 redit
1013 2714 1092 2736 cum
1111 2703 1221 2748 gloria
1242 2703 1279 2733 in
1299 2713 1400 2734 suum
1418 2701 1605 2745 palatium.
1637 2700 1731 2734 Tum

292 2753 435 2793 oportet
463 2760 527 2783 nos
553 2749 600 2783 ad.
627 2748 852 2786 coenandum
877 2761 956 2785 cum
984 2750 1138 2787 Domino
1163 2749 1295 2786 amicos
1328 2748 1487 2790 exciere,
1524 2747 1731 2792 magistros,
