1878 3112
370 97 484 162 426
639 115 994 158 CONSTANTlNl
1036 115 1512 160 PORPHYROGENITI

973 242 1111 282 KEOE.
1141 239 1217 296 ‘37¹-

492 327 759 375 Ἀναγόρευσις
781 329 961 373 βασιλέως
985 328 1191 366 Ἰουστίνου
1215 331 1282 364 τοῦ
1307 332 1371 373 τῆς
1392 333 1498 370 θείας
1522 332 1666 375 λήξεως.

467 416 534 459 Ἔν
573 418 623 474 τῇ
664 415 934 472 οἷναγορεύσει
961 412 1190 460 Ἰουστίνου
1237 421 1313 460 τοῦ
1347 421 1420 474 τῆς
1459 420 1657 474 εὐσεβοῦς
1683 420 1802 471 θείας

365 481 517 536 λήξεως
547 482 698 533 ἀταξία
729 499 792 531 τις
820 482 1001 536 ἐγένετο,
1047 479 1115 525 οἷα
1142 485 1248 539 μηδὲ
1283 483 1512 540 αὕγούστης
1541 480 1668 540 οὔσης
1694 487 1801 540 μηδὲ

364 548 570 600 βασιλέως
595 550 669 588 τοῦ
692 550 1040 603 χειροτονοῦντος,
1073 548 1179 590 ἀλλὰ
1210 546 1473 605 ἆπρονοήτων
1500 549 1652 604 σχεδὸν
1680 545 1830 594 ὄντωνό

364 615 449 654 τῶν
475 611 742 667 πραγμάτων.
793 612 1076 663 ἀποθανόντος
1106 613 1185 670 γάρ
1216 614 1490 657 Ἀναστασίου
1517 616 1595 656 τοῦ
1621 617 1695 670 τῆς
1721 618 1806 657 θεί-

326 688 353 721 C
371 694 420 726 ας
445 677 596 733 λήξεως
623 679 668 719 ἐν
688 681 741 736 τῇ
778 680 912 731 νυκτί,
950 679 1141 735 ἐδηλώθη
1180 679 1294 735 παρὰ
1330 683 1411 723 τῶν
1438 680 1807 737 σιλεντιαρήοντῷ

362 743 578 802 μαγίστρῳ
615 746 688 786 καί
726 746 786 802 τῷ
829 743 979 800 κόμητι
1021 746 1104 786 τῶν
1147 743 1450 800 ἕξκουβιτόρων
1489 746 1720 800 ἀπαντῆσαι
1746 747 1805 794 εἰς

170 807 409 854 Με.ι66.1)τὸ
442 809 669 852 παλάτιον.
722 812 967 865 παρεγένετο
996 805 1070 853 οὖν
1097 813 1232 867 Κέλερ
1260 809 1497 866 μάγιστρος,
1530 812 1603 852 καί
1633 808 1805 853 ’lovon‘-

363 891 431 925 νος
461 874 485 916 ὅ
511 877 583 931 τῆς
613 876 734 926 &dag
761 877 933 931 λήξεως,
981 874 1112 932 κόμης
1140 871 1200 918 (ὂν
1230 875 1534 931 ἑξκουβιτόρων
1561 876 1856 931 τηνικαῦτα.ῐο

363 942 436 982 καί
475 943 739 996 παραχρῆμα
782 940 804 982 ὅ
830 940 1059 998 μάγιστρος
1094 940 1302 997 ἐδήλωσεν
1330 941 1389 990 εἷς
1413 940 1489 990 τὰς
1513 940 1689 995 σχολὰς,
1735 940 1805 983 ἵνα

363 1007 438 1047 καί
469 1004 509 1048 οἱ
537 1005 779 1048 κανδιὸοἱτοι
818 1005 892 1048 καί
917 1007 956 1048 οἱ
995 1001 1112 1048 ἄλλοι
1151 1006 1368 1063 σχολάριοι
1397 1005 1704 1062 οἷπαντήσωσιν.
1757 1006 1800 1047 ἐ-

365 1071 549 1127 δήλωσεν
577 1072 624 1113 δὲ
650 1071 725 1113 καί
748 1069 768 1112 ὅ
807 1073 880 1126 τῆς
909 1075 1031 1121 θείας
1057 1071 1210 1126 λήξεως
1243 1068 1463 1121 Ἰουστῖνος
1487 1078 1574 1121 τοῖς
1601 1068 1804 1126 στρατιώ-

363 1154 457 1187 ταις
483 1138 556 1179 καί
580 1135 812 1192 τριβούνοις
840 1136 914 1179 καὶ
940 1137 1146 1194 βικαρίοις
1191 1139 1430 1193 ἀπαντῆσαι
1465 1137 1536 1179 καί
1566 1134 1663 1185 τούς
1689 1135 1803 1191 προό-

363 1218 462 1252 τους
498 1204 578 1244 τῶν
621 1201 945 1258 ἐξκουβιτόρων,
974 1203 1047 1244 καί
1080 1200 1191 1245 εἶπεν
1233 1201 1387 1255 αὐτοῖς,
1417 1199 1483 1245 ὅτι
1521 1199 1573 1254 ,,ὄ
1602 1201 1856 1256 δεσπότηςιό

362 1268 492 1324 ἡμῶν,
522 1267 578 1318 ὥς
607 1262 839 1324 ἅνθρωπος,
871 1267 1146 1323 ἐτελεύτησεν·
1178 1270 1247 1309 δεῖ
1269 1262 1344 1310 οὖν
1366 1267 1476 1324 ἡμᾶς
1502 1268 1658 1317 πάντας
1688 1267 1803 1324 κοινῇ

323 1330 704 1387 Ββουλεύσασθαι,
746 1335 820 1375 καί
847 1332 919 1375 τὸν
959 1336 1019 1391 τῷ
1051 1335 1143 1392 Θεῷ
1171 1334 1399 1389 ἀρέσκοντα
1428 1336 1500 1375 καί
1529 1334 1579 1389 τῇ
1617 1332 1803 1388 πολιτείᾳ

364 1399 636 1454 συμφέροντα
664 1399 988 1449 ἐπιλε’ξασθαι.”
1040 1397 1112 1442 τὸν
1149 1397 1282 1441 αὕτὸν
1321 1398 1472 1454 τρόπον
1509 1399 1706 1453 διελέχθη
1733 1399 1806 1438 καί

365 1462 389 1504 ὅ
416 1462 646 1518 μάγιστρος
673 1469 759 1512 τοῖς
785 1464 1046 1513 κανδιδάτοις
1072 1466 1144 1506 καί
1177 1470 1264 1513 τοῖς
1291 1464 1469 1519 πρώτοις
1493 1465 1575 1506 τῶν
1601 1461 1801 1518 σχολαρί-

364 1545 438 1570 ων.
491 1523 650 1584 ὄρθρου
679 1524 755 1572 οὖν
781 1532 993 1585 προῆλθον
1019 1528 1060 1571 οἱ
1086 1524 1297 1586 ἄρχοντες,
1325 1531 1435 1579 τινὲς
1460 1531 1538 1581 μὲν
1560 1528 1693 1581 μύϊνα
1720 1542 1852 1583 ‹po-20

365 1595 547 1649 ροῧντες,
571 1597 680 1644 τινὲς
709 1596 755 1638 δὲ
785 1596 856 1638 καὶ
887 1595 1099 1651 διάφορα.
1156 1593 1346 1650 συνήχθη
1373 1595 1419 1636 δὲ
1444 1596 1518 1637 καί
1544 1592 1566 1635 ὅ
1599 1595 1726 1650 δῆμος
1755 1595 1801 1636 ἐν

458 1706 489 1746 7.
514 1695 575 1730 sic
597 1696 690 1730 coni.
716 1697 777 1739 R..
797 1697 851 1731 τῶ
874 1698 1108 1743 σιλενῐιαρίω
1133 1697 1210 1730 cod.
1239 1702 1276 1731 et
1300 1695 1356 1730 ed.

999 1786 1096 1823 CAP.
1145 1787 1177 1823 3.

587 1855 833 1902 Inauguratio
857 1857 943 1902 Imp.
968 1856 1103 1890 Iustini
1116 1800 1263 1903 ιςἕρνιίηἰ]
1289 1855 1444 1892 dlvinae
1465 1855 1585 1890 sortis.

456 1934 499 1969 In
537 1934 716 1970 electione
751 1935 883 1970 Iustini
914 1936 998 1981 piae
1023 1940 1060 1968 et
1092 1935 1234 1968 divinae
1266 1936 1372 1968 sortis
1403 1934 1635 1979 contingebat
1660 1932 1799 1978 aliquid

363 1981 572 2023 turbarum,
611 1986 738 2027 utpote
781 1993 892 2027 quum
936 1993 1055 2027 neque
1089 1983 1247 2027 Augusta
1272 1981 1432 2021 adesset,
1454 1991 1575 2025 neque
1603 1981 1799 2023 Imperator

364 2027 524 2072 aliquem
549 2027 619 2061 sibi
644 2039 707 2061 seu
731 2028 904 2072 collegam
938 2039 1002 2062 seu
1027 2039 1264 2061 successorem
1300 2026 1582 2066 denominasset3
1606 2024 1670 2058 sed
1691 2026 1729 2058 in
1755 2037 1798 2057 u-

364 2075 543 2107 niversum
576 2074 682 2107 rebus
714 2075 895 2118 provisum
929 2073 1024 2108 nihil
1055 2079 1158 2107 esset.
1217 2075 1283 2106 Res
1317 2075 1368 2106 ita
1401 2073 1561 2117 contigit.
1609 2073 1796 2104 Anastasio

363 2130 429 2168 per
469 2124 610 2152 noctem
641 2121 731 2153 vivis
768 2125 928 2160 exemto,
964 2120 1231 2164 significabatur
1263 2130 1303 2152 ea
1327 2118 1371 2151 de
1405 2130 1444 2152 re
1477 2130 1496 2152 a
1520 2118 1722 2151 silentiario
1750 2117 1797 2150 ad

363 2166 573 2209 magistrum
609 2171 646 2199 et
677 2168 843 2200 comitem
871 2166 1141 2207 excubitorum,
1177 2177 1248 2211 quo
1287 2166 1325 2198 in
1349 2165 1522 2209 palatium
1552 2164 1796 2198 convenirent.

364 2211 618 2245 Adveniebant
651 2218 816 2256 protinus
843 2212 950 2246 Celer
973 2213 1139 2259 quidem,
1163 2217 1238 2245 tum
1261 2212 1450 2256 magister,
1475 2212 1631 2244 Iustinus
1655 2215 1796 2249 autem,

365 2257 511 2291 divinae
538 2259 644 2292 sortis
667 2260 854 2303 princeps,
880 2265 957 2292 tum
981 2269 1098 2292 comes
1112 2258 1376 2299 excubitorum
1405 2262 1442 2290 et
1459 2257 1626 2300 magister
1649 2255 1798 2302 quidem

363 2305 404 2338 in
429 2303 565 2338 scholas
592 2305 723 2338 edebat
748 2305 942 2346 mandata,
968 2305 1100 2352 quibus
1126 2303 1333 2338 candidatos
1355 2309 1491 2338 ceteros
1521 2313 1564 2336 ue
1600 2301 1796 2335 scholarios

363 2349 586 2391 arcessebat,
617 2351 774 2385 Iustinus
809 2356 928 2385 autem
955 2352 1133 2385 militibus
1159 2349 1351 2397 [gregariis]
1393 2355 1430 2383 et
1453 2316 1609 2384 tribunis
1633 2349 1798 2382 vicariis-

364 2407 436 2442 que
459 2401 496 2430 et
519 2396 769 2432 excubitorum
793 2397 1004 2445 primiceriis
1037 2403 1251 2432 conventum
1273 2396 1491 2442 imperabat,
1517 2401 1554 2429 et
1577 2395 1622 2428 ad
1645 2404 1796 2439 cougre-

364 2449 464 2487 gatos
501 2443 551 2476 ita
574 2444 788 2489 perorabat:
822 2445 999 2479 Dominus
1032 2453 1179 2484 noster,
1219 2452 1259 2478 ut
1282 2444 1406 2484 homo,
1430 2452 1466 2478 et
1487 2450 1667 2490 quatenus
1690 2440 1797 2474 homo

361 2489 458 2532 fuit,
497 2501 559 2524 seu
593 2501 743 2537 corpore
775 2498 901 2532 tenus,
937 2499 1099 2526 mortuus
1130 2498 1191 2525 est.
1252 2491 1400 2535 Oportet
1433 2491 1551 2534 igitur·
1586 2499 1653 2523 nos
1676 2497 1802 2522 omne&

367 2538 572 2570 communia
608 2537 766 2570 consilia
799 2549 841 2571 eo
882 2538 1076 2583 confirre,
1114 2546 1155 2570 ut
1175 2537 1391 2581 principem,
1417 2537 1483 2582 qui
1505 2535 1581 2568 Deo
1599 2533 1708 2566 simul
1728 2542 1797 2576 ac-

367 2590 488 2626 ceptus
514 2583 735 2628 amicusque,
759 2591 793 2617 et
819 2585 970 2629 imperio
987 2581 1190 2617 commodus
1215 2583 1388 2626 utilisque
1411 2585 1461 2614 sis
1473 2605 1484 2620 ,
1518 2582 1704 2626 eligamus-5.
1726 2578 1797 2612 Eo-

367 2628 448 2660 dem
471 2627 578 2662 modo
608 2629 777 2674 magister
813 2641 957 2675 quoque
980 2629 1026 2662 ad
1051 2628 1258 2663 candidatos
1285 2634 1322 2661 et
1347 2628 1603 2661 scholariorum
1651 2624 1796 2657 rimice-

367 2674 438 2707 rios
473 2673 682 2715 disserebat.
743 2675 852 2712 Mane
886 2676 992 2717 sacto,
1027 2675 1169 2714 coibant
1195 2685 1382 2720 proceres,
1420 2674 1549 2719 partim
1573 2681 1693 2716 myma
1719 2667 1798 2715 [⁸8¹1
