1884 3112
372 146 444 188 nn
485 140 744 186 naamon.
786 138 966 181 Amr.
1004 138 1227 180 anm.
1267 140 1302 179 1.
1329 140 1397 185 27.
1499 116 1603 174 153

157 247 332 304 πλησίον
357 249 433 303 τῆς
455 241 704 300 εἰσαγούσης
726 240 862 296 πύλης
890 242 934 283 ἐν
956 241 1017 297 τῷ
1045 242 1262 298 τρικλίνῳ,
1307 241 1352 284 ἐν
1380 232 1415 299 ᾧ
1448 239 1474 295 ἧ
1502 237 1607 295 τρά-

158 315 267 365 πεζα
295 314 479 364 ἵσταται,
511 308 663 366 μηνύει
693 310 751 365 τῷ
781 310 956 361 βασιλεῖ’
976 306 999 347 ὁ
1030 304 1319 362 πραιπόσιτος,
1352 304 1375 348 ὅ
1403 306 1451 347 δὲ
1479 308 1607 359 βασι-

158 377 258 428 λευς
282 375 447 420 κελεύει
464 378 524 434 τῷ
549 374 811 431 πραιποσίτῳ
834 373 1206 428 προσκαλέσασθαι
1230 370 1304 414 τὸν
1326 369 1606 428 πατριάρχην,

157 446 234 486 καί
257 445 428 487 ἵσταται
455 440 478 484 o‘
511 438 732 495 βασιλεὺς,
763 440 907 496 φορῶν
939 437 986 479 τὸ
1014 439 1159 493 σαγίον
1183 437 1329 491 αὐτοῦ,
1356 439 1401 480 ἐν
1428 440 1479 495 τῇ
1502 454 1607 493 τρα-

131 512 289 569 5πέζῃ,
333 506 605 563 ἐκδεχόμενος
634 505 706 548 τὸν
744 503 1033 561 πατριάρχην,
1079 505 1154 546 καί
1188 504 1500 558 καταλαβόντος
1529 501 1608 545 τοῦ

157 574 450 632 πατριάρχου,
484 574 817 629 προσκαλοῦνται
854 568 970 625 παρὰ
1003 572 1082 612 τοῦ
1119 569 1388 626 πατριάρχου
1414 568 1452 611 οἱ
1478 567 1605 625 ἱερεῖς

155 642 231 683 καί
267 642 437 682 ποιοῦσι
467 637 538 681 τὸν
567 639 731 692 στίχον.
787 637 863 678 καί
884 632 965 678 εἷθ’
1005 632 1141 684 οὕτως
1167 633 1188 676 ὅ
1217 637 1295 689 μὲν
1317 633 1518 690 βασιλεῦς
1539 635 1609 676 ἐκ-

153 708 303 763 βάλλει
331 703 379 748 τὸ
406 705 551 759 σαγίον
575 699 723 757 αὖτοῦ,
759 701 780 745 ὅ
812 704 858 744 δὲ
885 698 1149 758 πατριάρχης
1172 699 1220 743 τὸ
1253 698 1499 758 ὦμοφόριον
1528 698 1648 751 ati-c

152 775 242 827 τοῦ,
268 773 344 814 καί
368 769 567 825 λαβόντες
596 765 702 811 αὐτὸ
726 767 765 810 οἱ
790 766 937 824 ἱερεῖς,
962 769 1217 823 ἐξέρχονται.
1261 768 1336 808 καί
1363 768 1611 816 καθίσαντες

106 840 201 888 ιοέν
241 840 294 896 τῇ
328 838 514 894 τραπέζῃ
542 831 627 889 δ’,τε
655 832 859 889 βασιλευς
877 833 955 876 καί
976 830 998 874 ὅ
1030 830 1325 888 πατριάρχης,
1362 834 1610 890 εἰσφέρουσι

153 903 206 947 τὰ
229 902 518 958 κουκουμάρια
546 897 884 956 κουβικουλάριοι
916 900 1020 952 δύο,
1053 899 1129 941 καί
1151 900 1321 941 πίνουσι
1346 897 1452 955 πρὸς
1481 896 1610 958 ἅπαξ,

154 970 231 1012 καὶ
255 966 337 1012 εἶθ’
362 965 494 1018 οὕτως
515 968 773 1023 εἰσέρχονται
803 964 841 1008 οἱ
870 965 1000 1021 φίλοι,
1038 965 1113 1006 καὶ
1137 965 1387 1008 ἐπιτελεῖται
1421 965 1447 1020 ἧ
1483 964 1610 1021 συνή-

152 1039 255 1079 θεια
291 1036 408 1077 πᾶσα
441 1036 520 1076 τοῦ
543 1033 794 1090 τραπεζίου·
848 1033 923 1074 καί
963 1028 1228 1074 ἀναστάντων
1265 1033 1347 1073 τῶν
1377 1032 1512 1088 φίλων
1537 1031 1612 1074 καί

153 1098 413 1154 ἐξελθόντων,
442 1101 559 1154 μένει
585 1096 663 1152 ὃ,τε
681 1096 884 1152 βασιλεὺς
903 1099 979 1140 καί
1001 1097 1026 1140 o‘
1049 1096 1339 1154 πατριάρχης,
1371 1099 1446 1140 καί
1468 1099 1611 1155 εἰσφέ-
1623 1104 1794 1151 Ms.75.b

103 1173 278 1223 ιόρουσι
298 1164 428 1208 πάλιν
461 1163 501 1208 οἱ
523 1165 862 1221 κουβικουλάριοι
895 1162 951 1206 τά
988 1162 1305 1219 κουκουμάρια,
1339 1165 1415 1207 καί
1441 1162 1608 1215 πιόντες

150 1232 280 1276 πάλιν
309 1229 415 1288 πρὸς
449 1228 562 1283 ἅπαξ
596 1227 866 1284 ἀνίστανται,
902 1231 977 1272 καί
994 1227 1016 1271 ὃ
1049 1231 1128 1283 μὲν
1151 1229 1414 1286 πατριάρχης
1455 1228 1608 1286 μικρὸν

149 1296 417 1352 ὑπεξελθών,
451 1296 599 1352 βάλλει
627 1295 674 1340 τὸ
718 1293 961 1354 ὦμοφόριον
993 1296 1150 1350 αὑτοῦ,
1187 1295 1210 1338 ὁ
1247 1297 1293 1338 δὲ
1324 1293 1527 1351 βασιλευς
1556 1296 1603 1340 τὸ

150 1366 303 1420 σαγίον
319 1363 469 1418 αὑτοῦ,
507 1364 583 1405 καί
601 1363 784 1412 εἷπόντες
810 1364 883 1406 τόν
913 1363 1079 1417 στίχον,
1109 1363 1331 1405 ἐπιδίδωσι
1361 1364 1419 1421 τῷ
1436 1365 1613 1416 βασιλεῖ

151 1427 174 1472 ὅ
195 1428 460 1486 πατριάρχης
487 1429 680 1484 εὐλογίας
688 1463 701 1483 ,
731 1430 806 1471 καί
830 1431 1071 1486 ἐξέρχονται
1096 1426 1135 1471 οἷ
1161 1426 1314 1485 ἱερεῖς.
1368 1429 1595 1480 καθέζεται
1610 1449 1642 1482 D

93 1497 198 1542 2061}
226 1491 309 1548 ὅ,τε
336 1493 539 1550 βασιλεῦς
567 1496 642 1537 καί
667 1494 689 1537 ὅ
719 1495 984 1552 πατριάρχης
1010 1492 1185 1549 μικρὸν,
1227 1491 1469 1547 ὁμιλοῦντες
1492 1492 1600 1550 πρὸς

147 1558 375 1616 ἀλλήλους,
428 1557 518 1604 εἶτα
550 1559 910 1617 προσκυνήσαντες
944 1558 1148 1614 α’λλήλους
1177 1560 1252 1602 καί
1292 1556 1598 1612 α’σπασάμενοι,

149 1627 411 1682 ἐξέρχονται,
452 1628 527 1669 καί
548 1627 570 1668 ὅ
595 1628 675 1680 μὲν
697 1626 959 1683 πατριάρχης
981 1627 1271 1682 προπέμπεται
1298 1623 1380 1667 ὑπὸ
1405 1628 1490 1668 τῶν
1517 1621 1598 1681 ἆρ-

143 1692 305 1746 χόντων
339 1694 415 1733 τοῦ
445 1694 740 1746 κουβουκλείου
773 1694 902 1748 μέχρι
937 1694 1014 1733 τοῦ
1054 1693 1252 1746 κοχλιοῦ,
1296 1692 1371 1734 καὶ
1400 1689 1483 1733 α’πὸ
1513 1692 1597 1733 τῶν

240 1781 297 1809 aa.
317 1771 394 1806 τῶν
416 1769 614 1816 ἀρχόντων
628 1772 689 1813 Β.,
713 1771 782 1805 τοῦ
805 1770 992 1818 ἄρχοντος
1016 1771 1070 1804 ed.

147 1847 360 1882 advocatum
384 1849 625 1894 patriarcham
649 1850 696 1884 ad
720 1850 903 1884 cochleam
921 1850 1071 1892 ducunt,
1097 1849 1175 1893 ubi,
1202 1850 1288 1884 dum
1311 1861 1426 1896 prope
1450 1856 1591 1896 portam

146 1895 188 1928 in
211 1895 430 1937 triclinium,
457 1897 519 1929 ubi
544 1908 667 1930 mensa
692 1898 811 1943 posita
837 1903 910 1939 est,
937 1898 1148 1940 ducentem,
1175 1897 1331 1939 residet,
1355 1899 1590 1943 praepositus

146 1941 186 1974 id
210 1943 421 1987 Imperatori
445 1943 601 1985 iudicat,
628 1944 692 1990 qui
715 1946 963 1990 praepositum
989 1945 1111 1986 iubet,
1138 1950 1180 1978 ut
1203 1943 1446 1990 patriarcham
1471 1956 1591 1979 arces-

143 1993 222 2030 ειη
246 1989 327 2034 ipse
349 2001 433 2034 sago
459 2001 525 2023 suo
549 1990 712 2032 indutus,
737 1992 784 2024 ad
806 2003 968 2025 mensam
991 1992 1234 2037 patriarcham
1261 1992 1408 2037 excipit,
1435 1993 1501 2039 qui
1525 2004 1590 2026 νος

144 2036 270 2077 niem,
294 2036 496 2071 sacerdotes
528 2037 574 2070 ad
601 2037 756 2072 stichum
781 2050 844 2072 seu
870 2039 1072 2072 orationem
1097 2039 1288 2072 dicendam
1303 2044 1418 2072 vocat.
1465 2040 1588 2085 Impe-

144 2086 243 2114 rator
275 2082 407 2116 deinde
441 2095 563 2130 sagum
588 2095 691 2118 suum
709 2111 719 2127 ,
748 2085 952 2131 patriarcha
988 2097 1074 2119 vero
1122 2086 1375 2131 omophorium
1411 2085 1584 2131 deponit,

144 2128 246 2174 quod
275 2129 477 2163 sacerdotes
509 2136 591 2175 post
619 2143 701 2164 uam
731 2143 921 2178 accepere,
953 2132 1101 2167 abeunt.
1159 2135 1301 2167 Interea
1328 2134 1411 2166 dum
1436 2144 1583 2167 mensae

140 2175 342 2219 Imperator
375 2181 412 2210 et
441 2179 598 2222 patr-iare
625 2190 645 2211 a
678 2179 864 2221 adsident,
898 2181 971 2213 duo
1006 2181 1222 2214 cubicularii
1258 2180 1463 2214 cucumaria
1496 2185 1584 2215 affe-

143 2227 247 2263 runt,
272 2233 312 2255 ac
336 2225 447 2257 semel
472 2223 624 2266 hibunt,
649 2225 805 2268 deinde,
830 2227 954 2260 amicis
979 2228 1170 2272 ingressis,
1210 2228 1324 2260 omnis
1350 2238 1496 2260 mensae
1523 2239 1583 2261 or-

143 2265 191 2298 do
214 2269 418 2314 peragitur:
444 2277 635 2317 postquam
659 2283 742 2305 vero
768 2285 955 2307 surrexere
979 2275 1085 2308 amici
1111 2279 1149 2308 et
1172 2275 1303 2320 egressi
1329 2280 1432 2314 sunt,
1458 2276 1579 2319 Impe,

143 2318 241 2347 rator
264 2322 301 2349 et
322 2317 524 2360 patriarcha
549 2324 755 2362 remanent,
787 2320 1002 2354 cubicularii
1027 2333 1148 2355 rursus
1175 2322 1377 2355 cucumaria
1402 2323 1579 2362 afferunt,

143 2363 182 2392 et
245 2366 408 2407 ostquam
462 2364 580 2398 adhuc
614 2367 726 2399 semel
757 2372 884 2411 potum
908 2379 1090 2410 sumsere,
1114 2373 1284 2414 surgunt,
1310 2374 1347 2402 et
1369 2366 1577 2413 patriarcha

141 2416 215 2459 pau
233 2417 253 2439 o
278 2413 362 2441 ante
394 2421 576 2456 εει-εοεαε,
609 2413 881 2458 omophorium,
917 2416 1118 2460 Imperator
1142 2427 1264 2460 sagum
1301 2427 1404 2448 suum
1435 2414 1578 2454 induit,

143 2451 312 2498 ‹hctaque
337 2457 512 2502 oratione,
544 2459 746 2504 patriarcha
771 2462 984 2506 Imperatori
1009 2462 1302 2496 benedictionem
1337 2462 1399 2494 dat
1414 2486 1422 2501 ‚
1460 2471 1579 2493 sacer-

142 2497 244 2531 dotes
269 2500 414 2535 abeunt.
460 2505 651 2552 Postquam
675 2517 759 2540 vero
785 2507 904 2541 adhuc
926 2510 1113 2554 paulisper
1137 2511 1336 2554 Imperator
1362 2512 1398 2541 et
1422 2507 1578 2552 patriar-

142 2543 208 2576 cha
234 2549 430 2581 conversati
454 2557 556 2591 sunt,
580 2558 663 2596 post
685 2554 933 2589 adorationem
959 2561 996 2589 et
1019 2557 1274 2589 salutationem
1293 2559 1454 2587 mutuam
1475 2565 1577 2598 egre-

143 2590 316 2645 diuntur,
341 2598 379 2627 et
401 2596 637 2639 patriarcham
662 2601 810 2646 quidem
834 2602 1008 2646 praefecti
1032 2603 1191 2636 cubiculi
1218 2602 1264 2639 ad
1289 2601 1491 2640 cochleam,
1518 2601 1576 2633 1¹1-

143 2636 188 2678 de
222 2638 414 2680 silentiar-ii
450 2643 498 2676 ad
520 2644 712 2693 *inferiora
757 2648 986 2692 conducunt.
1023 2650 1223 2697 Imperator
1252 2658 1361 2689 vero,
1399 2646 1574 2694 quamdiu
