1878 3112
348 127 422 169 DE
458 125 718 169 cmmou.
759 122 940 167 AULAE
969 122 1198 166 BYzAm.
1238 123 1294 165 11.
1322 126 1391 168 12.
1472 98 1587 165 553

148 227 300 284 σαγία,
338 230 412 271 καί
448 229 655 282 λαμβάνει
683 227 707 270 ὅ
736 228 901 283 πρῶτος
941 222 1139 279 βασιλεὺς
1164 221 1279 280 παρὰ
1304 223 1382 265 τοῦ
1407 235 1593 277 πραιπο-

148 297 269 338 σίτου
306 294 356 338 τό
378 291 483 337 ’ἇπὸ
516 290 813 349 ταωνοπτέρων
852 291 1059 347 ῥιπίδιον,
1099 291 1173 332 καί
1208 291 1431 346 φιλοκαλεῖ
1470 287 1593 342 πέριξ

147 363 225 417 τῆς
250 360 373 416 ἁγίας
397 362 623 416 τραπέζης,
652 361 724 402 καί
749 359 992 413 ἐξέρχονται
1018 358 1095 399 τοῦ
1119 355 1328 411 βήματος,
1364 352 1438 395 καί
1462 353 1593 407 ἀπέρ-

148 442 297 482 χονται
323 424 406 468 α’πὸ
435 428 574 477 δεξιᾶς
599 426 659 474 εἰς
684 423 760 480 τὴν
789 423 1033 476 ἐπίσκεψιν,
1081 422 1154 463 καί
1189 418 1388 462 ἅπτουσιν
1424 419 1593 461 κάκεῖσε
1648 476 1656 484 1

120 489 302 548 5κηροὺς
346 492 419 534 καί
460 492 774 547 προσκυνοῦσιν.
830 487 904 532 καί
930 484 1010 529 ἆπὸ
1050 489 1133 529 τῶν
1160 487 1291 529 ἐκεῖσε
1334 485 1592 541 ἀπέρχονται

145 556 226 608 ἔξω
252 558 332 601 τοῦ
356 559 678 613 μητατωρικίου,
708 557 753 598 ἐν
781 549 812 614 ᾧ
841 556 866 611 ἢ
893 553 1016 597 εἰκών
1040 555 1113 608 τῆς
1130 550 1335 595 Θεοτόκου
1364 551 1438 594 καὶ
1459 549 1481 593 ὅ
1510 546 1627 606 oie-C

143 625 300 679 γυροῦς
325 623 496 679 ἵδρυται
523 620 731 678 σταυρὸς,
780 621 854 664 καί
879 619 1087 663 ἅπτουσιν
1113 615 1277 660 κᾶκεῖσε
1305 616 1475 673 κηροὺς,
1517 616 1593 658 καὶ

145 690 410 746 εἰσέρχονται
433 690 493 739 εἰς
517 686 565 730 τό
593 688 878 745 μηταταὶριον,
907 687 998 740 καί,
1028 686 1068 729 εἰ
1091 683 1329 737 κελεύουσι,
1365 682 1591 734 σκεπάζον-

143 769 231 798 ται.
288 756 422 798 ἰστέον
438 787 450 808 ,
493 750 559 797 ὅτι
585 757 630 798 ἐν
656 748 691 813 ᾧ
718 752 830 812 τόπῳ
859 755 1044 796 ἵστανται
1071 750 1111 795 οἱ
1143 754 1332 805 βασιλεῖς
1359 747 1592 803 ἐπευχόμε-

97 829 238 874 ῐονοι,
275 821 466 863 ἵστανται
506 818 544 862 οἱ
571 821 647 875 τῆς
672 822 803 876 μέσης
835 816 1068 875 ἑταιρείας,
1112 815 1185 859 καὶ
1211 817 1337 859 adrat
1358 815 1591 870 ἐπευχόμε-

144 901 226 928 νοι.
278 884 352 927 καὶ
386 885 564 937 ἐξιόντες
600 885 839 942 διέρχονται
876 883 947 927 διὰ
985 885 1063 926 τοῦ
1097 882 1324 940 νάρθηκος,
1363 881 1437 924 καὶ
1463 879 1590 924 πάλιν

145 952 343 1006 δέχονται
366 951 537 1002 τούτους
563 953 610 994 οῗ
627 968 672 994 τε
691 950 922 1007 *μάγιστροι
947 949 1022 993 καί
1045 950 1256 1006 πατρίκιοι
1283 947 1357 991 καί
1385 944 1590 1004 ὄφφικιά-

145 1019 255 1069 λιοι,
292 1015 368 1059 καὶ
403 1013 570 1060 ἆνίασιν
605 1016 646 1061 οἶ
674 1015 870 1060 δεσπόται
914 1015 985 1058 διιὶ
1017 1017 1094 1058 τοῦ
1121 1016 1293 1070 κοχλιοῦ
1343 1013 1418 1056 καί
1457 1013 1590 1069 α’πέρ-

141 1096 304 1136 χονται.
362 1082 403 1124 οἱ
436 1083 483 1124 δὲ
509 1084 723 1136 βασιλικοὶ
761 1082 1121 1138 προαπερχόμενοι
1156 1081 1349 1123 ἵστανται
1378 1080 1492 1137 δεξιᾷ
1517 1078 1592 1121 καὶ

94 1147 345 1204 ιόἆριστερᾷ
385 1145 464 1200 ἔξω
492 1150 577 1190 τῶν
615 1145 866 1203 εἰσαγόντων
903 1149 1183 1203 παραπτέρων
1209 1147 1268 1196 εἰς
1295 1143 1347 1188 τὰ
1384 1141 1632 1192 ιῖποδυτιί.1)

143 1214 219 1256 καί
243 1214 327 1256 τῶν
368 1215 580 1257 δεσποτῶν
617 1216 926 1270 διερχομένων,
965 1210 1215 1267 ἐπεύχονται
1253 1213 1327 1254 καί
1362 1211 1493 1254 αὐτοί.
1550 1208 1592 1252 οἱ

141 1279 191 1322 δὲ
218 1276 419 1330 δεσπόται
446 1279 758 1335 δηριγευόμενοι
797 1278 881 1322 ὑπό
908 1295 955 1322 τε
981 1280 1061 1321 τοῦ
1087 1278 1380 1332 κουβουκλείου
1410 1275 1483 1318 καί
1505 1277 1593 1318 τῶν

137 1348 405 1400 μαγλαβιτῶν
431 1346 505 1387 καί
537 1348 613 1402 τῆς
648 1344 832 1402 μεγάλης
874 1342 1084 1401 ἑταιρείας
1092 1378 1107 1399 ,
1145 1346 1404 1400 εἰσέρχονται
1448 1343 1508 1392 εἰς
1533 1339 1589 1384 τοὶ

141 1409 354 1465 ἀπάγοντα
394 1409 648 1468 παράπτερα
690 1414 751 1461 εἰς
790 1411 843 1454 τὰ
875 1410 1078 1453 ἄποδυτά.
1132 1411 1207 1451 καί
1241 1408 1385 1463 οἱμὲν
1411 1409 1488 1462 τῆς
1512 1422 1590 1461 με·

84 1474 268 1532 '⁰742'ss
304 1473 515 1533 ἑταιρείας
553 1479 747 1521 ἵστανται
786 1475 920 1528 εὖθίὶς
958 1475 1068 1531 μετὰ
1106 1475 1254 1532 ὀλίγων
1290 1472 1590 1529 ἐπευχόμενοι,

233 1557 268 1592 8.
290 1555 503 1602 μητατιόριο
535 1555 633 1598 cod„
658 1561 700 1590 ut
723 1558 878 1604 saepius.

138 1634 284 1669 voninis
309 1632 467 1674 factum,
503 1636 651 1681 quicum
690 1635 754 1669 ille
794 1646 929 1669 sacram
951 1645 1112 1669 mensam
1144 1633 1402 1669 circumvertit.
1448 1631 1500 1667 Eo
1525 1632 1584 1667 fa-

140 1685 212 1722 nto,
236 1686 370 1714 exeunt
394 1692 414 1716 e
442 1681 606 1721 hemam,
632 1687 669 1717 et
691 1681 827 1716 abeunt
861 1694 882 1715 a
901 1682 1025 1715 dextra
1049 1687 1151 1726 parte
1181 1680 1228 1714 ad
1260 1679 1463 1726 episcepsin
1497 1678 1584 1727 [seu

137 1727 386 1761 visitationem
414 1733 524 1773 atque
548 1727 795 1762 adorationem
820 1739 998 1762 sacrarum
1027 1730 1065 1762 B.
1089 1728 1248 1773 Virginis
1273 1726 1523 1773 reliquiarum]
1546 1731 1586 1761 et

139 1773 195 1807 ibi
219 1785 363 1819 quoque
388 1774 590 1808 accendunt
611 1786 732 1810 cereos
759 1781 796 1809 et
823 1774 1025 1824 [reliquias]
1054 1774 1216 1808 adorant.
1265 1774 1369 1808 Illinc
1379 1773 1586 1818 procedunt

139 1831 256 1866 nsque
292 1821 339 1855 ad
375 1822 631 1863 metatoriam,
668 1822 708 1856 in
749 1833 821 1868 quo
872 1823 990 1867 imago
1038 1821 1295 1867 Deigenitricis
1340 1826 1379 1854 et
1413 1825 1584 1866 argentea

138 1876 227 1900 crux
264 1872 420 1910 exstant}
451 1868 491 1903 in
513 1870 615 1902 cuius
641 1868 743 1902 aditu
769 1879 931 1915 quoque,
954 1869 1163 1914 priusquam
1183 1867 1445 1912 ingrediantur,
1457 1877 1583 1901 cereos

137 1912 352 1947 accendunt.
400 1915 552 1959 Ingressi
578 1920 698 1949 autem
723 1915 893 1960 deinceps
927 1917 967 1948 in
1001 1915 1252 1956 metatorium,
1286 1915 1321 1958 si
1342 1914 1491 1960 quidem
1516 1924 1583 1947 cu-

136 1960 265 2006 piunt,
297 1960 508 1995 infulantur.
558 1962 789 2003 Tenendum,
813 1973 856 1996 eo
888 1963 928 1995 in
961 1962 1062 2003 loco,
1089 1963 1128 1995 in
1162 1972 1235 2006 quo
1268 1960 1471 1995 subsistunt
1499 1961 1584 1996 Do-

136 2007 228 2040 mini
253 2018 375 2052 preces
407 2007 453 2040 ad
481 2010 597 2042 Deum
621 2009 795 2042 facientes
810 2035 819 2050 ,
842 2009 897 2043 ibi
921 2009 1116 2043 subsistere
1152 2019 1298 2054 quoque
1313 2033 1322 2048 ,
1355 2008 1420 2053 qui
1450 2006 1582 2040 hacte-

136 2063 205 2086 nus
222 2063 283 2087 eos
310 2054 471 2088 comitati
498 2055 656 2096 fuerant,
674 2056 814 2089 mediae
840 2056 1024 2089 hetaeriae
1051 2055 1217 2089 homines
1243 2059 1327 2100 post
1348 2054 1445 2088 bona
1467 2053 1581 2088 verba

136 2098 303 2134 Dominis
328 2100 435 2135 dicta.
484 2102 689 2135 Transeunt
715 2114 821 2147 porro
847 2103 995 2136 Domini
1017 2113 1082 2147 per
1104 2101 1323 2142 narthecem,
1350 2113 1440 2147 quos
1465 2111 1582 2134 vene-

136 2151 261 2180 rantur
285 2147 442 2184 secunda
474 2148 553 2181 vice
578 2150 736 2194 magistri
762 2155 799 2183 et
835 2150 982 2193 patricii
1017 2155 1055 2183 et
1083 2148 1275 2192 officiaie33
1310 2153 1347 2182 et
1378 2147 1581 2182 ascendunt

136 2190 287 2226 Domini
313 2204 378 2237 per
401 2193 607 2235 cochleam,
630 2202 668 2229 et
692 2197 846 2231 ulterius
879 2202 1037 2242 pergunt
1071 2194 1118 2228 ad
1151 2195 1308 2240 apodyta
1345 2193 1418 2242 [vel
1441 2195 1579 2228 vestia-

138 2239 233 2272 rium
259 2241 476 2281 exutor-ium,
501 2241 567 2274 ubi
588 2254 610 2275 a
633 2242 762 2276 loturis
781 2247 895 2276 vestes
920 2241 1182 2290 deponuntur].
1219 2243 1362 2276 Interea
1383 2252 1468 2275 vero
1491 2240 1580 2274 dum

136 2283 229 2318 haec
253 2285 366 2327 fiunt,
389 2286 562 2321 ordinant
584 2300 683 2330 sese,
714 2290 778 2334 qui
802 2290 902 2334 prius
927 2302 948 2323 a
972 2290 1139 2323 Dominis
1173 2300 1254 2322 eum
1292 2290 1332 2322 in
1362 2289 1469 2321 finem
1492 2287 1579 2320 abs-

134 2337 335 2372 cesserant,
370 2332 513 2367 basilici
536 2334 581 2368 ad
614 2335 776 2369 dextram
808 2337 1063 2382 sinistramque
1087 2341 1226 2380 partem
1257 2335 1352 2369 foras
1385 2338 1579 2379 parapter-a

138 2375 227 2422 [sive
251 2377 324 2411 alas
347 2384 412 2412 aut
434 2380 717 2416 substructiones
740 2382 919 2429 laterales]
946 2382 992 2418 ad
1022 2382 1178 2427 apodyta
1220 2381 1390 2415 ducentes
1405 2406 1415 2421 ,
1448 2380 1580 2413 Domi-

135 2424 269 2469 nisque
293 2435 358 2468 per
381 2436 419 2458 se
442 2427 580 2461 medios
606 2429 876 2462 transeuntibus
900 2429 995 2463 bona
1029 2434 1235 2475 precantur.
1282 2426 1430 2460 Domini
1455 2429 1579 2459 autem

137 2470 263 2514 stipati
297 2481 318 2503 a
347 2471 516 2508 cubiculo
542 2479 580 2508 et
611 2475 813 2520 maglabitis
838 2481 876 2509 et
908 2487 1035 2519 magna
1056 2474 1219 2508 hetaeria
1244 2474 1381 2507 intrant
1405 2474 1444 2507 in
1470 2483 1580 2516 para—

135 2520 240 2562 ptera
263 2516 308 2549 ad
331 2517 486 2561 apodyta
509 2518 692 2554 ducentes.
739 2521 846 2555 Illinc
876 2527 996 2555 nutem
1024 2533 1180 2567 egressos
1214 2521 1376 2553 comitati
1411 2519 1580 2564 aliquan-

135 2562 278 2602 tulum,
301 2563 503 2598 subsistunt
524 2572 607 2610 post
630 2567 724 2600 bona
747 2567 857 2602 verba
891 2568 1056 2601 Dominis
1090 2567 1186 2600 dicta
1219 2576 1368 2611 magnae
1390 2564 1579 2599 hetaeriae

136 2608 327 2650 homines;
360 2609 546 2655 aliquanto
581 2614 734 2648 ulterius
768 2615 928 2647 comitati
961 2614 1163 2647 subsistunt
1194 2613 1425 2657 maglabitae,
1463 2617 1502 2645 et
1535 2611 1578 2646 hi
1615 2646 1618 2649 ,

138 2666 284 2701 quoque
309 2655 427 2688 fausta
450 2657 614 2692 Dominis
642 2661 876 2704 compremti,
910 2660 1069 2706 denique
1102 2659 1316 2693 cubicularii
1350 2657 1577 2699 subsistunt,

137 2701 325 2752 neque-hi
349 2701 495 2751 ,absque
526 2705 598 2751 piis
631 2707 742 2748 votis,
773 2706 872 2742 haud
905 2708 1029 2754 procul
1062 2718 1082 2743 a
1112 2704 1325 2752 monothyro
1358 2706 1440 2752 [seu
1469 2710 1576 2753 porta
