1878 3112
328 103 441 162 526
593 125 949 168 CONSTANTlNl
988 124 1468 169 PORPHYROGENm

324 241 448 282 μενον
474 228 776 282 προβληθῆναι.
821 224 846 267 ὅ
875 227 922 268 δὲ
951 229 1170 282 λογοθέτης
1193 226 1462 283 ἐξερχόμενος
1492 227 1650 284 εἶσάγει
1675 230 1756 272 αὖ·

324 291 394 335 τὸν
418 290 499 333 ἀπὸ
533 291 870 346 σκαραμαγγίου.
926 292 968 334 εἶ
993 294 1040 334 δέ
1066 293 1180 335 ἐστιν
1206 294 1343 348 ἡμέρα
1371 293 1629 347 ἀλλαξίμων,
1680 293 1758 338 ἐὰν

324 352 409 413 ὅρα
447 357 522 398 καί
552 357 665 398 ἐστιν
696 355 988 413 ὄφφικιάλιος,
1032 358 1189 412 εἰσάγει
1219 356 1350 401 αὐτὸν
1377 354 1485 412 μετὰ
1525 362 1607 402 τῶν
1639 359 1757 402 ἰδίων

325 420 573 474 άλλαξᾴιων.
620 421 692 463 καί
715 420 930 476 γενόμενος
957 421 1077 465 ἔνδον
1103 425 1178 465 τοῦ
1207 426 1364 479 συρτοῧ
1387 423 1519 479 βήλου
1547 426 1627 466 τοῦ
1648 441 1758 481 χρυ-

326 490 594 544 σοτρικλίνου,
625 487 763 530 πίπτει
791 489 852 530 ἐπ’
885 487 1083 545 ἐδάφους,
1113 492 1356 546 προσκυνῶν
1382 489 1454 533 τὸν
1481 493 1669 545 βασιλέα,
1699 486 1784 536 εἶ-5

325 569 378 594 τα
404 551 670 606 ἀνιστάμενος
696 553 769 595 καί
792 552 944 595 τούτου
971 554 1327 611 προπορευόμενος
1355 553 1378 596 ὅ
1405 558 1646 610 λογοθέτης,
1688 554 1759 611 ἔρ-

288 628 320 662 D
330 633 454 672 χεται
479 617 552 659 καί
577 618 738 660 ἵσταται
765 618 848 660 άπὸ
879 619 1020 674 ὀλίγου
1052 619 1330 675 διαστήματος
1353 622 1432 663 τοῦ
1456 621 1677 675 βασιλέως.
1731 619 1758 660 ὅ

329 685 377 725 δὲ
407 682 605 737 βασιλεύς
632 690 834 739 παραινεῖ·
855 683 986 727 αὐτὸν
1011 687 1088 727 τοῦ
1126 684 1232 739 μετά
1262 685 1398 742 φόβου
1425 687 1530 728 θεοῦ
1559 688 1631 728 καί
1657 684 1760 741 οἶλη-

326 747 446 797 &elem
471 749 544 791 καί
581 747 843 805 δικαιοσύνης
876 750 952 805 τήν
977 752 1326 807 ἔμπιστευομένην
1370 747 1484 810 onii-cf}
1509 753 1665 794 διέπειν
1689 750 1763 793 καὶ

327 813 488 856 ἰθύνειν
514 816 727 868 δουλείαν,
770 817 843 857 καί
866 813 923 858 τό
943 812 1254 872 ἀδωροδόκητον
1279 816 1352 859 καί
1378 813 1815 874 ἆπροσωπόληπτονιο

327 877 439 933 ἔχειν
467 881 525 930 εἰς
550 878 644 929 τους
670 878 889 936 ὑπηκόους,
917 883 989 924 καί
1008 877 1130 934 ἄλλα,
1159 877 1239 924 ὅσα
1268 881 1440 935 ἁρμόζει
1458 887 1545 931 τοῖς
1563 879 1762 931 τοιαύτας

330 946 575 995 ἐπιστασίας
606 947 992 1000 ἐμπιστευομένοις.
1049 948 1089 989 εἰ
1119 948 1165 989 δὲ
1193 946 1300 1004 τύχῃ
1333 943 1439 988 εἶναι
1465 941 1494 1002 ἢ
1523 946 1762 1000 δομέστικον

329 1012 415 1052 τῶν
440 1013 601 1065 σχολῶν
624 1007 651 1067 ἢ
679 1010 912 1067 στρατηγὸν
941 1008 970 1067 ἢ
995 1010 1132 1069 ἕτερόν
1153 1028 1244 1055 τινα
1271 1013 1354 1055 τῶν
1378 1013 1423 1055 ἐν
1449 1017 1534 1062 τοῖς
1560 1028 1762 1069 στρατιω-

330 1081 456 1125 τικοῖς
486 1077 823 1130 καταλεγομένων
851 1076 1086 1131 τάγμασιν,
1127 1075 1180 1120 τά
1209 1076 1314 1134 πρὸς
1345 1074 1541 1134 οἷνδρειάν
1571 1076 1644 1119 καὶ
1668 1092 1763 1132 γεν-

139 1137 524 1196 Εᾱ.ι.304ναιότητα
553 1143 831 1197 ἐπαλείφοντα
863 1141 936 1184 καὶ
975 1144 1229 1198 διεγείροντα
1251 1149 1459 1199 παραινεῖ.
1485 1143 1562 1184 τοῦ
1589 1143 1636 1184 δὲ
1659 1139 1817 1198 πρὸςιὸ

330 1209 464 1249 ταῦτα
491 1209 930 1263 προσαπολογουμένου
958 1206 1009 1251 τὰ
1040 1210 1198 1262 δέοντα,
1229 1210 1338 1263 λέγει
1363 1206 1466 1264 πρὸς
1490 1205 1621 1250 αὐτόν
1642 1204 1662 1248 ὅ
1684 1211 1764 1261 βα-

334 1270 496 1321 σιλεύς·
549 1273 650 1326 „snt
676 1269 845 1326 ὀνόματι
870 1275 946 1316 τοῦ
973 1271 1128 1330 πατρὸς
1164 1276 1237 1316 καί
1264 1276 1343 1316 τοῦ
1375 1272 1475 1316 υἱοῦ
1506 1272 1580 1315 καὶ
1612 1275 1688 1315 τοῦ
1715 1271 1766 1315 ἇ-

333 1339 427 1394 γιόυ
455 1337 687 1391 πνεύματος
724 1336 1010 1394 προβάλλεταί
1029 1354 1076 1381 σε
1104 1339 1130 1395 ἧ
1153 1341 1199 1382 ἔκ
1228 1339 1336 1382 Θεοῦ
1362 1338 1556 1393 βασιλεία
1579 1354 1664 1391 μου
1693 1339 1766 1380 δο-

335 1405 527 1458 μέστικον
557 1405 641 1446 τῶν
669 1401 970 1460 θεοφυλάκτων
995 1407 1194 1459 σχολῶν.”
1250 1405 1322 1446 καί
1347 1406 1505 1455 εὐθέως
1533 1405 1675 1446 πίπτει
1701 1405 1764 1446 ἐπ’

337 1469 519 1526 ἐδάφους
547 1470 619 1511 καί
643 1475 887 1525 προσκυνεῖ,
930 1466 1020 1512 εἶτα
1052 1474 1172 1526 φιλεῖ
1202 1469 1300 1520 τούς
1327 1468 1456 1519 πόδας
1483 1471 1560 1511 τοῦ
1583 1468 1819 1523 μεγάλουαο

338 1536 565 1591 βασιλέως,
592 1535 664 1576 καί
686 1531 766 1576 εἶθ’
794 1531 927 1584 οὕτως
952 1536 1027 1577 τοῦ
1052 1537 1228 1592 μικροῦ,
1264 1537 1338 1578 καί
1360 1533 1551 1589 ἐξάγεται
1577 1531 1660 1576 ὑπὸ
1689 1536 1765 1576 τοῦ

339 1603 558 1656 λογοθὲτου
587 1601 646 1649 εἰς
670 1596 716 1642 τό
747 1596 994 1656 ὡρολόγιον,
1034 1596 1127 1657 ἤτοι
1153 1602 1213 1651 εἷς
1240 1601 1314 1644 τὸν
1348 1598 1527 1658 πόρτικα
1554 1601 1630 1642 τοῦ
1653 1614 1764 1655 χρυ-

435 1703 487 1737 13.
512 1694 721 1748 στρατηγὸς
746 1700 827 1736 cod.
851 1705 889 1736 ct
912 1701 969 1740 ed.

342 1816 558 1853 introducat.
600 1817 796 1863 Egrediens
820 1817 930 1863 igitur
953 1817 1135 1862 logotheta
1161 1816 1219 1864 [ex
1242 1815 1541 1866 chrysotriclinio]
1570 1814 1769 1852 introducit

342 1877 426 1900 cum
463 1866 699 1910 scaramangio
732 1863 916 1906 indutum
942 1864 1012 1897 nisi
1037 1865 1085 1898 sit
1107 1865 1183 1898 dies
1215 1865 1506 1906 mutatoriorum,
1531 1865 1589 1898 vel
1620 1864 1660 1897 in
1691 1873 1766 1909 qno

342 1922 494 1957 pompae
521 1912 629 1956 gratia
653 1910 863 1955 splendidae
885 1916 998 1944 vestes
1021 1910 1244 1949 induuntur,
1280 1916 1317 1944 et
1338 1910 1565 1944 honorandus
1589 1910 1660 1943 iam
1682 1910 1766 1943 offi-

341 1958 443 1991 cialis
466 1958 523 1991 sit.
579 1958 630 1991 Eo
654 1959 750 1991 enim
775 1959 812 1990 in
834 1968 916 1991 casu
941 1957 1138 1991 introducit
1166 1969 1247 1990 eum
1271 1957 1311 1991 in
1335 1957 1408 1990 suis
1433 1957 1504 2002 ipsi
1527 1956 1767 2001 competenti-

341 2003 411 2037 bus
442 2004 658 2040 mutatoriis,
716 2003 844 2037 Velum
878 2005 1001 2048 itaque
1031 2003 1306 2047 chrysotriclinii
1330 2003 1508 2036 attractile
1530 2007 1769 2047 transgressus

342 2051 429 2083 novi
451 2049 598 2084 honoris
623 2050 831 2083 candidatus
854 2049 1011 2093 procidit
1044 2049 1165 2090 humi,
1200 2048 1351 2082 adorans
1377 2049 1646 2092 Imperatorem,
1681 2047 1769 2081 dein

344 2096 458 2139 surgit
483 2100 519 2129 et
531 2098 694 2141 sequitur
706 2100 937 2140 praeeuntem
956 2095 1174 2138 logothetam
1197 2106 1311 2139 usque
1333 2093 1379 2128 ad
1400 2105 1540 2139 parvam
1559 2094 1769 2128 distantiam

343 2141 391 2173 ab
416 2142 640 2186 Imperatore.
695 2142 823 2176 Coram
858 2142 911 2174 sic
936 2141 1135 2174 adstantem
1158 2140 1320 2174 hortatur
1344 2142 1558 2185 Imperator,
1592 2144 1633 2172 ut
1656 2139 1695 2173 in
1718 2139 1770 2172 ti-

345 2198 444 2220 more
469 2189 551 2227 Dei,
572 2189 721 2222 veritate
734 2213 743 2228 ‚
768 2187 838 2221 fide
862 2192 970 2232 atque
989 2188 1127 2220 iustitia
1145 2187 1302 2220 officium
1325 2187 1395 2220 sibi
1412 2186 1627 2220 accreditum
1649 2185 1770 2221 admi-⁴

345 2234 476 2267 nistret
499 2234 718 2279 dirigatque‚
741 2238 782 2266 ut
801 2244 882 2278 erga
899 2232 1061 2267 subditos
1087 2232 1239 2267 candore
1262 2238 1402 2274 utatur,
1427 2244 1447 2266 a
1470 2232 1615 2267 nemine
1640 2243 1770 2266 mune—

346 2291 386 2313 ra
407 2280 576 2324 accipiat,
602 2280 736 2313 ncmini
757 2281 964 2320 connivent,
997 2285 1034 2312 et
1057 2290 1148 2324 quae
1172 2284 1256 2312 sunt
1278 2280 1348 2312 alia
1372 2280 1500 2325 plura,
1532 2280 1592 2313 isti
1616 2278 1770 2323 tempori

349 2325 503 2372 locoque
539 2332 576 2360 et
605 2326 744 2360 homini
786 2327 898 2359 tantis
923 2326 1130 2358 muneribus
1173 2325 1418 2369 praeficiundo
1460 2326 1560 2360 dictu
1603 2336 1769 2370 congrua.

346 2373 401 2406 lta
425 2374 455 2406 si
480 2371 652 2406 creandus
678 2378 740 2406 aut
758 2372 955 2406 scholarum
975 2372 1022 2405 sit
1039 2370 1272 2412 domesticus,
1297 2377 1360 2404 aut
1378 2377 1572 2418 strategus,
1596 2376 1658 2404 aut
1677 2372 1772 2404 alius

348 2419 480 2464 aliquis
562 2420 723 2464 gistratus
745 2419 789 2451 de
817 2418 943 2452 ordine
967 2418 1137 2457 militari,
1161 2419 1336 2462 praecipit
1358 2419 1427 2463 ipsi
1453 2430 1512 2460 ea,
1537 2423 1628 2464 quae
1645 2417 1773 2450 nobile

348 2470 472 2511 pectus
499 2430 558 2498 :dia
569 2466 799 2499 constantiam
824 2465 962 2498 virilem
986 2463 1306 2510 fortitudinemque
1326 2465 1508 2498 stimulare
1525 2470 1561 2498 et
1577 2462 1772 2496 accendere

348 2513 482 2545 valent.
530 2511 764 2545 Honorandus
791 2511 836 2544 ad
860 2523 936 2544 eam
952 2510 1233 2544 cohortationem
1252 2517 1333 2555 apta
1352 2511 1551 2556 decoraque
1567 2507 1771 2555 respondet.

350 2558 435 2603 Quo
449 2558 542 2591 facto
564 2558 758 2603 Imperator
774 2559 843 2590 ait:
867 2559 913 2592 In
926 2557 1069 2592 nomine
1095 2555 1218 2590 Patris
1243 2565 1278 2591 et
1300 2558 1389 2591 Filii
1413 2565 1447 2591 et
1469 2558 1626 2604 Spiritus
1651 2554 1772 2589 sanni

351 2617 464 2639 meum
490 2616 512 2638 a
543 2605 618 2639 Deo
645 2604 735 2638 mihi
764 2615 970 2639 concessum
1002 2605 1191 2650 imperium
1221 2611 1257 2637 et
1285 2615 1450 2644 suprema
1482 2604 1649 2637 maiestas
1673 2606 1774 2636 creat

351 2660 386 2685 te
411 2651 637 2687 domesticum
659 2651 885 2690 scholarum,
919 2662 1012 2697 quas
1034 2651 1131 2684 Deus
1155 2650 1282 2683 salvas
1302 2658 1336 2684 et
1364 2650 1512 2695 sospites
1537 2659 1674 2695 semper
1698 2656 1774 2681 esse

353 2698 485 2734 iubeat.
544 2697 708 2732 Protinus
738 2697 896 2732 concidit
919 2697 1114 2731 honoratus
1143 2695 1262 2736 humi,
1289 2701 1327 2729 et
1353 2695 1479 2729 adorat
1497 2696 1774 2741 Imperatorem,
