1878 3112
291 137 319 192 7
332 117 401 193 78
559 136 917 180 CONSTANTINI
976 137 1460 184 ronrmnoolml‘rr
1519 150 1521 153 ·

285 251 443 293 νιδίων.
495 248 592 300 τοὺς
619 252 666 292 δὲ
694 250 866 301 λοιπούς
894 254 1161 309 μαγίστρους,
1192 252 1462 302 α’νθυπιέτους
1487 252 1730 310 πατρικίους

285 319 359 359 καί
385 314 573 365 ἅπαντας
607 314 704 365 τούς
744 316 990 370 βασιλικούς
1025 317 1274 376 ἀνθρώπους
1311 316 1529 373 ταμιεύειν
1571 318 1730 369 αὐτούς

284 382 391 436 μετὰ
419 383 646 439 θωρακίων
671 382 745 425 καί
769 385 1078 437 κονδομανίκων
1104 387 1163 434 εἰς
1194 384 1240 428 τὸ
1271 383 1447 440 σάξιμον
1473 386 1549 441 τῆς
1574 384 1731 442 τραπέ-

287 451 372 504 ζης,
397 446 657 503 χορευόντων
684 450 732 492 δὲ
758 447 923 493 πάντων
948 453 1067 507 πέριξ
1092 454 1163 508 τῆς
1187 454 1404 510 βασιλικῆς
1430 453 1638 508 τραπέζης
1658 451 1733 494 καὶ

286 514 360 570 τὴν
389 511 621 572 ἄνᾶρ’ῥυσιν
649 511 950 572 εύφημούντων
973 519 1050 559 τοῦ
1078 516 1327 574 σοφωτάτου
1355 516 1588 571 δεσπότου,
1617 518 1756 563 ‹wo-5

285 598 355 624 ται
383 585 483 638 παρ’
513 583 646 624 αύτοῦ
681 580 844 632 τούτοις
872 584 932 633 εἷς
974 584 1220 641 φιλοτιμίας
1245 585 1433 627 ἐπίδοσιν
1471 582 1730 639 α’ποκόμβιον

288 647 385 702 ἕχον
420 650 589 703 χρυσοῦ
625 651 771 705 λίτρας
806 650 862 704 γ’·
916 652 1137 706 προσέχειν
1177 651 1225 692 δὲ
1266 652 1338 693 δεῖ
1371 648 1449 706 τήν
1487 646 1731 705 α’κτολογίαν

247 715 364 757 Βτοῦ
403 715 567 769 δήμου,
616 716 690 757 καί
727 716 944 774 ἐξανιστᾷν
986 713 1174 766 ἅπαντας
1200 716 1298 766 τούς
1325 718 1596 773 κεκλημένους
1625 714 1732 772 πρὸς

286 780 503 837 εὐφημίαν
529 782 605 824 τοῦ
633 778 837 824 δεσπότου
867 780 970 824 κατὰ
999 780 1074 825 τὸν
1102 783 1399 840 προγραφέντα
1423 780 1576 826 τύπον.
1630 782 1732 838 ἐφει-

286 849 357 902 ξῆς
397 849 443 890 δὲ
478 847 628 903 ταύτης
664 849 737 902 τῆς
764 847 926 904 ἡμέρας
957 852 1132 891 τελεῖται
1171 846 1447 906 πεζοδρόμιον
1486 846 1623 904 βωτὸν
1648 849 1783 892 mimo

285 915 468 955 πολιτῶν
505 914 701 956 τυπωθὲν
746 914 818 956 ε’πί
843 916 1030 964 Λέοντος
1074 915 1151 958 τοῦ
1193 914 1470 972 φιλοχρίστου
1508 911 1731 968 δεσπότου,

283 981 357 1021 καί
393 979 578 1022 δίδονται
616 979 853 1036 σφραγίδια
880 978 938 1030 ὥς
965 980 1073 1023 κατὰ
1101 978 1230 1024 τύπον
1262 983 1338 1024 τοῦ
1364 982 1504 1036 βωτοῦ
1531 981 1732 1036 πεζοδροσ

282 1046 384 1098 μιόυ
397 1079 411 1099 ‚
452 1044 526 1088 καί
561 1048 809 1101 προτίθεται
847 1044 1077 1103 κλητοόριον
1111 1049 1169 1105 τῷ
1205 1051 1379 1102 βασιλεῑζ
1400 1049 1472 1090 ἐπὶ
1498 1047 1732 1101 οἰποκοπτῆς

284 1112 492 1167 τραπέζης
535 1111 644 1153 κατὰ
682 1110 757 1167 τὴν
797 1115 930 1168 μέσην
972 1115 1094 1156 θέσιν
1130 1115 1209 1156 τοῦ
1235 1115 1495 1171 περιφανοῦς
1523 1112 1730 1170 τρικλίνου

85 1178 366 1229 Μιαόγαιτῶν
395 1175 449 1218 ιθ’
480 1179 667 1232 τερπνῶν
694 1179 948 1232 α’κουβίτων,
994 1181 1069 1222 καί
1093 1183 1392 1223 συνεστιῶνται
1417 1181 1474 1237 τῷ
1499 1182 1671 1234 βασιλεῖ’
1690 1175 1784 1220 οἶιό

284 1241 557 1299 πραιπόσιτοι
583 1241 664 1285 σύν
688 1248 773 1292 τοῖς
810 1242 1031 1298 εὐνούχοις
1066 1245 1462 1302 πρωτοσπαθαρίοις
1488 1244 1562 1288 καί
1584 1260 1732 1300 πριμι-

285 1311 469 1365 κηρίοις,
502 1307 577 1350 τὸν
606 1308 790 1365 ἀριθμὸν
817 1310 886 1363 ἓξ,
926 1308 1127 1359 ὡσαύτως
1153 1313 1226 1353 καί
1252 1309 1404 1360 πάντες
1431 1309 1471 1353 οἱ
1494 1313 1664 1365 πένητες
1692 1309 1732 1351 οἱ

244 1373 341 1416 cui
370 1373 604 1431 σφραγίδια
630 1377 708 1416 τοῦ
733 1378 940 1429 βασιλέως
978 1375 1049 1418 διὰ
1089 1374 1234 1432 χειρὸς
1261 1378 1345 1419 τῶν
1370 1373 1626 1431 μεγιστάνων
1654 1380 1729 1417 λα-

285 1439 447 1494 βόντες,
496 1438 572 1482 καὶ
597 1440 760 1483 δίδοται
786 1437 932 1490 αὐτοῖς
958 1441 1214 1496 ἅποκόμβιον
1241 1441 1321 1484 ἀνὰ
1348 1444 1602 1495 νομίσματος
1630 1457 1659 1483 α
1679 1440 1728 1496 γ’.

285 1505 358 1548 καί
385 1507 485 1559 μεθ’
511 1506 674 1562 ἡμέρας
702 1504 779 1549 δύο
805 1511 987 1549 τελεῖται
1014 1507 1183 1551 ἱππικόν
1212 1505 1501 1564 ἱπποδρόμιον,
1527 1506 1602 1550 καί
1626 1520 1784 1563 προ-πο

284 1573 444 1614 τίθεται
472 1571 698 1627 κλητώριον
724 1571 797 1615 ἐπὶ
819 1575 894 1615 τοῦ
919 1574 1126 1629 τρικλίνου
1155 1575 1232 1616 τοῦ
1260 1573 1533 1627 καθίσματος,
1565 1575 1639 1616 καί
1664 1575 1736 1616 δεῖ
1757 1596 1763 1601 ·

285 1635 399 1692 ἡμᾶς
439 1633 696 1693 εὐτρεπίζειν
732 1640 793 1689 εἰς
832 1640 1099 1682 συνεστίασιν
1139 1642 1196 1698 τῷ
1232 1643 1406 1694 βασιλεῖ’
1426 1640 1580 1696 ’φίλους
1625 1636 1731 1681 κατὰ

285 1702 354 1746 τὸν
382 1705 426 1746 ἐν
454 1709 541 1753 τοῖς
577 1702 895 1761 ἱπποδρομικοῖς
921 1705 1168 1763 κλητωρίοις
1210 1708 1413 1760 λεχθέντα
1450 1702 1608 1748 τύπον.
1661 1704 1735 1747 ἐπὶ

288 1833 331 1862 ut
353 1829 526 1873 magistri,
550 1830 798 1874 proconsules,
820 1830 964 1876 patricii
992 1834 1029 1864 et
1054 1840 1178 1863 omnes
1202 1829 1365 1864 homines
1384 1829 1590 1876 imperiales
1613 1837 1730 1863 reser-

287 1880 417 1908 vantur
440 1876 487 1909 ad
511 1877 754 1921 peragendum
779 1878 818 1911 in
842 1877 1050 1912 thoracibus
1088 1882 1125 1911 et
1149 1877 1431 1911 condomaniciis
1466 1877 1641 1910 saximum
1665 1879 1730 1909 aut

289 1922 457 1956 choream
482 1934 638 1958 mensae.
687 1924 911 1958 Saltantibus
936 1929 1058 1957 autem
1082 1924 1250 1958 omnibus
1275 1924 1367 1958 circa
1394 1933 1530 1957 sacram
1568 1933 1730 1957 mensam

288 1974 326 2002 ct
349 1969 603 2004 liberationem
626 1971 886 2016 sapientissimi
910 1971 1059 2005 Domini
1093 1971 1362 2005 celebrantibus
1414 1970 1523 2004 datur
1569 1969 1616 2003 ab
1647 1971 1728 2049 ilpto

289 2016 438 2050 nomine
472 2016 561 2051 doni
595 2018 742 2062 gratuiti
776 2017 1029 2063 apocombium
1055 2018 1243 2051 continens
1275 2019 1378 2052 liti-aa
1402 2022 1485 2051 tres.
1533 2017 1655 2050 Artem
1668 2026 1729 2050 ere

291 2062 463 2107 deinceps
490 2068 647 2107 oportet,
671 2065 816 2110 quando
841 2065 1015 2098 sactiones
1039 2070 1118 2098 aeta
1144 2063 1263 2098 dicere
1286 2065 1478 2109 incipiant,
1502 2067 1540 2095 et
1562 2067 1638 2095 tum
1662 2073 1730 2095 ex-

289 2107 400 2142 citare
425 2110 588 2143 convivas
615 2110 659 2144 ad
683 2111 808 2144 laudes
836 2112 980 2144 Domini
1007 2111 1190 2151 dicendas,
1214 2116 1323 2156 prout
1345 2122 1453 2155 supra
1469 2109 1730 2154 praescriptum

291 2159 356 2188 est.
405 2155 616 2191 Immediate
641 2162 725 2201 post
753 2158 859 2190 illum
884 2157 981 2191 diem
1006 2157 1192 2201 peragitur
1217 2163 1339 2190 votum
1364 2155 1632 2203 pezodromium
1664 2165 1728 2189 seu

290 2211 364 2246 quo
389 2201 573 2246 pedestres
599 2203 731 2236 urbani
760 2212 923 2237 cursores
951 2206 1102 2242 certant,
1149 2214 1170 2236 a
1193 2203 1340 2243 Leone,
1375 2202 1560 2238 Christum
1584 2208 1729 2237 amante

287 2248 466 2288 Domino,
492 2248 697 2283 institutum
723 2255 760 2283 et
779 2250 1010 2293 ordinatum3
1048 2250 1252 2294 danturque
1279 2247 1532 2296 [pauperibus]
1558 2253 1729 2291 tesserae,

287 2300 332 2328 ut
354 2294 394 2327 in
420 2294 486 2328 tali
508 2300 592 2328 voto
617 2297 777 2329 cursorio
801 2296 909 2330 moris
935 2301 999 2329 est.
1046 2297 1142 2330 Dein
1173 2302 1427 2341 proponuntur
1460 2306 1581 2329 sacrae
1617 2296 1728 2340 dapes

288 2351 397 2386 super
420 2341 602 2385 peculiare
625 2353 749 2376 mensa
778 2343 818 2376 in
844 2342 962 2376 media
986 2348 1088 2388 parte
1126 2342 1278 2376 illustris
1311 2343 1464 2376 triclinii
1486 2342 1727 2376 iucundorum

288 2387 528 2421 novendecim
574 2389 804 2422 accubituum
847 2391 994 2424 seorsim
1039 2389 1167 2434 posita.
1229 2389 1474 2424 Convivantur
1516 2389 1728 2434 Imperatori

287 2436 510 2479 praepositi,
549 2435 706 2468 eunuchi
734 2437 1017 2481 protospatharii
1042 2442 1079 2470 et
1101 2435 1349 2482 primicerius,
1395 2436 1434 2470 in
1459 2435 1663 2469 universum
1686 2435 1728 2468 hi
1750 2433 1759 2441 “

289 2491 370 2523 sex3
396 2481 529 2515 deinde
554 2480 698 2527 quoque
725 2493 900 2527 pauperes
925 2493 1060 2522 omnes,
1083 2484 1147 2528 qui
1173 2488 1324 2517 tesseras
1347 2483 1552 2528 imperiales
1568 2493 1634 2526 per
1654 2492 1730 2515 ma-

290 2538 359 2560 nus
385 2533 591 2570 magnatum
617 2536 856 2573 acceperunt3
891 2529 929 2562 hi
955 2530 1135 2564 donantur
1157 2529 1294 2564 viritim
1325 2530 1475 2575 singulis
1501 2528 1657 2562 nummis
1689 2532 1727 2562 et

292 2576 478 2618 quaternis
505 2575 782 2608 iniliareusibus.
835 2577 959 2610 Tertio
990 2575 1048 2609 die
1077 2581 1159 2621 post
1182 2576 1366 2622 peragitur
1401 2582 1581 2609 certamen
1613 2585 1728 2620 eque-

293 2625 366 2653 stre
395 2622 612 2662 cursorium,
638 2627 674 2655 et
701 2622 902 2657 celebratur
927 2623 1128 2657 convivium
1155 2625 1193 2657 in
1218 2624 1379 2656 triclinio
1407 2621 1651 2662 cathismatis,
1681 2620 1729 2656 ad

293 2666 393 2711 quod
419 2668 610 2701 invitamus
636 2669 793 2709 amicos,
835 2680 923 2715 quos
952 2670 1059 2704 moris
1085 2681 1160 2704 esse
1185 2672 1223 2703 in
1255 2669 1351 2703 ludis
1377 2667 1604 2715 equestribus
1634 2669 1728 2702 invi-

293 2714 363 2747 tari
389 2724 495 2760 supra
521 2715 687 2751 diximus.
737 2717 804 2750 Dic
830 2717 982 2762 Augusti
1019 2722 1117 2751 sexto
1144 2716 1345 2752 celebratur
1376 2715 1556 2762 processio
1581 2716 1620 2750 in
1646 2724 1727 2750 mu-
