1832 3112
285 97 359 164 34
572 112 934 157 CONSTANTINI
977 112 1466 157 ponpnmocnmn

287 219 479 273 χομένων
506 215 650 266 καθώς
681 213 864 269 εἴπομεν,
894 216 968 257 καί
988 217 1061 270 τῆς
1089 216 1245 271 ε’νδυτῆ
1248 232 1269 266 ς
1291 214 1398 258 κατά
1412 215 1488 272 τὴν
1521 217 1740 274 ἐκκλησια-

288 282 433 339 στικὴν
462 282 721 325 κατάστασιν
753 281 1122 337 ύπαλλαττομένης
1138 315 1152 336 ,
1176 282 1384 336 λαμβάνει
1411 280 1432 323 ὃ
1465 283 1741 339 πραιπόσιτος

286 351 333 392 ἐκ
361 348 505 406 χειρὸς
532 350 610 390 τοῦ
630 348 979 402 κουβικουλαρίου
1013 347 1060 389 τὸ
1097 348 1381 403 κεντινάριον,
1420 347 1493 390 καί
1519 348 1742 393 ἐπιδιθωσι

285 417 343 473 τῷ
370 419 557 470 βασιλεῖ’,
585 411 659 455 καί
681 411 701 454 ὃ
721 410 919 466 βασιλεὺς
951 408 1182 468 ἇποτίθησι
1211 416 1336 456 τοῦτο
1368 415 1414 456 ἐν
1441 416 1500 472 τῷ
1535 415 1741 474 πεζουλίῳ

284 484 361 525 τοῦ
381 476 659 523 θαλασσιδίου
687 480 762 534 τῆς
804 478 935 534 αὐτῆς
969 477 1091 533 ἁγίοις
1121 481 1342 536 τραπέζης.
1380 479 1455 522 καί
1483 475 1566 522 εἷθ’
1607 476 1767 532 οὓτωςό

283 547 518 600 θυμιῶντος
550 546 626 586 τοῦ
664 542 866 586 δεσπότου
907 542 1015 586 κατὰ
1061 542 1136 586 τόν
1166 545 1466 600 προειρημένον
1501 543 1634 587 τύπον
1664 547 1740 588 τοῦ

285 610 602 667 εὖαγγελισμοῦ,
618 612 859 666 διέρχονται
884 607 956 651 διά
983 611 1064 652 τοῦ
1083 606 1310 666 ἀριστεροῦ
1329 608 1486 666 μέρους
1507 611 1582 653 τοῦ
1603 607 1741 653 αὐτοῦ

283 676 495 734 βήματος,
524 675 598 718 καί
619 677 889 733 εἰσέρχονται·
907 678 953 718 ἐν
974 677 1032 735 τῷ
1056 673 1390 734 σκευοφυλακίῳ,
1417 675 1584 719 κᾶκεῖσε
1606 680 1741 731 θυμι-

284 747 413 793 ῶντος
437 745 511 786 τοῦ
543 744 744 785 δεσπότου
772 741 825 784 τά
861 741 954 799 ἱερὰ
993 742 1134 797 σκεύη,
1164 743 1414 794 καθέζονται
1443 743 1490 784 ἐν
1517 748 1603 793 τοῖς
1631 760 1741 799 χρυ-

248 816 375 860 Βσοῖς
401 809 555 851 τούτων
584 810 783 861 σελλίοις,
815 806 836 850 ὁ
861 809 907 850 δὲ
944 806 1212 864 πατριάρχης
1240 807 1313 850 ἐπὶ
1347 808 1424 850 τοῦ
1461 807 1593 851 ἐκεῖσε
1621 807 1790 853 ἵστα-οι

113 878 417 930 Με.33.ειμένου
446 874 620 931 θρόνου.
679 876 824 931 (ΚΗ.)
868 872 962 916 Καὶ
993 872 1042 929 δη
1074 875 1152 915 τοῦ
1181 875 1450 929 πατριάρχου
1481 874 1745 926 ἐπιδιδόντος

283 948 370 991 τοῖς
399 939 619 990 δεσπόταις
637 941 701 994 τό,
715 957 760 982 τε
782 938 937 996 νάρδον
965 938 1107 982 καὶτὰ
1135 940 1348 996 τριψίδια,
1377 938 1452 981 καί
1474 937 1581 992 μετά
1604 941 1741 982 ταῦτα

283 1013 515 1063 προσκυνεῖ
538 1005 560 1048 ὃ
589 1008 666 1048 τοῦ
693 1007 1031 1062 σκευοφυλακίου
1057 1004 1392 1062 χαρτουλάριος,
1433 1006 1509 1047 καί
1533 1005 1742 1060 λαμβάνει

284 1069 416 1128 εύχὴν
450 1063 566 1128 πάρα
594 1073 672 1114 τοῦ
691 1069 986 1128 πατριάρχου,
1017 1072 1089 1113 καί
1115 1069 1390 1128 ἐξερχόμενος
1406 1077 1523 1113 ποιεῖ
1546 1070 1622 1127 τὴν
1646 1074 1742 1114 δια-

285 1136 419 1193 νομήν
445 1140 521 1180 τοῦ
543 1137 698 1194 νάρδου
720 1138 781 1188 εἰς
807 1136 907 1187 τοὺς
931 1139 1006 1192 τῆς
1034 1135 1282 1193 συγκλήτου,
1311 1135 1385 1179 καί
1407 1135 1512 1191 μετὰ
1539 1135 1586 1180 τὸ
1612 1140 1795 1183 veisa-15

287 1206 452 1260 ωθῆναι
479 1201 556 1259 τὴν
581 1203 779 1259 τοιαύτην
808 1202 1035 1259 διανομήν,
1065 1205 1310 1260 ἐξέρχονται
1338 1202 1379 1244 οἱ
1406 1202 1606 1245 δεσπόται
1632 1202 1742 1257 μετὰ

285 1271 364 1312 τοῦ
402 1268 692 1327 πατριάρχου,
733 1268 806 1310 καί
840 1267 910 1311 διά
941 1270 1018 1311 τοῦ
1053 1269 1285 1326 ἀριστεροῦ
1310 1270 1469 1324 μέρους
1497 1270 1574 1310 τοῦ
1599 1268 1743 1324 βῆμα-

286 1351 358 1385 τος
395 1337 469 1378 καί
506 1337 586 1376 τοῦ
626 1334 747 1390 ἁγίου
780 1336 994 1379 Νικολάου
1036 1333 1322 1391 διερχόμενοι,
1365 1335 1606 1391 ἐξέρχονται
1639 1333 1742 1391 πρὸς

286 1400 366 1456 τήν
393 1399 579 1457 μεγάλην
609 1400 743 1456 πύλην
771 1400 847 1456 τὴν
882 1400 1114 1455 ἐξάγουσαν
1143 1402 1203 1449 εἰς
1237 1398 1286 1442 τὰ
1333 1396 1453 1455 ἅγιον
1482 1403 1632 1458 φρέαρ.
1673 1399 1742 1444 ἒν-

290 1469 417 1509 δοθεν
445 1465 521 1524 γάρ
561 1466 719 1522 ταύτης
743 1469 818 1523 τῆς
855 1465 989 1523 πύλης
1018 1465 1240 1520 ἱσταμένου
1270 1467 1348 1508 τοῦ
1375 1466 1641 1523 πατριάρχου
1667 1468 1796 1510 καίαο
1828 1475 1832 1509 ’Ξ

251 1534 375 1580 cmiv
404 1534 636 1586 δεσποτῶν,
674 1534 917 1576 ἐπιδίδωσιν
947 1532 970 1575 ὅ
1006 1531 1272 1588 πατριάρχης
1298 1547 1374 1582 τας
1410 1529 1616 1587 εὖλογίας,
1643 1526 1740 1588 ἦτοι

286 1599 366 1648 τὰς
392 1598 640 1656 προσφορὰς
654 1633 668 1654 ,
707 1605 795 1649 τοῖς
824 1597 1072 1653 δεσπόταις,
1102 1598 1269 1640 κάκεῖσε
1297 1599 1345 1640 δὲ
1372 1598 1522 1640 τοῦτον
1550 1594 1742 1649 ἇσπαζό-

286 1680 405 1718 μενοι
435 1663 475 1705 οἱ
503 1663 701 1708 δεσπόται
736 1664 1119 1722 ἆποχαιρετίζουσι,
1146 1665 1219 1706 καί
1245 1662 1317 1706 διά
1349 1665 1427 1705 τοῦ
1454 1662 1574 1718 ἁγίου
1605 1665 1742 1720 φρέα-

287 1746 360 1780 τος
398 1731 650 1786 διέρχονται.
692 1730 886 1783 ἐξιόντων
923 1732 971 1773 δὲ
1006 1731 1087 1773 τῶν
1126 1731 1338 1772 δεσποτῶν
1375 1726 1450 1786 τὴν
1485 1727 1566 1781 ἔξω
1603 1728 1741 1785 πύλην

288 1798 369 1838 τοῦ
398 1796 520 1851 ἁγίου
552 1800 755 1854 φρέατος,
784 1799 979 1840 ἵστανται
1005 1797 1171 1839 adustae
1200 1795 1224 1837 ὅ
1255 1795 1473 1852 δήμαρχος
1498 1796 1584 1838 τῶν
1611 1796 1740 1837 Βενέ-

290 1878 374 1904 των
414 1860 519 1916 μετά
559 1861 632 1905 καὶ
675 1866 751 1906 τοῦ
805 1863 938 1920 δήμου
990 1864 1068 1906 τοῦ
1118 1863 1268 1904 λευκοῦ
1313 1859 1738 1918 κατασφραγίζοντες·

291 1983 389 2006 sacro
413 1973 565 2006 instrato
590 1973 790 2007 secundum
823 1974 997 2007 ecclesiae
1030 1974 1142 2007 ritum
1165 1976 1326 2013 mutato,
1367 1973 1594 2018 praepositus
1618 1985 1639 2008 a
1673 1983 1738 2006 cu-

289 2018 467 2052 biculario
496 2022 744 2053 centenarium
770 2023 899 2062 sumit,
946 2027 983 2054 et
1006 2020 1217 2065 Imperatori
1248 2018 1378 2060 tradit,
1426 2020 1488 2065 qui
1515 2020 1554 2053 id
1579 2020 1618 2052 in
1642 2020 1736 2054 atrio

289 2066 396 2098 maris
424 2072 565 2099 sanctae
600 2078 742 2100 mensae
779 2067 935 2112 reponit.
994 2067 1119 2100 Postea
1152 2067 1302 2099 Domini
1348 2066 1547 2100 secundum
1586 2077 1736 2108 morem,

291 2113 356 2158 qui
380 2112 471 2145 festo
498 2114 787 2147 annuntiationis
810 2114 942 2147 beatae
966 2114 1114 2159 virginis
1139 2112 1295 2153 obtinet,
1320 2113 1532 2154 incensant,
1557 2117 1596 2146 et
1617 2118 1737 2146 trans-

291 2163 418 2191 euntes
442 2170 507 2202 per
530 2160 708 2194 sinistram
732 2161 885 2195 bematis
909 2167 1071 2205 partem,
1095 2161 1235 2200 locum,
1259 2159 1324 2192 ubi
1349 2171 1446 2192 sacra
1469 2172 1552 2194 vasa
1573 2158 1736 2193 custodi-

291 2211 415 2246 untur,
442 2206 591 2247 intrant,
620 2208 753 2252 quibus
780 2207 993 2248 incensatis,
1022 2208 1094 2252 ipsi
1120 2209 1160 2241 iu
1185 2207 1302 2239 aureis
1330 2207 1428 2239 sellis
1454 2208 1552 2247 suis,
1583 2207 1739 2250 patriar-

292 2251 359 2284 cha
385 2253 423 2285 in
449 2252 579 2286 throno
606 2254 658 2287 ibi
683 2256 876 2295 collocato,
903 2254 1102 2288 consident.
1161 2252 1366 2298 (XXVIII.)
1400 2253 1504 2286 Tunc
1524 2253 1674 2287 nardum
1700 2257 1739 2286 et

292 2299 560 2332 cinnamomum
579 2301 748 2335 Dominis
773 2301 977 2347 patriarcha
1006 2303 1121 2340 offert,
1147 2305 1274 2343 postea
1299 2299 1535 2332 chartularius
1556 2309 1739 2333 sacrorum

290 2355 458 2378 vasorum
483 2357 543 2379 eos
581 2346 725 2390 adorat,
784 2354 821 2381 et
854 2348 1112 2381 benedictione
1139 2358 1159 2378 a
1184 2345 1393 2391 patriarcha
1417 2352 1584 2391 accepta,
1631 2356 1737 2391 egre-

294 2390 398 2425 diens
433 2391 585 2425 nardum
609 2395 838 2428 senatoribus
866 2394 1064 2428 distribuit.
1137 2392 1219 2438 Quo
1253 2393 1345 2426 facto
1383 2393 1531 2427 Domini
1565 2403 1645 2426 cum
1669 2403 1738 2436 pa-

293 2438 450 2472 triarcha
477 2439 730 2484 egrediuntur,
763 2447 799 2474 et
822 2452 887 2486 per
911 2442 1093 2475 sinistram
1115 2439 1271 2473 bematis
1295 2445 1432 2483 partem
1455 2440 1644 2484 sanctique
1667 2438 1735 2472 Ni·-

280 2486 387 2519 *colai
412 2485 539 2519 aedem
568 2492 808 2529 transeuntes,
847 2488 891 2521 ad
916 2499 1077 2533 magnam
1105 2492 1244 2531 portam
1269 2487 1307 2519 in
1332 2497 1469 2519 sacrum
1493 2492 1643 2531 puteum
1666 2484 1736 2517 du-

295 2538 436 2566 centem
475 2539 617 2567 exeunt.
666 2536 764 2568 Intra
795 2534 887 2569 hanc
921 2536 1016 2569 enim
1051 2532 1252 2579 patriarcha
1284 2538 1376 2573 stat,
1423 2538 1460 2566 et
1488 2532 1625 2566 hostias
1670 2542 1735 2564 seu

295 2579 434 2612 oblatas
478 2580 642 2614 Dominis
677 2581 812 2622 tradit,
844 2582 931 2628 qui,
972 2581 1092 2615 osculo
1118 2579 1222 2620 dato,
1252 2580 1323 2624 ipsi
1350 2579 1573 2621 valedicunt,
1595 2588 1736 2624 perque

296 2632 457 2658 sanctum
481 2633 632 2671 puteum
655 2633 855 2662 transeunt.
904 2628 1083 2662 Exteriori
1118 2637 1202 2661 vero
1228 2627 1318 2659 sacri
1350 2627 1453 2671 putei
1475 2632 1580 2670 porta
1604 2624 1735 2669 pedem
1785 2626 1789 2631 '
1815 2623 1829 2667 ⁸*

300 2673 534 2706 efferentibus
568 2674 734 2709 tribunus
764 2675 986 2712 Venetorum
1026 2686 1106 2707 cum
1140 2674 1296 2708 factione
1338 2673 1419 2706 alba
1464 2684 1568 2707 cruce
1603 2671 1734 2704 Domi-

299 2730 365 2752 uos
392 2719 557 2764 signante
582 2727 723 2766 praesto
749 2727 828 2764 est,
853 2721 938 2757 dum
962 2722 1138 2756 factiones
1160 2721 1300 2754 interea
1322 2725 1359 2754 et
1380 2725 1542 2754 cantores
1564 2729 1656 2766 quae
1679 2717 1736 2754 se.-

1822 2602 1830 2611 -
1815 2391 1832 2572 tamtarn-e
1819 2339 1832 2375 α’
1820 2291 1832 2323 uu.
1823 2247 1825 2251 λ
1812 2172 1832 2225 js..
1824 2147 1832 2158 .v
1827 2107 1832 2127 ,Δ
1828 2052 1832 2080 -,
1828 2020 1832 2027 .
1828 1994 1832 1999 .
1826 1908 1832 1969 ....
1826 1783 1832 1888 .-„.-.
1827 1663 1832 1749 ---n-
1830 1635 1832 1642 .
