1878 3112
313 109 343 165 5
350 111 422 177 04
585 130 844 172 APPEND1X
881 129 954 169 An
1001 129 1204 171 LIBRUM
1243 130 1455 172 ramma

307 231 488 282 πολέμου
518 231 601 271 τῶν
641 228 722 270 dn&
767 232 966 279 Κιλικίας
1002 232 1088 272 κατ’
1133 231 1268 271 αὐτοῦ
1303 228 1741 286 στρατοπεδευσάντων

300 289 567 349 Ἀγαρηναῖν,
615 294 773 348 ἐγένετο
802 294 829 349 ἦ
858 294 962 350 πρὸς
999 294 1076 349 την
1102 294 1410 348 βασιλεύουσαν
1435 293 1556 338 πόλιν
1581 294 1741 346 εἴσοδος

263 395 265 397 ,
308 360 444 400 αὐτοῦ
469 357 654 413 τοιαύτη.
711 360 952 416 φθάσαντος
981 362 1116 403 αὐτοῦ
1143 362 1187 403 ἐν
1214 362 1264 416 τῇ
1300 360 1479 420 Ἱερείᾳ,
1515 362 1686 418 ἐξῆλθεν
1711 361 1740 416 ἧ
1773 373 1777 375 “

306 421 518 477 αὖγούστα
558 423 640 464 ἀπὸ
680 427 752 480 τῆς
781 425 938 475 πόλεως
979 427 1053 468 καί
1078 425 1099 467 ὅ
1129 427 1282 468 δίέπων
1318 424 1398 468 σὺν
1434 429 1492 484 τῷ
1525 428 1740 484 μαγίστρῳ

304 490 379 530 καί
403 491 460 546 τῷ
487 486 658 547 ἐπάρχῳ
686 493 758 545 τῆς
784 489 956 545 πόλεως,
984 491 1057 533 καί
1088 493 1114 546 ἡ
1143 493 1189 534 ἐν
1215 494 1266 548 τῇ
1293 490 1411 533 πόλει
1438 490 1662 548 σύγκλητος
1688 489 1765 541 οἷ’-5

301 569 430 606 πασα,
460 554 744 609 παρεάσαντες
777 555 875 605 τούς
911 559 994 600 τῶν
1020 557 1237 610 ταγμάτων
1272 556 1476 613 ἐξάρχους
1513 559 1574 606 εἷς
1601 561 1740 614 φυλα-

266 616 386 672 Βκὴν
411 621 485 674 τῆς
511 618 695 670 πόλεως.
750 624 823 664 καί
849 620 875 677 ἦ
902 625 980 676 μὲν
1017 622 1240 677 σύγκλητος
1266 621 1504 678 ὑπήντησαν
1529 625 1588 681 τῷ
1614 626 1742 677 βασι-

305 687 378 724 λεῖ
399 683 456 734 ὥς
483 684 564 727 α’πὸ
596 685 871 743 διαστήματος
897 691 1053 744 μικροῦ
1090 686 1172 744 πρὸ
1200 690 1276 730 τοῦ
1302 685 1470 744 φθάσαι
1497 689 1556 738 εἷς
1581 686 1627 730 τὸ
1654 705 1737 730 πα-

310 749 463 805 λάτιον,
490 751 564 794 καί
581 753 772 803 πεσόντες
798 753 1124 811 προσεκύνησαν·
1151 754 1175 810 ἡ
1206 756 1252 796 δὲ
1281 751 1495 809 αὕγούστα
1522 753 1638 797 ἔνδον
1662 755 1740 796 τοῦ

307 813 632 872 καγκέλλουτοῦ
647 822 995 875 χαμαιτρικλίνου
1017 821 1161 862 τοῦτον
1180 817 1409 876 ὑπήντησεν
1435 815 1638 873 ἀποβάντι
1660 817 1738 861 τοῦ
1743 837 1791 865 10

301 884 445 936 ἵππου,
487 885 561 925 καί
582 883 904 940 προσκυνήσασα
941 888 1086 928 τοῦτον
1113 881 1357 939 ἧσπάσατο·
1414 883 1437 925 ὅ
1467 885 1514 926 δὲ
1538 883 1739 939 βασιλευς

283 950 513 1004 ·διορι’σατο
541 947 598 999 ὦς
625 951 697 992 ἐπὶ
721 953 948 1005 προκένσου
976 949 1053 1005 τὴν
1079 947 1306 1005 σύγκλητον
1333 950 1489 1004 διάγειν
1515 948 1592 992 σὺν
1620 949 1740 1008 αὐτῷ

300 1016 346 1056 ἐν
373 1017 425 1070 τῇ
447 1015 602 1073 Ἱερεία
628 1017 779 1071 μέχρις
805 1016 976 1073 ἡμερῶν
1003 1014 1127 1069 ἑπτὰ,
1160 1012 1272 1066 ὅπως
1299 1017 1374 1058 καί
1399 1014 1438 1058 οἱ
1466 1018 1631 1070 δέσμιοι
1655 1018 1740 1058 τῶν

301 1079 580 1134 αἰχμαλώτων
622 1077 873 1137 Ἀγαρηνῶν
912 1080 1158 1138 φθάσωσιν.
1231 1083 1420 1124 ἐκέλευσε
1460 1083 1506 1124 δὲ
1549 1081 1623 1124 καὶ
1659 1080 1739 1132 τὰς

298 1151 498 1198 γυναῖκας
539 1147 623 1187 τῶν
660 1149 938 1202 συγκλητικῶν
976 1144 1226 1196 ἐξελθούσας
1266 1149 1341 1202 τῆς
1377 1145 1536 1195 πόλεως
1577 1145 1789 1201 διαγεινις

300 1207 380 1251 σύν
407 1212 456 1267 τῇ
485 1211 692 1268 αὔγούστῃ
722 1213 874 1253 ἐκεῖσε.
926 1210 1033 1264 μετὰ
1064 1214 1110 1253 δὲ
1136 1211 1210 1267 τὴν
1238 1210 1417 1266 ἑβδόμην
1444 1210 1605 1267 ἡμέραν
1631 1213 1736 1253 α’πο-

298 1275 483 1324 πλεύσας
510 1278 593 1318 τῶν
618 1278 747 1332 ἐκεῖσε
773 1272 900 1332 ἦλθεν
927 1279 985 1326 εἰς
1012 1275 1084 1318 τὸν
1112 1274 1229 1331 ἅγιον
1259 1274 1494 1329 111άμαντα,
1523 1278 1597 1318 καί
1621 1277 1735 1319 ἕποι’-

297 1357 396 1396 ησεν
433 1338 523 1394 ἅμα
561 1344 613 1398 τῇ
649 1344 858 1400 συγκλήτῳ
897 1343 1055 1398 ἡμέρας
1081 1340 1132 1397 γ’.
1185 1340 1267 1384 α’πὸ
1300 1343 1346 1384 δὲ
1371 1345 1453 1384 τῶν
1480 1343 1611 1386 ἐκεῖσε
1639 1336 1735 1385 δια-

102 1412 165 1448 Ed.
180 1414 217 1448 L.
231 1404 488 1462 29ιπλεύσας
515 1408 702 1463 ἔφθασεν
728 1410 772 1451 ἐν
797 1411 1074 1465 βλαχέρναις,
1120 1406 1194 1450 καί
1217 1407 1396 1459 ἐξελθών
1433 1410 1509 1451 τοῦ
1526 1404 1733 1466 Χδρόμονος

299 1470 448 1526 ἐπιβὰς
475 1475 586 1530 ἵππῳ
615 1473 686 1515 διὰ
712 1477 788 1516 τοῦ
815 1472 894 1524 ἔξω
921 1476 1085 1528 τείχους
1111 1468 1236 1529 ἦλθεν
1276 1476 1337 1523 εἰς
1372 1472 1448 1530 την
1483 1489 1788 1531 apostema-20

299 1541 475 1582 σθεῖσαν
501 1538 650 1596 κόρτην
678 1541 722 1583 ἐν
749 1542 806 1598 τῷ
834 1539 1007 1598 λιβαδίῳ
1044 1541 1121 1583 τοῦ
1156 1540 1524 1595 κομβινοστασιόυ.
1596 1537 1734 1597 ἔφθα-

295 1699 426 1735 latium
461 1702 606 1736 Hieriae
621 1729 630 1744 ,
667 1701 816 1736 exibant
848 1700 894 1736 ad
926 1703 1043 1748 ipsum
1071 1714 1115 1737 ex
1139 1702 1235 1736 Urbe
1260 1700 1420 1748 Augusta
1445 1707 1483 1737 et
1506 1702 1642 1748 diepon
1665 1713 1730 1737 seu

296 1749 452 1783 vicarius
481 1751 582 1794 regni
612 1760 676 1794 per
705 1749 935 1795 Imperatoris
968 1750 1171 1785 absentiam
1202 1750 1471 1783 administrator
1503 1754 1542 1784 et
1563 1749 1733 1795 magister

298 1800 337 1828 et
359 1797 561 1840 praefectus
586 1796 691 1830 Urbis
718 1802 755 1830 et
777 1802 894 1837 totu-01,
922 1798 986 1842 qui
1012 1802 1090 1830 tum
1115 1798 1154 1830 in
1190 1797 1286 1831 Urbe
1312 1795 1455 1837 aderat,
1481 1801 1646 1838 senatus,
1671 1807 1732 1830 re-

296 1841 394 1881 lictis
420 1843 517 1876 intus
543 1843 705 1876 exarchis
730 1854 794 1876 seu
819 1842 1010 1888 praefectis
1035 1848 1232 1888 tagmatum
1253 1854 1319 1888 pro
1345 1842 1451 1876 Urbis
1475 1842 1653 1876 custodia.
1685 1843 1734 1877 Et

295 1894 443 1922 senatus
470 1889 638 1934 quidem,
662 1895 703 1924 ut
726 1902 854 1935 parum
876 1889 1002 1923 aberat
1025 1891 1224 1935 Imperator
1247 1901 1268 1922 a
1291 1890 1452 1935 palatio,
1487 1889 1590 1924 humi
1612 1889 1732 1934 proci-

298 1934 386 1975 dens
413 1936 589 1969 adorabat
613 1947 717 1980 eum3
743 1938 900 1980 Augusta
924 1947 1009 1971 vero
1035 1936 1246 1970 occurrebat
1267 1936 1351 1981 ipsi,
1375 1941 1416 1969 ut
1439 1935 1545 1969 modo
1571 1946 1615 1969 ex
1635 1946 1730 1981 equo

297 1981 553 2024 descenderat,
577 1984 671 2017 intra
696 1985 893 2020 cancellum
932 1983 1232 2016 chamaetriclinii
1257 1993 1320 2016 seu
1344 1981 1494 2015 triclinii
1520 1981 1669 2014 humilis
1694 1985 1732 2015 et

295 2028 376 2060 solo
402 2030 576 2072 proximi,
603 2035 639 2062 et
663 2030 814 2064 adorans
839 2030 958 2074 ipsum
980 2041 1060 2062 cum
1095 2030 1216 2062 osculo
1242 2028 1517 2064 beneventahat.
1571 2029 1731 2072 Impera-

293 2078 353 2106 tor
380 2074 464 2108 dein
489 2075 694 2117 mandabat,
721 2082 761 2109 ut
785 2082 928 2108 senatus
951 2086 1069 2109 secun:
1103 2078 1142 2108 in
1166 2071 1289 2108 Hieria
1314 2085 1378 2107 seu
1403 2074 1547 2106 Hieriae
1570 2075 1730 2118 palatio,

295 2120 398 2154 velut
420 2122 459 2154 in
491 2133 659 2166 processu
692 2133 755 2154 seu
776 2122 1011 2155 rusticatione
1043 2121 1262 2162 suburbana,
1288 2121 1327 2153 in
1353 2120 1561 2164 septiduum
1588 2125 1730 2164 ageret,

297 2165 413 2199 donec
436 2168 680 2212 Agarenorum
705 2166 803 2201 bello
830 2174 1015 2212 captorum
1040 2179 1210 2200 numerus
1224 2166 1458 2211 compedibus
1481 2166 1640 2211 illigatus
1665 2167 1732 2200 ad-

295 2212 479 2256 venisset3
514 2219 551 2246 et
587 2220 627 2246 ut
658 2220 863 2246 senatorum
895 2225 1024 2247 uxores
1051 2225 1094 2247 ex
1123 2214 1218 2247 Urbe
1243 2213 1369 2246 eodem
1394 2213 1628 2248 convenirent
1656 2215 1732 2248 Au·-

294 2265 492 2305 gustaeque
518 2259 726 2294 sodalitium
750 2266 985 2306 praestarent.
1034 2261 1116 2306 Quo
1141 2260 1236 2293 facto
1251 2286 1260 2301 ‚
1298 2259 1450 2304 septimo
1477 2259 1536 2293 die
1559 2265 1644 2305 post
1667 2271 1731 2295 ex·-

295 2303 447 2341 cedebat
471 2318 515 2340 ex
532 2306 672 2348 Hieria,
700 2312 736 2339 et
774 2307 1015 2340 transferebat
1041 2318 1078 2340 se
1105 2318 1169 2352 per
1193 2307 1325 2340 fretun:
1349 2306 1387 2338 in
1411 2307 1495 2341 navi
1520 2305 1567 2338 ad
1591 2307 1624 2341 S.
1649 2306 1732 2340 Ma-

293 2353 427 2386 mantis
452 2353 648 2398 palatium,
674 2354 712 2385 in
731 2364 803 2399 quo
829 2353 990 2387 triduum
1015 2365 1095 2387 cum
1122 2359 1250 2386 senatu
1272 2352 1446 2397 exigebat.
1495 2352 1583 2386 Inde
1607 2363 1730 2387 rursus

295 2400 488 2444 enavigans
522 2399 731 2444 appellebat
761 2400 808 2432 ad
842 2400 1071 2443 blacherna33
1110 2411 1342 2445 egressusque
1379 2399 1551 2432 dromone
1587 2399 1730 2434 inscen-

295 2445 406 2479 debat
440 2447 480 2479 in
512 2457 668 2492 equum3
700 2447 739 2479 in
771 2458 842 2492 quo
879 2447 974 2480 intra
997 2459 1139 2480 murum
1164 2447 1377 2480 exteriorem
1401 2445 1667 2490 provehebatur
1691 2457 1730 2479 e-

297 2493 445 2538 quitans
469 2504 592 2528 versus
617 2504 780 2538 magnam
807 2505 951 2526 auream
975 2499 1134 2538 portam;
1160 2493 1199 2526 in
1224 2493 1324 2526 cuius
1349 2493 1483 2527 vicinia
1508 2490 1729 2526 descendens

295 2550 391 2584 equo
428 2539 588 2572 intrabat
621 2541 660 2573 in
692 2545 825 2573 cortem
857 2541 927 2574 sibi
961 2545 1209 2585 praeparatam
1245 2540 1283 2572 in
1318 2545 1422 2584 prato
1461 2539 1732 2573 combinostasii

296 2584 372 2632 {seu
399 2587 565 2619 stadonis
595 2587 901 2620 combinationum
929 2587 1174 2634 circensium]‚
1207 2587 1320 2619 donec
1345 2587 1476 2631 captivi
1509 2591 1545 2619 et
1568 2586 1683 2630 spolia
1707 2596 1750 2634 a!

294 2633 474 2666 militibus
509 2633 816 2677 triumphantibus
843 2635 880 2666 in
908 2633 1037 2667 Urbem
1075 2633 1281 2667 introducta
1312 2638 1440 2666 essent.
1489 2632 1624 2666 Eodem
1649 2631 1728 2676 ipso

295 2689 425 2723 nempe
452 2680 511 2713 (lie
536 2680 583 2712 ad
598 2680 837 2725 Chrysopolin
860 2686 1051 2720 venerant,
1084 2681 1148 2725 qui
1173 2681 1331 2725 captivos
1357 2679 1555 2719 ducebant,
1579 2677 1728 2723 imposi-

294 2729 424 2771 tosque
457 2727 496 2761 in
531 2738 638 2766 naves
673 2738 755 2762 eum
787 2728 825 2764 in
850 2727 969 2763 locum
1005 2729 1238 2770 traiecerant,
1264 2728 1301 2760 iu
1327 2738 1399 2773 quo
1423 2727 1624 2771 Imperator
1649 2729 1726 2758 tum
