1884 3112
261 122 289 156 2
306 123 324 157 1
337 102 371 158 8
531 122 892 165 coNsTAN‘rlm
932 120 1418 164 Ponrnmocmm

256 225 382 278 μένης
408 225 459 281 τῇ
487 223 584 282 ἁγία
612 225 788 280 κυριακῇ
812 224 885 278 τῆς
910 223 1033 277 ἁγίας
1060 219 1350 279 ἆναστάσεως,
1379 222 1538 280 γίνεται
1563 223 1707 276 οὕτως.

254 292 305 346 τῇ
317 310 321 311 ’
345 289 450 346 αὐτῇ
489 290 625 346 ἡμέρᾳ
666 288 945 344 προέρχονται
979 286 1127 343 τάχιον
1167 289 1318 341 πάντες
1346 289 1386 332 οἷ
1413 285 1612 345 ἄρχοντες
1635 294 1710 335 καί

254 356 548 410 στρατεύματα
575 356 636 404 εἰς
663 353 711 396 τὸ
739 353 1031 411 τριβουνάλιον
1057 357 1133 411 τῆς
1173 356 1328 412 ἆραίας
1355 355 1512 410 ἔξωθεν
1538 359 1621 400 τῶν
1648 359 1703 400 aff

255 420 512 474 ἆκουβίτων,
561 420 633 462 καὶ
669 421 910 477 εὐφημοῦσι
947 419 1048 471 τούς
1089 425 1276 476 βασιλεῖς
1311 422 1419 465 κατὰ
1455 421 1530 466 τὸν
1559 420 1707 477 ὅμοιον

217 484 419 540 Βτρόπον.
476 487 549 528 καί
573 487 791 529 αἰτοῦνται
813 486 884 529 διὰ
914 485 989 529 τὸν
1015 488 1222 545 καίσαρα,
1266 491 1338 531 καί
1363 487 1575 542 συντόμως
1597 494 1732 543 λαμ-5

251 551 451 606 βάνουσιν
486 550 708 610 ἀπόκρισιν
715 587 728 606 ,
777 550 861 595 εἴτε
898 552 1030 596 αὐτοῦ
1068 555 1145 596 τοῦ
1182 557 1388 608 βασιλέως
1414 556 1704 611 ἑξερχομένου,

253 617 335 659 εἴτε
363 620 674 673 δηλοποιοῦντος
703 615 869 673 αῦτοῖς,
918 618 992 662 καὶ
1016 621 1255 664 σιωπῶσιν.
1311 623 1560 673 καθέζονται
1587 623 1634 664 δὲ
1663 621 1706 665 οἶ

253 683 452 726 δεσπόται
479 686 526 727 ἐν
552 688 608 744 τῷ
634 684 800 744 μεγάλῳ
829 686 1022 744 τρικλίνῳ
1051 688 1135 729 τῶν
1163 684 1220 728 eff
1249 685 1495 741 ἄκουβίτων,
1523 685 1598 729 καί
1617 688 1704 730 εἰσ.

71 751 420 806 Με.98.ειὲ’ρχεται
458 750 480 794 ὃ
521 751 782 809 πατριάρχης
824 752 998 807 τάχιον,
1044 752 1118 795 καὶ
1142 755 1357 808 ἐκδέχεται
1385 755 1446 805 εἰς
1484 752 1556 796 τὸν
1582 750 1703 810 ἅγιον

252 819 485 874 Στέφανον,
525 819 598 860 καί
623 821 918 862 καθεσθέντων
946 821 1030 862 ταῖν
1059 822 1305 874 δεσποτῶν,
1339 821 1534 874 δέχονται
1560 818 1609 863 τὸ
1634 823 1758 868 σέ-ιο

252 900 410 939 κρετον,
440 886 567 940 ,Βῆλον
595 884 635 938 ά,
675 883 778 935 τούς
803 885 1082 941 μαγίστρους,
1128 885 1201 928 καὶ
1225 884 1279 933 τὰ
1306 884 1432 928 λοιπά
1461 888 1571 942 βῆλα
1599 883 1707 928 κατοὶ

251 949 383 1004 τάξιν,
413 950 470 1001 ὥς
498 949 588 1005 ἔχει
615 949 834 1007 συνήθεια,
865 953 938 994 καί
966 949 1036 993 ὅτε
1064 952 1289 995 εἰσέλθωσι
1315 950 1366 994 τὰ
1384 954 1494 1006 βῆλα
1515 951 1586 994 καὶ
1603 956 1707 1008 πλη-

254 1019 451 1074 ρωθῶσι,
480 1017 722 1060 κελεύουσιν
750 1017 788 1060 οἱ
818 1017 1019 1061 δεσπόται
1046 1021 1228 1074 λαλῆσαι
1255 1014 1400 1068 ωὗτοῐς
1427 1017 1480 1061 τὰ
1509 1017 1608 1074 περὶ
1631 1021 1709 1060 τοῦ

254 1084 476 1140 καίσαρος,
515 1085 741 1141 φοροῦντες
767 1087 840 1128 καί
864 1084 915 1128 τὰ
944 1084 1166 1141 διβητήσια
1189 1085 1264 1128 καί
1284 1083 1359 1135 τὰς
1384 1085 1608 1141 χλαμύδας
1636 1087 1710 1128 καί

211 1148 308 1194 cto}
335 1151 554 1204 στέμματα
584 1147 747 1204 αῦτῶν,
797 1154 871 1194 καί
896 1152 1063 1194 πάντων
1100 1150 1410 1194 συναινούντων
1438 1148 1588 1209 ἑπῖτῇ
1610 1155 1757 1205 χει-15

254 1216 421 1274 ροτοιίἰέι
459 1218 534 1259 τοῦ
571 1219 793 1273 καίσαρος,
841 1215 1034 1260 νεύουσιν
1063 1216 1102 1259 οἱ
1131 1216 1332 1260 δεσπόται
1359 1220 1416 1275 τῷ
1444 1217 1703 1277 πραιποσίτῳ

254 1286 327 1326 καί
352 1286 462 1339 λέγει
488 1284 777 1337 ,,κελεύσατε,”
805 1287 878 1326 καί
905 1286 1181 1338 ἑπεύχονται.
1210 1286 1283 1326 καί
1309 1285 1524 1340 ἐξέρχεται
1553 1282 1601 1327 τὸ
1635 1286 1706 1327 σέ·-

256 1366 425 1406 κρετον,
467 1352 539 1391 καί
570 1350 760 1392 ἵστανται
787 1350 825 1393 οἱ
865 1352 1076 1406 πατρίκιοι
1103 1349 1394 1406 κονσιοτιόριον
1422 1351 1481 1400 εἰς
1507 1349 1576 1394 τὸν
1603 1351 1705 1407 πόρ-

226 1420 228 1423 ’
256 1434 360 1473 τηκα
388 1417 471 1459 τῶν
499 1415 555 1459 ιθ’
585 1413 834 1472 ἆκουβίτων,
863 1417 902 1460 οἱ
931 1419 977 1460 δὲ
1005 1418 1144 1459 λοιποὶ
1176 1415 1438 1472 συγκλητικοὶ
1464 1419 1705 1473 ἐξέρχονται

257 1484 329 1525 καί
355 1483 546 1525 ἵστανται
573 1484 632 1531 εἰς
657 1482 708 1526 τὰ
736 1485 945 1540 γραδήλια
973 1485 1048 1540 τῆς
1074 1483 1229 1539 ἄραίας
1265 1481 1385 1525 ἔνθεν
1412 1480 1602 1525 κιῖκεῐθεν
1629 1484 1757 1527 τοῦαο

258 1550 457 1604 ἡλιακοῦ,
504 1548 558 1591 τὰ
605 1551 652 1592 δὲ
690 1553 881 1607 σκῆπτρα
928 1550 1002 1593 καὶ
1041 1549 1093 1592 τά
1136 1549 1324 1605 λα’βουρα
1368 1551 1442 1592 καί
1482 1549 1616 1592 πάντα
1648 1547 1703 1592 τὰ

260 1614 385 1672 σκεύη
420 1614 492 1658 καί
521 1615 543 1658 ὅ
583 1615 768 1673 σταυρὸς
806 1618 996 1659 ἵστανται
1025 1618 1070 1659 ἐν
1100 1617 1157 1674 τῷ
1198 1616 1472 1671 τριβουναλίῳ
1512 1615 1586 1658 καὶ
1624 1616 1706 1664 πᾶς

261 1679 283 1723 ὅ
315 1679 434 1736 λαός,
473 1685 549 1726 καί
575 1687 767 1726 τιθέασιν
803 1685 1039 1737 α’ντιμίσιον
1077 1685 1122 1726 ἐν
1161 1684 1218 1741 τῷ
1259 1684 1558 1742 τριβουναλὰρ,
1598 1684 1642 1724 ἐν
1671 1675 1705 1740 ᾧ

261 1754 418 1791 κεῖνται
448 1747 493 1791 αἱ
517 1748 732 1805 χλαμύδες
764 1748 869 1804 μετὰ
897 1751 979 1793 τῶν
1009 1753 1172 1808 φιβλῶν
1197 1751 1271 1792 καί
1301 1750 1384 1792 τῶν
1407 1749 1706 1807 περικεφαλαί-

355 1861 389 1906 4.
413 1862 590 1906 βασιλεῖς.
618 1854 711 1897 κατὰ
741 1862 795 1896 ed.
898 1865 948 1898 15.
975 1862 1265 1910 συναιρούντων
1292 1861 1347 1895 ecl.

263 1958 320 1986 cta
365 1952 549 1986 dominica
593 1958 740 1987 sanctae
797 1954 1075 1987 resurrectionis
1122 1953 1345 1994 celebratur,
1384 1953 1436 1987 ita
1487 1953 1701 1989 instituitur.

264 2000 467 2033 Procedunt
489 2001 586 2034 dicto
612 2000 672 2034 die
708 2001 829 2033 statim
864 2012 987 2034 omnes
1012 2011 1179 2045 proceres
1226 2005 1264 2034 et
1297 2000 1423 2045 copiae
1459 2000 1633 2032 militares
1658 1999 1704 2032 ad

265 2046 427 2079 tribuual
456 2058 602 2088 araeae,
642 2047 740 2092 quod
777 2053 878 2081 extra
908 2048 988 2080 xlx
1021 2047 1206 2080 accubitus
1245 2052 1317 2087 est,
1353 2052 1390 2079 et
1421 2046 1703 2090 Imperatoribus

265 2094 461 2127 acclamant
484 2094 610 2127 eodem
638 2093 756 2127 modo.
818 2095 911 2127 Tum
936 2093 983 2127 ob
1008 2093 1197 2127 Caesarem
1221 2098 1413 2136 precantur
1447 2098 1486 2126 et
1517 2092 1618 2126 brevi
1643 2104 1703 2126 re-

267 2150 434 2183 sponsum
459 2142 665 2186 accipiunt,
686 2141 772 2174 dum
797 2147 861 2174 aut
886 2142 1082 2184 Imperator
1109 2141 1187 2183 ipse
1211 2139 1464 2184 progreditur,
1487 2145 1550 2173 aut
1575 2139 1614 2173 id
1637 2151 1704 2185 per

268 2186 374 2219 alium
402 2186 501 2228 edit,
527 2193 563 2221 et
589 2189 708 2224 silent.
754 2187 902 2221 Domini
931 2188 968 2220 in
992 2198 1121 2232 magno
1145 2187 1308 2220 triclinio
1332 2186 1569 2220 novendecim
1593 2197 1705 2221 aecu-

266 2232 414 2267 bimum·
433 2234 641 2276 consident,
668 2234 871 2281 patriarcha
896 2245 978 2267 vero
997 2235 1162 2267 celeriter
1188 2234 1385 2278 ingressus,
1411 2233 1450 2267 in
1476 2234 1515 2268 S,
1526 2233 1704 2278 Stephani

266 2286 471 2325 exspectat,
497 2288 534 2316 et
560 2289 751 2328 postquam
780 2281 1021 2315 consederunt
1046 2281 1208 2319 Domini,
1232 2281 1362 2314 secreti
1384 2281 1502 2313 velum
1530 2281 1702 2325 primum,

266 2328 464 2371 magistros,
488 2329 621 2363 deinde
645 2330 785 2374 reliqua
809 2329 889 2362 vela
914 2339 978 2373 pro
1003 2339 1102 2361 more
1128 2328 1339 2372 excipiunt,
1366 2328 1498 2373 quibus
1522 2327 1705 2367 omnibus,

265 2374 373 2408 nullo
396 2374 583 2411 deficiente
599 2402 609 2417 ,
648 2376 836 2422 ingressis,
870 2375 1001 2408 iubent
1024 2375 1190 2414 Domini,
1222 2373 1420 2415 dibetesia,
1445 2374 1646 2418 chlamydes
1667 2379 1706 2407 et

268 2432 418 2458 coronas
454 2434 531 2457 suas
569 2429 763 2469 gestantes,
798 2427 838 2456 ut
870 2422 915 2456 de
938 2423 1090 2456 Caesare
1110 2433 1226 2455 sermo
1251 2422 1477 2463 instituatur,
1505 2427 1542 2456 et
1560 2421 1703 2467 quando

268 2479 393 2502 omnes
417 2469 455 2503 in
480 2470 656 2508 electione
679 2471 840 2504 Caesaris
868 2470 1120 2510 consentiunt,
1159 2469 1308 2502 Domini
1333 2469 1540 2514 praeposito
1563 2471 1706 2513 signum

268 2513 367 2556 dant,
387 2517 450 2562 qui
470 2516 572 2551 dicit:
595 2518 730 2552 Iubete.
757 2517 860 2550 Tunc
873 2522 955 2561 post
968 2516 1097 2550 faustas
1112 2516 1383 2549 acclamationes
1398 2521 1572 2549 secretum
1587 2516 1706 2550 disce-

269 2560 343 2602 dit,
373 2563 516 2606 patricii
547 2565 799 2598 consistorium
834 2564 874 2596 in
908 2564 1050 2609 porticu
1083 2563 1162 2596 xlx
1196 2563 1427 2597 accubituum
1454 2564 1706 2601 constituunt,

267 2608 402 2654 reliqui
438 2615 618 2645 senatores
653 2612 789 2645 abeunt
823 2615 859 2644 et
892 2612 930 2645 in
965 2609 1133 2656 gradibus
1170 2613 1295 2644 araea'e
1330 2610 1375 2643 ab
1406 2615 1561 2655 utroque
1581 2608 1707 2642 solarii

267 2654 405 2698 latere,
429 2663 570 2703 sceptra
603 2669 687 2692 vero
713 2664 750 2692 et
771 2658 894 2691 labara
931 2663 968 2691 et
1001 2668 1079 2690 vasa
1109 2658 1230 2690 omnia
1255 2668 1335 2690 cum
1370 2667 1474 2690 cruce
1508 2662 1546 2690 et
1567 2655 1704 2701 populo

270 2703 435 2739 universo
461 2705 500 2739 in
525 2704 701 2742 tribunali
728 2706 931 2739 consistunt
946 2730 956 2747 ,
981 2703 1045 2738 ubi
1071 2705 1181 2739 etiam
1204 2705 1462 2741 antimensium
1486 2703 1681 2740 collocatur
1696 2726 1706 2742 ,
