1786 3126
635 119 1052 165 PRAEFATPONES.
1424 118 1556 157 xxm

110 229 300 281 stantini,
330 231 444 270 cuius
466 229 509 268 in
538 226 659 267 titulo
690 227 954 282 perhibetur3
981 232 1023 264 at
1059 230 1267 277 expertum
1295 221 1558 276 interpolato-

107 310 222 349 rem3
252 297 343 337 sive
365 307 494 349 nepos
517 295 605 334 eius
624 293 912 333 Constantinus
949 291 1018 331 ille
1038 291 1175 342 fixerit,
1208 291 1293 329 sive
1322 289 1426 328 alius
1449 290 1557 342 quis-

106 372 282 418 cunque.
311 362 455 417 Specie
482 368 627 401 neutra
655 368 766 400 caret
786 359 1010 411 sententia3
1038 356 1140 397 mihi
1155 363 1299 396 tamen
1316 357 1465 395 rectius
1502 356 1558 394 vi·

104 429 204 470 deor
220 429 367 481 facere,
395 430 429 468 si
452 429 663 483 posteriori
686 426 887 467 calculum
906 439 1042 466 meum
1054 423 1216 475 addam,
1237 436 1357 478 quam
1368 423 1403 461 si
1413 422 1554 476 priori.
1593 428 1598 434 '

214 496 284 536 Isti
295 495 460 550 quidem
482 497 718 545 sententiae,
745 508 850 548 quae
875 494 1076 534 iuniorem
1092 490 1419 540 Constantinum,
1453 488 1560 527 Basi-

102 562 148 602 tii
181 562 465 617 Bulgaroctoni
500 562 684 612 fratrem,
716 561 828 614 operi
860 559 955 599 huic
1001 557 1212 608 inscribit,
1251 563 1292 596 et
1332 553 1556 595 secundum

95 642 226 683 quam
247 628 411 668 deberet
429 627 501 666 illo
522 634 728 666 exaratum
757 627 880 666 fiiisse
899 626 1092 675 triennio,
1121 637 1203 678 quo
1228 621 1337 662 solus
1362 621 1431 661 ille
1454 621 1556 660 Con·

47 726 51 730 .
101 696 303 734 nantinus
318 701 411 748 post
439 694 575 733 fratris
596 693 678 732 sata
697 693 896 746 regnavit,
924 691 967 730 id
999 689 1128 730 estab
1149 689 1206 728 A.
1227 689 1278 728 C.
1298 687 1399 728 1025
1420 701 1563 741 usque

101 760 155 800 ad
182 760 287 800 1028
301 790 313 812 ,
354 760 464 800 favet
502 759 581 799 hoc
615 758 803 809 maxime,
831 757 943 812 qnod
973 757 1110 796 iunior
1145 755 1432 794 Constantinus
1460 768 1558 792 cum

101 840 180 866 avo
198 840 283 866 non
314 826 366 866 de
389 825 512 866 solius
535 825 656 865 huius
679 825 832 878 operis,
861 823 932 864 sed
954 823 1127 862 aliorum
1145 835 1306 875 quoque
1334 821 1554 875 possessio-

97 902 154 932 ne
176 891 408 932 contendat.
465 892 558 932 Non
592 891 738 931 desunt
759 883 983 930 eorundem
1004 889 1204 928 librorum
1226 886 1423 941 exempla,
1451 901 1554 940 quos

95 959 170 998 <alii
197 958 352 998 librarii
371 972 466 1009 avo,
494 958 562 998 alii
597 958 736 1011 nepoti
758 957 961 1007 tribuunt,
990 956 1145 995 etiamsi
1166 968 1292 1008 nepos
1315 953 1372 993 ab
1393 954 1556 1008 ignavia

92 1031 143 1064 >et
165 1025 359 1065 dissoluta
384 1026 467 1064 vita
490 1026 534 1064 in
559 1024 728 1063 historia
752 1024 975 1077 Byzantina
1009 1021 1114 1061 male
1148 1020 1297 1060 audiat.
1353 1021 1416 1060 Ita
1435 1018 1555 1058 libel-

97 1090 162 1131 lus
185 1090 238 1130 de
268 1092 442 1146 imagine
465 1091 686 1142 Edessena,
718 1104 841 1144 quem
866 1090 1126 1130 Conzrtsms
1154 1089 1196 1128 in
1218 1087 1453 1141 Manipulo
1469 1101 1557 1126 an-

97 1157 343 1211 tiquitatum
375 1157 649 1198 CPtanarum
666 1170 774 1211 pag.
805 1156 857 1212 75
876 1169 968 1212 sqq.
990 1155 1066 1196 sub
1086 1156 1252 1195 nomine
1269 1154 1462 1205 senioris,
1483 1162 1554 1192 aut

87 1222 311 1276 Sapientis,
341 1225 594 1263 Constantini
618 1224 745 1263 edidit
761 1253 773 1275 ,
805 1238 888 1263 non
906 1230 1066 1263 tantum
1086 1222 1332 1276 Lipomanni
1357 1223 1557 1260 coniectu-

85 1302 144 1328 ·ra
162 1291 315 1330 iuniori
339 1291 498 1341 tribuit,
521 1291 591 1330 sed
621 1292 743 1330 etiam
776 1290 900 1330 codex
932 1290 1077 1343 aliquis
1107 1288 1375 1328 bibliothecae
1404 1289 1555 1341 Regiae

93 1354 356 1396 Taurinensis
373 1387 386 1408 ,
415 1364 461 1396 ut
489 1371 512 1395 e
554 1371 686 1411 nuper
719 1357 827 1396 edito
859 1356 1070 1409 catalogo
1093 1355 1286 1396 codicum
1323 1363 1551 1394 msc-torum

83 1421 271 1462 eiusdem
290 1423 559 1463 bibliothecae
570 1437 676 1479 pag.
702 1423 782 1463 505
821 1436 852 1463 a
881 1423 1020 1462 didici.
1055 1422 1249 1462 Similiter
1263 1422 1552 1471 Tacticorum‚

84 1500 116 1526 -a
132 1489 315 1529 Mnmsro
333 1491 376 1529 in
394 1489 649 1530 Collectione
669 1489 969 1546 opusculorum
991 1489 1460 1539 Constantinianorum,
1473 1488 1549 1526 sub

90 1554 159 1592 avi
182 1556 350 1594 nomine
389 1555 643 1608 proditorum
657 1586 670 1607 ,
697 1556 895 1595 vindicias
922 1556 1149 1610 disceptant
1190 1569 1291 1595 avus
1337 1562 1378 1594 et
1403 1569 1546 1608 nepos.

90 1618 576 1672 Codexvindobonensis‚
602 1630 643 1662 et
662 1637 707 1661 ex
729 1637 777 1662 eo
797 1622 1020 1676 descriptus
1042 1621 1266 1672 Palatinus,
1300 1636 1422 1676 quem
1439 1623 1548 1675 typis

89 1698 278 1724 excusum
308 1687 484 1726 reddidit
509 1689 710 1726 Mem-sius
723 1717 734 1738 ,
778 1689 965 1727 tribuunt
991 1702 1087 1739 τινος
1141 1689 1391 1727 Veronensis
1414 1696 1549 1726 autem

90 1757 131 1788 et
159 1749 419 1804 Augustanus
445 1753 599 1804 nepoti.
657 1753 694 1790 N
698 1754 801 1790 eutri
829 1760 955 1790 recte.
1012 1754 1155 1805 Neque
1181 1754 1290 1790 enim
1315 1753 1455 1803 huius,
1482 1768 1546 1792 ne-

89 1828 171 1870 que
194 1816 304 1856 illius
331 1825 415 1867 est,
448 1817 519 1856 sed
541 1819 627 1856 eius
653 1825 713 1856 est
744 1818 998 1857 Constantini
1028 1818 1436 1871 Porphyrogenneti,
1474 1822 1544 1874 qui

84 1881 165 1920 fi1it
189 1882 295 1921 filius
322 1882 459 1921 Basilii
486 1883 739 1932 Macedonis,
772 1884 898 1922 frater
915 1885 1063 1924 Leonis
1092 1885 1292 1938 Sapientis
1321 1893 1420 1934 natu
1456 1901 1544 1926 ma-

71 1949 168 1998 rior,
198 1948 379 2002 adeoque
405 1956 574 2002 patmus
603 1951 688 1989 eius
717 1950 1002 2001 Constantini,
1047 1952 1112 1990 cui
1144 1951 1311 1990 Tactica
1353 1952 1423 1990 illa
1452 1962 1544 2006 post

86 2015 312 2054 Mem-sium
341 2015 467 2068 vulgo
492 2016 758 2068 imputantur.
817 2015 936 2055 Clare
963 2017 1005 2055 id
1033 2016 1176 2070 liquet,
1208 2018 1242 2056 si
1270 2018 1361 2071 quis
1389 2019 1542 2070 locum,

77 2082 172 2133 qni
190 2094 284 2134 pag.
313 2095 363 2135 27
386 2082 483 2121 edit.
518 2083 674 2121 Meurs.
705 2081 779 2121 lin.
810 2096 863 2122 20
894 2090 1050 2136 prostat
1067 2113 1079 2133 ,
1108 2097 1202 2122 cum
1228 2085 1375 2137 pagina
1412 2088 1540 2125 nostri

88 2145 210 2185 huius
237 2148 368 2199 operis
396 2147 473 2202 287
505 2155 723 2201 comparet.
758 2149 967 2202 Leguntur
995 2163 1059 2199 eo,
1089 2163 1171 2203 quo
1202 2150 1300 2200 dixi,
1330 2151 1419 2190 loco
1439 2151 1540 2191 haec

83 2212 224 2252 verba:
246 2212 379 2252 ’τοῦτο
409 2210 489 2267 γὰρ
518 2210 592 2253 καὶ
614 2211 814 2268 ἡμέτερος
838 2211 976 2268 πατὴρ
1000 2212 1074 2254 καὶ
1095 2213 1300 2267 βασιλεῦς
1326 2217 1542 2270 ἐποίησεν,

86 2272 153 2317 ὅτε
179 2274 286 2319 κατὰ
318 2279 356 2318 Γ
354 2279 599 2331 ερμανικίας
624 2301 645 2310 -
675 2278 1036 2331 ἐταξειδεύσαμεν.
1092 2282 1209 2321 Nam
1234 2291 1275 2322 et
1300 2282 1352 2321 id
1374 2297 1537 2338 quoque

76 2342 188 2397 ficit
213 2353 343 2399 pater
372 2354 517 2384 noster·
538 2345 732 2398 idemque
765 2346 1023 2400 Imperator,
1054 2361 1178 2401 quum
1199 2348 1408 2388 adversus
1427 2349 1538 2388 Ger·-

86 2411 316 2451 maniciam
337 2425 614 2452 moveremus.
659 2412 801 2466 Neque
828 2413 927 2463 Leo,
958 2427 1091 2468 neque
1111 2414 1418 2466 Constantinus,
1451 2417 1538 2454 eius

85 2474 215 2525 filius,
241 2488 374 2531 neque
400 2478 630 2527 Romanus,
660 2493 791 2532 neque
819 2479 1105 2519 Constantinus
1135 2481 1221 2519 eius
1246 2480 1377 2529 filius,
1417 2495 1535 2533 expe-

83 2540 277 2580 ditionem
305 2543 496 2581 advcrsus
525 2544 822 2583 Germaniciam
850 2546 1043 2595 inierunt,
1073 2546 1144 2584 sed
1167 2545 1338 2584 Basilius
1366 2547 1534 2586 Macedo

86 2606 177 2645 fecit
203 2598 257 2645 ΛᾸ
289 2609 336 2646 C.
368 2607 463 2662 879.
523 2609 644 2648 Hunc
662 2618 839 2663 patrem
866 2625 986 2650 suum
1029 2611 1230 2664 appellat,
1260 2612 1331 2664 qui
1358 2626 1406 2651 ea
1433 2614 1534 2652 scri-

83 2674 171 2725 psit.
235 2674 331 2713 Fuit
357 2673 391 2712 is
424 2689 519 2727 ergo
558 2676 841 2716 Constantinus
868 2675 1276 2731 Porphyrogennctus
1292 2707 1303 2727 ,
1344 2680 1415 2731 qui
1441 2686 1533 2718 ante
