<?xml version="1.0" encoding="UTF-8"?>
<!DOCTYPE html PUBLIC "-//W3C//DTD XHTML 1.0 Transitional//EN"
    "http://www.w3.org/TR/xhtml1/DTD/xhtml1-transitional.dtd">
<html xmlns="http://www.w3.org/1999/xhtml" xml:lang="en" lang="en">
 <head>
  <title>
</title>
<meta http-equiv="Content-Type" content="text/html;charset=utf-8" />
  <meta name='ocr-system' content='tesseract 3.04.00' />
  <meta name='ocr-capabilities' content='ocr_page ocr_carea ocr_par ocr_line ocrx_word'/>
</head>
<body>
  <div class='ocr_page' id='page_1' title='image "./corpusscriptorum07niebuoft_0714.png"; bbox 0 0 1878 3112; ppageno 0'>
   <div class='ocr_carea' id='block_1_1' title="bbox 297 120 1467 189">
    <p class='ocr_par' dir='ltr' id='par_1_1' title="bbox 297 120 1467 189">
     <span class='ocr_line' id='line_1_1' title="bbox 297 120 1467 189; baseline 0.002 -13"><span class='ocrx_word' id='word_1_1' title='bbox 297 120 412 188; x_wconf 63' lang='lat'><em>648</em></span> <span class='ocrx_word' id='word_1_2' title='bbox 489 186 492 189; x_wconf 51' lang='grc'><em>,</em></span> <span class='ocrx_word' id='word_1_3' title='bbox 571 137 932 189; x_wconf 69' lang='lat' dir='ltr'><strong>coNsTAmlm</strong></span> <span class='ocrx_word' id='word_1_4' title='bbox 978 135 1467 179; x_wconf 35' lang='lat' dir='ltr'><strong>PORPHYROGENITI*</strong></span> 
     </span>
    </p>
   </div>
   <div class='ocr_carea' id='block_1_2' title="bbox 106 236 1800 1815">
    <p class='ocr_par' dir='ltr' id='par_1_2' title="bbox 106 236 1800 1815">
     <span class='ocr_line' id='line_1_2' title="bbox 266 236 1744 298; baseline 0.001 -19"><span class='ocrx_word' id='word_1_5' title='bbox 266 243 362 298; x_wconf 73' lang='grc' dir='ltr'><em>ῦτῷ</em></span> <span class='ocrx_word' id='word_1_6' title='bbox 387 239 493 296; x_wconf 85' lang='grc' dir='ltr'><em>πρὸς</em></span> <span class='ocrx_word' id='word_1_7' title='bbox 519 236 722 294; x_wconf 78' lang='grc' dir='ltr'><em>άνατολῆν</em></span> <span class='ocrx_word' id='word_1_8' title='bbox 749 240 958 296; x_wconf 76' lang='grc' dir='ltr'><em>α’ριστερῷ</em></span> <span class='ocrx_word' id='word_1_9' title='bbox 983 240 1104 294; x_wconf 83' lang='grc' dir='ltr'><em>μέρει</em></span> <span class='ocrx_word' id='word_1_10' title='bbox 1130 240 1207 281; x_wconf 79' lang='grc' dir='ltr'><em>τοῦ</em></span> <span class='ocrx_word' id='word_1_11' title='bbox 1234 239 1368 281; x_wconf 60' lang='lat' dir='ltr'><strong>affro&amp;</strong></span> <span class='ocrx_word' id='word_1_12' title='bbox 1393 236 1600 295; x_wconf 77' lang='grc' dir='ltr'><em>νάρθηκος</em></span> <span class='ocrx_word' id='word_1_13' title='bbox 1627 237 1744 280; x_wconf 73' lang='grc' dir='ltr'><em>ἵστα-</em></span> 
     </span>
     <span class='ocr_line' id='line_1_3' title="bbox 298 300 1744 362; baseline -0.003 -14"><span class='ocrx_word' id='word_1_14' title='bbox 298 323 371 348; x_wconf 85' lang='grc' dir='ltr'><em>ται</em></span> <span class='ocrx_word' id='word_1_15' title='bbox 399 305 620 362; x_wconf 89' lang='grc' dir='ltr'><em>λαρνάκιον</em></span> <span class='ocrx_word' id='word_1_16' title='bbox 649 300 799 360; x_wconf 83' lang='grc' dir='ltr'><em>μικρὸν</em></span> <span class='ocrx_word' id='word_1_17' title='bbox 827 303 907 346; x_wconf 77' lang='grc' dir='ltr'><em>άπὸ</em></span> <span class='ocrx_word' id='word_1_18' title='bbox 938 306 1060 346; x_wconf 74' lang='grc' dir='ltr'><em>λίθου</em></span> <span class='ocrx_word' id='word_1_19' title='bbox 1089 305 1415 360; x_wconf 79' lang='grc' dir='ltr'><em>Προικονησίου,</em></span> <span class='ocrx_word' id='word_1_20' title='bbox 1441 300 1568 360; x_wconf 72' lang='grc' dir='ltr'><em>ἦτουν</em></span> <span class='ocrx_word' id='word_1_21' title='bbox 1587 307 1744 360; x_wconf 88' lang='grc' dir='ltr'><em>Πικρι-</em></span> 
     </span>
     <span class='ocr_line' id='line_1_4' title="bbox 295 364 1744 428; baseline -0.001 -15"><span class='ocrx_word' id='word_1_22' title='bbox 295 375 450 425; x_wconf 86' lang='grc' dir='ltr'><em>μαίου,</em></span> <span class='ocrx_word' id='word_1_23' title='bbox 500 372 543 412; x_wconf 79' lang='grc' dir='ltr'><em>ἐν</em></span> <span class='ocrx_word' id='word_1_24' title='bbox 572 364 606 428; x_wconf 74' lang='grc' dir='ltr'><em>ᾧ</em></span> <span class='ocrx_word' id='word_1_25' title='bbox 635 367 856 411; x_wconf 69' lang='grc' dir='ltr'><em>ἀπόκειται</em></span> <span class='ocrx_word' id='word_1_26' title='bbox 890 371 1115 426; x_wconf 84' lang='grc' dir='ltr'><em>Θεοκτίστη</em></span> <span class='ocrx_word' id='word_1_27' title='bbox 1156 371 1182 425; x_wconf 84' lang='grc' dir='ltr'><em>ἦ</em></span> <span class='ocrx_word' id='word_1_28' title='bbox 1225 370 1359 427; x_wconf 82' lang='grc' dir='ltr'><em>μήτηρ</em></span> <span class='ocrx_word' id='word_1_29' title='bbox 1407 371 1631 427; x_wconf 80' lang='grc' dir='ltr'><em>Θεοδώρας</em></span> <span class='ocrx_word' id='word_1_30' title='bbox 1669 371 1744 424; x_wconf 79' lang='grc' dir='ltr'><em>τῆς</em></span> 
     </span>
     <span class='ocr_line' id='line_1_5' title="bbox 296 433 1744 492; baseline -0.001 -14"><span class='ocrx_word' id='word_1_31' title='bbox 296 437 508 492; x_wconf 86' lang='grc' dir='ltr'><em>μακαρίοις</em></span> <span class='ocrx_word' id='word_1_32' title='bbox 535 438 764 489; x_wconf 76' lang='grc' dir='ltr'><strong><em>βασιλίδος.</em></strong></span> <span class='ocrx_word' id='word_1_33' title='bbox 814 438 959 490; x_wconf 85' lang='grc' dir='ltr'><em>ἰστέον,</em></span> <span class='ocrx_word' id='word_1_34' title='bbox 994 433 1057 478; x_wconf 78' lang='grc' dir='ltr'><em>ὅτι</em></span> <span class='ocrx_word' id='word_1_35' title='bbox 1085 440 1256 492; x_wconf 82' lang='grc' dir='ltr'><em>πλησίον</em></span> <span class='ocrx_word' id='word_1_36' title='bbox 1285 438 1417 480; x_wconf 77' lang='grc' dir='ltr'><em>αὐτοῦ</em></span> <span class='ocrx_word' id='word_1_37' title='bbox 1446 439 1613 479; x_wconf 80' lang='grc' dir='ltr'><em>ἵσταται</em></span> <span class='ocrx_word' id='word_1_38' title='bbox 1641 439 1744 490; x_wconf 87' lang='grc' dir='ltr'><em>λαρ-</em></span> 
     </span>
     <span class='ocr_line' id='line_1_6' title="bbox 296 495 1769 559; baseline -0.001 -14"><span class='ocrx_word' id='word_1_39' title='bbox 296 504 481 546; x_wconf 86' lang='grc' dir='ltr'><em>νακίδιον</em></span> <span class='ocrx_word' id='word_1_40' title='bbox 510 502 591 544; x_wconf 76' lang='grc' dir='ltr'><em>άπὸ</em></span> <span class='ocrx_word' id='word_1_41' title='bbox 621 504 743 544; x_wconf 64' lang='grc' dir='ltr'><em>λίθου</em></span> <span class='ocrx_word' id='word_1_42' title='bbox 774 505 1028 557; x_wconf 77' lang='grc' dir='ltr'><em>Σαγαρινοῦ,</em></span> <span class='ocrx_word' id='word_1_43' title='bbox 1067 497 1195 557; x_wconf 76' lang='grc' dir='ltr'><em>ἦτουν</em></span> <span class='ocrx_word' id='word_1_44' title='bbox 1223 503 1567 557; x_wconf 88' lang='grc' dir='ltr'><em>Πνευμονουσίου</em></span> <span class='ocrx_word' id='word_1_45' title='bbox 1579 534 1598 552; x_wconf 87' lang='lat'><em>,</em></span> <span class='ocrx_word' id='word_1_46' title='bbox 1637 502 1681 544; x_wconf 80' lang='grc' dir='ltr'><em>ἕν</em></span> <span class='ocrx_word' id='word_1_47' title='bbox 1708 495 1769 559; x_wconf 79' lang='grc' dir='ltr'><em>ᾦ5</em></span> 
     </span>
     <span class='ocr_line' id='line_1_7' title="bbox 289 565 1743 625; baseline -0.002 -14"><span class='ocrx_word' id='word_1_48' title='bbox 289 566 517 611; x_wconf 69' lang='grc' dir='ltr'><em>,ἀπόκειται</em></span> <span class='ocrx_word' id='word_1_49' title='bbox 545 566 701 624; x_wconf 82' lang='grc' dir='ltr'><em>Εἰρήνη</em></span> <span class='ocrx_word' id='word_1_50' title='bbox 738 566 764 623; x_wconf 80' lang='grc' dir='ltr'><em>ἦ</em></span> <span class='ocrx_word' id='word_1_51' title='bbox 792 566 980 623; x_wconf 70' lang='grc' dir='ltr'><em>θυγάτηρ</em></span> <span class='ocrx_word' id='word_1_52' title='bbox 1011 565 1165 624; x_wconf 86' lang='grc' dir='ltr'><em>Βάρδα</em></span> <span class='ocrx_word' id='word_1_53' title='bbox 1199 571 1276 611; x_wconf 78' lang='grc' dir='ltr'><em>τοῦ</em></span> <span class='ocrx_word' id='word_1_54' title='bbox 1311 572 1511 625; x_wconf 82' lang='grc' dir='ltr'><em>καίσαρος</em></span> <span class='ocrx_word' id='word_1_55' title='bbox 1530 598 1542 610; x_wconf 92' lang='grc'><strong>.</strong></span> <span class='ocrx_word' id='word_1_56' title='bbox 1569 618 1573 622; x_wconf 27' lang='lat'><strong>¹</strong></span> <span class='ocrx_word' id='word_1_57' title='bbox 1597 567 1743 619; x_wconf 84' lang='grc' dir='ltr'><em>ἰστέον,</em></span> 
     </span>
     <span class='ocr_line' id='line_1_8' title="bbox 297 631 1743 690; baseline -0.001 -14"><span class='ocrx_word' id='word_1_58' title='bbox 297 631 359 676; x_wconf 82' lang='grc' dir='ltr'><em>ὅτι</em></span> <span class='ocrx_word' id='word_1_59' title='bbox 388 636 658 690; x_wconf 87' lang='grc' dir='ltr'><em>λαρνακίδιον</em></span> <span class='ocrx_word' id='word_1_60' title='bbox 684 632 836 690; x_wconf 84' lang='grc' dir='ltr'><em>μικρὸν</em></span> <span class='ocrx_word' id='word_1_61' title='bbox 878 637 1158 687; x_wconf 74' lang='grc' dir='ltr'><em>σπιθαμιαῖον</em></span> <span class='ocrx_word' id='word_1_62' title='bbox 1194 636 1361 677; x_wconf 77' lang='grc' dir='ltr'><em>ἵσταται</em></span> <span class='ocrx_word' id='word_1_63' title='bbox 1387 635 1562 690; x_wconf 81' lang='grc' dir='ltr'><em>πλησίον</em></span> <span class='ocrx_word' id='word_1_64' title='bbox 1591 631 1743 684; x_wconf 73' lang='grc' dir='ltr'><em>αὐτῶν,</em></span> 
     </span>
     <span class='ocr_line' id='line_1_9' title="bbox 296 697 1745 757; baseline -0.001 -15"><span class='ocrx_word' id='word_1_65' title='bbox 296 701 355 750; x_wconf 81' lang='grc' dir='ltr'><em>εἰς</em></span> <span class='ocrx_word' id='word_1_66' title='bbox 385 698 410 742; x_wconf 78' lang='grc' dir='ltr'>ὃ</span> <span class='ocrx_word' id='word_1_67' title='bbox 438 697 651 743; x_wconf 76' lang='grc' dir='ltr'><em>ἀπόκειται</em></span> <span class='ocrx_word' id='word_1_68' title='bbox 678 698 722 742; x_wconf 85' lang='grc' dir='ltr'><em>τὸ</em></span> <span class='ocrx_word' id='word_1_69' title='bbox 752 701 828 742; x_wconf 81' lang='grc' dir='ltr'><em>τοῦ</em></span> <span class='ocrx_word' id='word_1_70' title='bbox 853 702 1055 756; x_wconf 90' lang='grc' dir='ltr'><em>καίσαρος</em></span> <span class='ocrx_word' id='word_1_71' title='bbox 1082 699 1235 757; x_wconf 87' lang='grc' dir='ltr'><em>Βάρδα</em></span> <span class='ocrx_word' id='word_1_72' title='bbox 1262 699 1583 755; x_wconf 72' lang='grc' dir='ltr'><em>κατομάγουλον.</em></span> <span class='ocrx_word' id='word_1_73' title='bbox 1635 699 1745 741; x_wconf 80' lang='grc' dir='ltr'><em>ἰστέ-</em></span> 
     </span>
     <span class='ocr_line' id='line_1_10' title="bbox 297 759 1744 823; baseline 0.001 -15"><span class='ocrx_word' id='word_1_74' title='bbox 297 782 368 821; x_wconf 90' lang='grc' dir='ltr'><em>ον,</em></span> <span class='ocrx_word' id='word_1_75' title='bbox 411 762 474 809; x_wconf 79' lang='grc' dir='ltr'><em>ὅτι</em></span> <span class='ocrx_word' id='word_1_76' title='bbox 502 769 547 809; x_wconf 82' lang='grc' dir='ltr'><em>ἐν</em></span> <span class='ocrx_word' id='word_1_77' title='bbox 575 768 629 823; x_wconf 83' lang='grc' dir='ltr'><em>τῇ</em></span> <span class='ocrx_word' id='word_1_78' title='bbox 651 768 755 823; x_wconf 84' lang='grc' dir='ltr'><em>μονῇ</em></span> <span class='ocrx_word' id='word_1_79' title='bbox 783 768 856 821; x_wconf 79' lang='grc' dir='ltr'><em>τῆς</em></span> <span class='ocrx_word' id='word_1_80' title='bbox 896 765 1020 821; x_wconf 74' lang='grc' dir='ltr'><em>ἁγίας</em></span> <span class='ocrx_word' id='word_1_81' title='bbox 1048 763 1275 823; x_wconf 80' lang='grc' dir='ltr'><em>Εὖφημίας</em></span> <span class='ocrx_word' id='word_1_82' title='bbox 1311 768 1385 822; x_wconf 83' lang='grc' dir='ltr'><em>τῆς</em></span> <span class='ocrx_word' id='word_1_83' title='bbox 1411 767 1630 821; x_wconf 77' lang='grc' dir='ltr'><em>λεγομένης</em></span> <span class='ocrx_word' id='word_1_84' title='bbox 1656 759 1744 810; x_wconf 68' lang='grc' dir='ltr'><em>Εὖ-</em></span> 
     </span>
     <span class='ocr_line' id='line_1_11' title="bbox 258 830 1800 890; baseline -0.002 -16"><span class='ocrx_word' id='word_1_85' title='bbox 258 839 292 874; x_wconf 91' lang='lat' dir='ltr'>D</span> <span class='ocrx_word' id='word_1_86' title='bbox 301 830 472 889; x_wconf 85' lang='grc' dir='ltr'><em>μόρφου</em></span> <span class='ocrx_word' id='word_1_87' title='bbox 505 834 550 875; x_wconf 85' lang='grc' dir='ltr'><em>έν</em></span> <span class='ocrx_word' id='word_1_88' title='bbox 577 834 636 890; x_wconf 70' lang='grc' dir='ltr'><em>τῷ</em></span> <span class='ocrx_word' id='word_1_89' title='bbox 664 830 769 888; x_wconf 86' lang='grc' dir='ltr'><em>πρὸς</em></span> <span class='ocrx_word' id='word_1_90' title='bbox 798 831 1002 888; x_wconf 74' lang='grc' dir='ltr'><em>ἀνατολὴν</em></span> <span class='ocrx_word' id='word_1_91' title='bbox 1039 832 1244 890; x_wconf 74' lang='grc' dir='ltr'><em>ἀριστερῷ</em></span> <span class='ocrx_word' id='word_1_92' title='bbox 1270 835 1391 888; x_wconf 81' lang='grc' dir='ltr'><em>μέρει</em></span> <span class='ocrx_word' id='word_1_93' title='bbox 1417 834 1492 888; x_wconf 83' lang='grc' dir='ltr'><em>τῆς</em></span> <span class='ocrx_word' id='word_1_94' title='bbox 1521 832 1647 887; x_wconf 68' lang='grc' dir='ltr'><em>αὐτῆς</em></span> <span class='ocrx_word' id='word_1_95' title='bbox 1675 832 1800 872; x_wconf 80' lang='grc' dir='ltr'><em>ἕκ-ιο</em></span> 
     </span>
     <span class='ocr_line' id='line_1_12' title="bbox 298 895 1744 957; baseline -0.003 -15"><span class='ocrx_word' id='word_1_96' title='bbox 298 901 484 955; x_wconf 82' lang='grc' dir='ltr'><em>κλησίας,</em></span> <span class='ocrx_word' id='word_1_97' title='bbox 513 900 558 941; x_wconf 78' lang='grc' dir='ltr'><em>ἐν</em></span> <span class='ocrx_word' id='word_1_98' title='bbox 585 901 638 957; x_wconf 84' lang='grc' dir='ltr'><em>τῇ</em></span> <span class='ocrx_word' id='word_1_99' title='bbox 663 899 795 940; x_wconf 78' lang='grc' dir='ltr'><em>ἐκεῖσε</em></span> <span class='ocrx_word' id='word_1_100' title='bbox 822 901 1052 956; x_wconf 75' lang='grc' dir='ltr'><em>σταταραίᾳ</em></span> <span class='ocrx_word' id='word_1_101' title='bbox 1080 897 1294 941; x_wconf 76' lang='grc' dir='ltr'><em>ἀπόκειται</em></span> <span class='ocrx_word' id='word_1_102' title='bbox 1311 896 1528 954; x_wconf 80' lang='grc' dir='ltr'><em>Παγκαλώ</em></span> <span class='ocrx_word' id='word_1_103' title='bbox 1557 895 1583 953; x_wconf 83' lang='grc' dir='ltr'><em>ἧ</em></span> <span class='ocrx_word' id='word_1_104' title='bbox 1608 895 1744 952; x_wconf 81' lang='grc' dir='ltr'><em>μήτηρ</em></span> 
     </span>
     <span class='ocr_line' id='line_1_13' title="bbox 298 959 1744 1023; baseline -0.003 -15"><span class='ocrx_word' id='word_1_105' title='bbox 298 967 529 1008; x_wconf 88' lang='grc' dir='ltr'><em>Βασιλείου</em></span> <span class='ocrx_word' id='word_1_106' title='bbox 559 967 637 1006; x_wconf 82' lang='grc' dir='ltr'><em>τοῦ</em></span> <span class='ocrx_word' id='word_1_107' title='bbox 666 965 943 1020; x_wconf 79' lang='grc' dir='ltr'><em>φιλοχρίστου</em></span> <span class='ocrx_word' id='word_1_108' title='bbox 982 962 1207 1007; x_wconf 80' lang='grc' dir='ltr'><em>δεσπότου.</em></span> <span class='ocrx_word' id='word_1_109' title='bbox 1264 965 1309 1007; x_wconf 78' lang='grc' dir='ltr'><em>ἐν</em></span> <span class='ocrx_word' id='word_1_110' title='bbox 1350 966 1396 1006; x_wconf 77' lang='grc' dir='ltr'><em>δὲ</em></span> <span class='ocrx_word' id='word_1_111' title='bbox 1425 965 1485 1023; x_wconf 72' lang='grc' dir='ltr'><em>τῷ</em></span> <span class='ocrx_word' id='word_1_112' title='bbox 1509 962 1615 1019; x_wconf 88' lang='grc' dir='ltr'><em>πρὸς</em></span> <span class='ocrx_word' id='word_1_113' title='bbox 1642 959 1744 1006; x_wconf 67' lang='lat' dir='ltr'><strong>‹iva-</strong></span> 
     </span>
     <span class='ocr_line' id='line_1_14' title="bbox 297 1027 1746 1088; baseline -0.003 -14"><span class='ocrx_word' id='word_1_114' title='bbox 297 1030 420 1086; x_wconf 81' lang='grc' dir='ltr'><em>τολὴν</em></span> <span class='ocrx_word' id='word_1_115' title='bbox 449 1033 570 1088; x_wconf 76' lang='grc' dir='ltr'><em>δεξιῷ</em></span> <span class='ocrx_word' id='word_1_116' title='bbox 592 1033 711 1086; x_wconf 86' lang='grc' dir='ltr'><em>μέρει</em></span> <span class='ocrx_word' id='word_1_117' title='bbox 738 1033 811 1085; x_wconf 81' lang='grc' dir='ltr'><em>τῆς</em></span> <span class='ocrx_word' id='word_1_118' title='bbox 840 1030 970 1086; x_wconf 71' lang='grc' dir='ltr'><em>αὐτῆς</em></span> <span class='ocrx_word' id='word_1_119' title='bbox 998 1033 1215 1086; x_wconf 78' lang='grc' dir='ltr'><em>ἐκκλησίας</em></span> <span class='ocrx_word' id='word_1_120' title='bbox 1223 1064 1236 1084; x_wconf 93' lang='grc'><em>,</em></span> <span class='ocrx_word' id='word_1_121' title='bbox 1276 1027 1471 1073; x_wconf 78' lang='grc' dir='ltr'><em>ἇπένανει</em></span> <span class='ocrx_word' id='word_1_122' title='bbox 1497 1027 1648 1085; x_wconf 77' lang='grc' dir='ltr'><em>ταύτης</em></span> <span class='ocrx_word' id='word_1_123' title='bbox 1672 1030 1746 1084; x_wconf 82' lang='grc' dir='ltr'><em>τῆς</em></span> 
     </span>
     <span class='ocr_line' id='line_1_15' title="bbox 297 1094 1746 1153; baseline -0.002 -14"><span class='ocrx_word' id='word_1_124' title='bbox 297 1099 556 1153; x_wconf 89' lang='grc' dir='ltr'><em>σταταραίας</em></span> <span class='ocrx_word' id='word_1_125' title='bbox 582 1098 693 1138; x_wconf 74' lang='grc' dir='ltr'><em>ἐστίν</em></span> <span class='ocrx_word' id='word_1_126' title='bbox 719 1094 839 1151; x_wconf 72' lang='grc' dir='ltr'><em>ἑτέρα</em></span> <span class='ocrx_word' id='word_1_127' title='bbox 867 1098 1104 1152; x_wconf 86' lang='grc' dir='ltr'><em>σταταραιά</em></span> <span class='ocrx_word' id='word_1_128' title='bbox 1133 1094 1213 1138; x_wconf 79' lang='grc' dir='ltr'><em>άπὸ</em></span> <span class='ocrx_word' id='word_1_129' title='bbox 1244 1099 1366 1139; x_wconf 72' lang='grc' dir='ltr'><em>λίθου</em></span> <span class='ocrx_word' id='word_1_130' title='bbox 1404 1097 1606 1152; x_wconf 81' lang='grc' dir='ltr'><em>πρασίνου</em></span> <span class='ocrx_word' id='word_1_131' title='bbox 1639 1095 1746 1137; x_wconf 85' lang='grc' dir='ltr'><em>Θετ-</em></span> 
     </span>
     <span class='ocr_line' id='line_1_16' title="bbox 297 1157 1797 1218; baseline -0.001 -15"><span class='ocrx_word' id='word_1_132' title='bbox 297 1164 455 1215; x_wconf 80' lang='grc' dir='ltr'><em>ταλοῦ,</em></span> <span class='ocrx_word' id='word_1_133' title='bbox 509 1164 554 1204; x_wconf 75' lang='grc' dir='ltr'><em>ἐν</em></span> <span class='ocrx_word' id='word_1_134' title='bbox 580 1157 610 1218; x_wconf 75' lang='grc' dir='ltr'><strong><em>ᾖ</em></strong></span> <span class='ocrx_word' id='word_1_135' title='bbox 639 1159 854 1204; x_wconf 82' lang='grc' dir='ltr'><em>α’πόκειται</em></span> <span class='ocrx_word' id='word_1_136' title='bbox 879 1161 1110 1218; x_wconf 85' lang='grc' dir='ltr'><em>Μαριανὸς</em></span> <span class='ocrx_word' id='word_1_137' title='bbox 1139 1162 1162 1204; x_wconf 81' lang='grc' dir='ltr'>ὅ</span> <span class='ocrx_word' id='word_1_138' title='bbox 1189 1161 1369 1218; x_wconf 76' lang='grc' dir='ltr'><em>γεγονώς</em></span> <span class='ocrx_word' id='word_1_139' title='bbox 1397 1163 1635 1215; x_wconf 89' lang='grc' dir='ltr'><em>δομέστικος</em></span> <span class='ocrx_word' id='word_1_140' title='bbox 1662 1159 1797 1202; x_wconf 70' lang='grc' dir='ltr'><em>τῶνιῦ</em></span> 
     </span>
     <span class='ocr_line' id='line_1_17' title="bbox 301 1223 1748 1285; baseline -0.002 -15"><span class='ocrx_word' id='word_1_141' title='bbox 301 1229 496 1282; x_wconf 75' lang='grc' dir='ltr'><em>σχολῶν,</em></span> <span class='ocrx_word' id='word_1_142' title='bbox 541 1230 617 1269; x_wconf 78' lang='grc' dir='ltr'><em>καί</em></span> <span class='ocrx_word' id='word_1_143' title='bbox 649 1227 888 1281; x_wconf 79' lang='grc' dir='ltr'><em>Συμβάτιος</em></span> <span class='ocrx_word' id='word_1_144' title='bbox 927 1228 948 1268; x_wconf 82' lang='grc' dir='ltr'>ὁ</span> <span class='ocrx_word' id='word_1_145' title='bbox 978 1226 1158 1285; x_wconf 73' lang='grc' dir='ltr'><em>ἁδελφὸς</em></span> <span class='ocrx_word' id='word_1_146' title='bbox 1187 1230 1335 1282; x_wconf 72' lang='grc' dir='ltr'><em>αὕτοῧ,</em></span> <span class='ocrx_word' id='word_1_147' title='bbox 1366 1228 1596 1285; x_wconf 73' lang='grc' dir='ltr'><em>ἀμφότεροι</em></span> <span class='ocrx_word' id='word_1_148' title='bbox 1624 1223 1748 1268; x_wconf 81' lang='grc' dir='ltr'><em>ἆδελ-</em></span> 
     </span>
     <span class='ocr_line' id='line_1_18' title="bbox 303 1290 1747 1350; baseline 0 -17"><span class='ocrx_word' id='word_1_149' title='bbox 303 1295 381 1349; x_wconf 83' lang='grc' dir='ltr'><em>φοί</em></span> <span class='ocrx_word' id='word_1_150' title='bbox 404 1295 632 1336; x_wconf 85' lang='grc' dir='ltr'><em>Βασιλειόυ</em></span> <span class='ocrx_word' id='word_1_151' title='bbox 661 1293 736 1335; x_wconf 79' lang='grc' dir='ltr'><em>τοῦ</em></span> <span class='ocrx_word' id='word_1_152' title='bbox 766 1295 1037 1350; x_wconf 76' lang='grc' dir='ltr'><em>φιλοχράπου</em></span> <span class='ocrx_word' id='word_1_153' title='bbox 1068 1295 1288 1336; x_wconf 76' lang='grc' dir='ltr'><em>δεσπότου.</em></span> <span class='ocrx_word' id='word_1_154' title='bbox 1343 1294 1502 1348; x_wconf 83' lang='grc' dir='ltr'><em>ἰστέον,</em></span> <span class='ocrx_word' id='word_1_155' title='bbox 1527 1290 1591 1336; x_wconf 77' lang='grc' dir='ltr'><em>ὅτι</em></span> <span class='ocrx_word' id='word_1_156' title='bbox 1618 1295 1663 1336; x_wconf 80' lang='grc' dir='ltr'><em>ἔν</em></span> <span class='ocrx_word' id='word_1_157' title='bbox 1689 1293 1747 1350; x_wconf 75' lang='grc' dir='ltr'><em>τῷ</em></span> 
     </span>
     <span class='ocr_line' id='line_1_19' title="bbox 302 1356 1741 1417; baseline -0.001 -15"><span class='ocrx_word' id='word_1_158' title='bbox 302 1361 424 1417; x_wconf 71' lang='grc' dir='ltr'><em>δεξιῷ</em></span> <span class='ocrx_word' id='word_1_159' title='bbox 461 1356 662 1417; x_wconf 76' lang='grc' dir='ltr'><em>εὖκτηρίῳ</em></span> <span class='ocrx_word' id='word_1_160' title='bbox 703 1361 774 1415; x_wconf 82' lang='grc' dir='ltr'><em>τῆς</em></span> <span class='ocrx_word' id='word_1_161' title='bbox 815 1356 947 1415; x_wconf 72' lang='grc' dir='ltr'><em>αὐτῆς</em></span> <span class='ocrx_word' id='word_1_162' title='bbox 974 1360 1191 1416; x_wconf 79' lang='grc' dir='ltr'><em>ἐκκλησίας</em></span> <span class='ocrx_word' id='word_1_163' title='bbox 1218 1363 1297 1402; x_wconf 81' lang='grc' dir='ltr'><em>τοῦ</em></span> <span class='ocrx_word' id='word_1_164' title='bbox 1323 1359 1581 1417; x_wconf 88' lang='grc' dir='ltr'><em>Προδρόμου</em></span> <span class='ocrx_word' id='word_1_165' title='bbox 1611 1360 1655 1402; x_wconf 81' lang='grc' dir='ltr'><em>ἐν</em></span> <span class='ocrx_word' id='word_1_166' title='bbox 1682 1359 1741 1416; x_wconf 79' lang='grc' dir='ltr'><em>τῷ</em></span> 
     </span>
     <span class='ocr_line' id='line_1_20' title="bbox 300 1422 1741 1484; baseline -0.002 -16"><span class='ocrx_word' id='word_1_167' title='bbox 300 1424 405 1479; x_wconf 81' lang='grc' dir='ltr'><em>πρὸς</em></span> <span class='ocrx_word' id='word_1_168' title='bbox 434 1424 641 1480; x_wconf 70' lang='grc' dir='ltr'><em>ἀνατολήν</em></span> <span class='ocrx_word' id='word_1_169' title='bbox 669 1422 870 1484; x_wconf 71' lang='grc' dir='ltr'><em>εὐωνύμῳ</em></span> <span class='ocrx_word' id='word_1_170' title='bbox 898 1426 1020 1481; x_wconf 90' lang='grc' dir='ltr'><em>με’ρει</em></span> <span class='ocrx_word' id='word_1_171' title='bbox 1052 1429 1126 1469; x_wconf 81' lang='grc' dir='ltr'><em>τοῦ</em></span> <span class='ocrx_word' id='word_1_172' title='bbox 1161 1428 1295 1469; x_wconf 75' lang='grc' dir='ltr'><em>αὐτοῦ</em></span> <span class='ocrx_word' id='word_1_173' title='bbox 1331 1427 1546 1483; x_wconf 76' lang='grc' dir='ltr'><em>εὔκτηριόυ</em></span> <span class='ocrx_word' id='word_1_174' title='bbox 1577 1427 1741 1468; x_wconf 83' lang='grc' dir='ltr'><em>ἵσταται</em></span> 
     </span>
     <span class='ocr_line' id='line_1_21' title="bbox 106 1486 1795 1551; baseline 0 -20"><span class='ocrx_word' id='word_1_175' title='bbox 106 1495 289 1543; x_wconf 72' lang='lat' dir='ltr'>E‹1.L.375</span> <span class='ocrx_word' id='word_1_176' title='bbox 303 1490 458 1546; x_wconf 80' lang='grc' dir='ltr'><em>λάρναξ</em></span> <span class='ocrx_word' id='word_1_177' title='bbox 485 1487 744 1548; x_wconf 79' lang='grc' dir='ltr'><em>άνάγλυφος,</em></span> <span class='ocrx_word' id='word_1_178' title='bbox 789 1493 833 1534; x_wconf 78' lang='grc' dir='ltr'><em>ἐν</em></span> <span class='ocrx_word' id='word_1_179' title='bbox 869 1486 902 1551; x_wconf 77' lang='grc' dir='ltr'><em>ᾧ</em></span> <span class='ocrx_word' id='word_1_180' title='bbox 941 1490 1158 1535; x_wconf 75' lang='grc' dir='ltr'><em>ἀπόκειται</em></span> <span class='ocrx_word' id='word_1_181' title='bbox 1189 1489 1450 1536; x_wconf 72' lang='lat' dir='ltr'><strong>’Amo-wala</strong></span> <span class='ocrx_word' id='word_1_182' title='bbox 1481 1490 1507 1548; x_wconf 78' lang='grc' dir='ltr'><strong><em>ἦ</em></strong></span> <span class='ocrx_word' id='word_1_183' title='bbox 1545 1488 1795 1547; x_wconf 72' lang='grc' dir='ltr'><em>θυγάτηραο</em></span> 
     </span>
     <span class='ocr_line' id='line_1_22' title="bbox 299 1554 1744 1615; baseline -0.001 -15"><span class='ocrx_word' id='word_1_184' title='bbox 299 1558 530 1600; x_wconf 87' lang='grc' dir='ltr'><em>Βασιλείου</em></span> <span class='ocrx_word' id='word_1_185' title='bbox 560 1559 637 1598; x_wconf 82' lang='grc' dir='ltr'><em>τοῦ</em></span> <span class='ocrx_word' id='word_1_186' title='bbox 667 1559 940 1614; x_wconf 83' lang='grc' dir='ltr'><em>φιλοχρίστου</em></span> <span class='ocrx_word' id='word_1_187' title='bbox 971 1556 1188 1602; x_wconf 88' lang='grc' dir='ltr'><em>δεσπότου.</em></span> <span class='ocrx_word' id='word_1_188' title='bbox 1215 1560 1365 1612; x_wconf 84' lang='grc' dir='ltr'><em>ἰστέον,</em></span> <span class='ocrx_word' id='word_1_189' title='bbox 1394 1555 1454 1601; x_wconf 78' lang='grc' dir='ltr'><em>ὅτι</em></span> <span class='ocrx_word' id='word_1_190' title='bbox 1481 1560 1527 1601; x_wconf 78' lang='grc' dir='ltr'><em>ἐν</em></span> <span class='ocrx_word' id='word_1_191' title='bbox 1553 1559 1612 1615; x_wconf 80' lang='grc' dir='ltr'><em>τῷ</em></span> <span class='ocrx_word' id='word_1_192' title='bbox 1637 1554 1744 1614; x_wconf 82' lang='grc' dir='ltr'><em>πρὸς</em></span> 
     </span>
     <span class='ocr_line' id='line_1_23' title="bbox 304 1621 1744 1681; baseline -0.001 -15"><span class='ocrx_word' id='word_1_193' title='bbox 304 1621 509 1677; x_wconf 75' lang='grc' dir='ltr'><em>ἀνατολὴν</em></span> <span class='ocrx_word' id='word_1_194' title='bbox 553 1624 674 1681; x_wconf 74' lang='grc' dir='ltr'><em>δεξιῷ</em></span> <span class='ocrx_word' id='word_1_195' title='bbox 711 1625 834 1680; x_wconf 86' lang='grc' dir='ltr'><em>μέρει</em></span> <span class='ocrx_word' id='word_1_196' title='bbox 868 1626 944 1666; x_wconf 84' lang='grc' dir='ltr'><em>τοῦ</em></span> <span class='ocrx_word' id='word_1_197' title='bbox 974 1621 1107 1667; x_wconf 69' lang='grc' dir='ltr'><em>αὐτοῦ</em></span> <span class='ocrx_word' id='word_1_198' title='bbox 1150 1625 1381 1681; x_wconf 71' lang='grc' dir='ltr'><em>εὖκτηρώυ,</em></span> <span class='ocrx_word' id='word_1_199' title='bbox 1421 1625 1620 1667; x_wconf 79' lang='grc' dir='ltr'><em>οἷπέναντι</em></span> <span class='ocrx_word' id='word_1_200' title='bbox 1667 1622 1744 1665; x_wconf 77' lang='grc' dir='ltr'><em>τοῦ</em></span> 
     </span>
     <span class='ocr_line' id='line_1_24' title="bbox 300 1682 1742 1750; baseline -0.001 -20"><span class='ocrx_word' id='word_1_201' title='bbox 300 1688 504 1744; x_wconf 82' lang='grc' dir='ltr'><em>λάρνακος</em></span> <span class='ocrx_word' id='word_1_202' title='bbox 531 1690 696 1731; x_wconf 76' lang='grc' dir='ltr'><em>ἵσταται</em></span> <span class='ocrx_word' id='word_1_203' title='bbox 721 1687 942 1746; x_wconf 87' lang='grc' dir='ltr'><em>λαρνάκιον</em></span> <span class='ocrx_word' id='word_1_204' title='bbox 959 1689 1107 1747; x_wconf 88' lang='grc' dir='ltr'><em>μικρὸν</em></span> <span class='ocrx_word' id='word_1_205' title='bbox 1136 1692 1390 1750; x_wconf 74' lang='grc' dir='ltr'><em>ἅνάγλυφον,</em></span> <span class='ocrx_word' id='word_1_206' title='bbox 1417 1692 1462 1733; x_wconf 78' lang='grc' dir='ltr'><em>ἐν</em></span> <span class='ocrx_word' id='word_1_207' title='bbox 1489 1682 1524 1748; x_wconf 75' lang='grc' dir='ltr'><em>ᾧ</em></span> <span class='ocrx_word' id='word_1_208' title='bbox 1551 1686 1742 1732; x_wconf 66' lang='lat' dir='ltr'><em>‹inhnm-</em></span> 
     </span>
     <span class='ocr_line' id='line_1_25' title="bbox 300 1749 1740 1815; baseline -0.001 -16"><span class='ocrx_word' id='word_1_209' title='bbox 300 1771 368 1799; x_wconf 88' lang='grc' dir='ltr'><em>ται</em></span> <span class='ocrx_word' id='word_1_210' title='bbox 398 1749 534 1799; x_wconf 73' lang='grc' dir='ltr'><em>’Ἀννα</em></span> <span class='ocrx_word' id='word_1_211' title='bbox 563 1754 636 1798; x_wconf 81' lang='grc' dir='ltr'><em>καί</em></span> <span class='ocrx_word' id='word_1_212' title='bbox 660 1755 799 1812; x_wconf 84' lang='grc' dir='ltr'><em>Ἑλένη</em></span> <span class='ocrx_word' id='word_1_213' title='bbox 815 1789 828 1813; x_wconf 87' lang='grc'><em>,</em></span> <span class='ocrx_word' id='word_1_214' title='bbox 855 1755 1083 1815; x_wconf 73' lang='grc' dir='ltr'><em>θυγατέρες</em></span> <span class='ocrx_word' id='word_1_215' title='bbox 1110 1759 1337 1802; x_wconf 84' lang='grc' dir='ltr'><em>Βασιλείου</em></span> <span class='ocrx_word' id='word_1_216' title='bbox 1364 1759 1439 1801; x_wconf 80' lang='grc' dir='ltr'><em>τοῦ</em></span> <span class='ocrx_word' id='word_1_217' title='bbox 1467 1757 1740 1814; x_wconf 81' lang='grc' dir='ltr'><em>φιλοχρίστου</em></span> 
     </span>
    </p>
   </div>
   <div class='ocr_carea' id='block_1_3' title="bbox 298 1933 1743 2776">
    <p class='ocr_par' dir='ltr' id='par_1_3' title="bbox 298 1933 1743 2776">
     <span class='ocr_line' id='line_1_26' title="bbox 301 1933 1741 1983; baseline 0.001 -18"><span class='ocrx_word' id='word_1_218' title='bbox 301 1933 419 1966; x_wconf 87' lang='lat' dir='ltr'><strong>larum</strong></span> <span class='ocrx_word' id='word_1_219' title='bbox 443 1937 480 1967; x_wconf 88' lang='lat' dir='ltr'><strong>et</strong></span> <span class='ocrx_word' id='word_1_220' title='bbox 501 1933 613 1967; x_wconf 83' lang='lat' dir='ltr'><strong>frater</strong></span> <span class='ocrx_word' id='word_1_221' title='bbox 636 1935 744 1968; x_wconf 85' lang='lat' dir='ltr'><strong>modo</strong></span> <span class='ocrx_word' id='word_1_222' title='bbox 770 1935 887 1970; x_wconf 85' lang='lat' dir='ltr'><strong>(lictae</strong></span> <span class='ocrx_word' id='word_1_223' title='bbox 909 1938 947 1971; x_wconf 89' lang='lat' dir='ltr'><em>B.</em></span> <span class='ocrx_word' id='word_1_224' title='bbox 971 1937 1214 1983; x_wconf 82' lang='lat' dir='ltr'><strong>Imperatricis</strong></span> <span class='ocrx_word' id='word_1_225' title='bbox 1238 1935 1462 1971; x_wconf 83' lang='lat' dir='ltr'><strong>Theodorae.</strong></span> <span class='ocrx_word' id='word_1_226' title='bbox 1510 1937 1554 1969; x_wconf 91' lang='lat' dir='ltr'><em>In</em></span> <span class='ocrx_word' id='word_1_227' title='bbox 1578 1933 1741 1968; x_wconf 75' lang='lat' dir='ltr'><strong>eiusdem</strong></span> 
     </span>
     <span class='ocr_line' id='line_1_27' title="bbox 303 1980 1740 2029; baseline 0.004 -18"><span class='ocrx_word' id='word_1_228' title='bbox 303 1980 476 2012; x_wconf 87' lang='lat' dir='ltr'><strong>ecclesiae</strong></span> <span class='ocrx_word' id='word_1_229' title='bbox 510 1982 680 2015; x_wconf 83' lang='lat' dir='ltr'><strong>narthece</strong></span> <span class='ocrx_word' id='word_1_230' title='bbox 712 1994 835 2017; x_wconf 86' lang='lat' dir='ltr'><strong>versus</strong></span> <span class='ocrx_word' id='word_1_231' title='bbox 873 1985 1052 2017; x_wconf 85' lang='lat' dir='ltr'>orientem</span> <span class='ocrx_word' id='word_1_232' title='bbox 1076 1985 1124 2017; x_wconf 86' lang='lat' dir='ltr'><em>ad</em></span> <span class='ocrx_word' id='word_1_233' title='bbox 1148 1984 1329 2018; x_wconf 82' lang='lat' dir='ltr'><strong>sinistram</strong></span> <span class='ocrx_word' id='word_1_234' title='bbox 1352 1983 1494 2029; x_wconf 83' lang='lat' dir='ltr'><strong>plagam</strong></span> <span class='ocrx_word' id='word_1_235' title='bbox 1516 1987 1589 2016; x_wconf 82' lang='lat' dir='ltr'><strong>stat</strong></span> <span class='ocrx_word' id='word_1_236' title='bbox 1610 1990 1740 2026; x_wconf 67' lang='lat' dir='ltr'><strong>parvm</strong></span> 
     </span>
     <span class='ocr_line' id='line_1_28' title="bbox 303 2027 1743 2073; baseline 0.001 -16"><span class='ocrx_word' id='word_1_237' title='bbox 303 2027 543 2071; x_wconf 83' lang='lat' dir='ltr'>sarcophagus</span> <span class='ocrx_word' id='word_1_238' title='bbox 579 2039 598 2061; x_wconf 88' lang='lat' dir='ltr'><strong>e</strong></span> <span class='ocrx_word' id='word_1_239' title='bbox 632 2040 808 2062; x_wconf 84' lang='lat' dir='ltr'><strong>marmore</strong></span> <span class='ocrx_word' id='word_1_240' title='bbox 844 2031 1084 2064; x_wconf 89' lang='lat' dir='ltr'><strong>Proconnesio</strong></span> <span class='ocrx_word' id='word_1_241' title='bbox 1118 2037 1181 2064; x_wconf 85' lang='lat' dir='ltr'><em>aut</em></span> <span class='ocrx_word' id='word_1_242' title='bbox 1216 2030 1433 2070; x_wconf 84' lang='lat' dir='ltr'><strong>Pierimaeo‚</strong></span> <span class='ocrx_word' id='word_1_243' title='bbox 1471 2029 1512 2062; x_wconf 89' lang='lat' dir='ltr'><strong>in</strong></span> <span class='ocrx_word' id='word_1_244' title='bbox 1542 2037 1616 2073; x_wconf 86' lang='lat' dir='ltr'><em>quo</em></span> <span class='ocrx_word' id='word_1_245' title='bbox 1647 2027 1743 2059; x_wconf 87' lang='lat' dir='ltr'><strong>iacet</strong></span> 
     </span>
     <span class='ocr_line' id='line_1_29' title="bbox 303 2072 1740 2122; baseline 0.002 -17"><span class='ocrx_word' id='word_1_246' title='bbox 303 2072 536 2114; x_wconf 75' lang='lat' dir='ltr'><strong>Theoctista,</strong></span> <span class='ocrx_word' id='word_1_247' title='bbox 566 2080 682 2108; x_wconf 88' lang='lat' dir='ltr'><strong>mater</strong></span> <span class='ocrx_word' id='word_1_248' title='bbox 707 2077 740 2109; x_wconf 93' lang='lat' dir='ltr'><em>S.</em></span> <span class='ocrx_word' id='word_1_249' title='bbox 769 2076 982 2111; x_wconf 84' lang='lat' dir='ltr'><strong>Theodorae</strong></span> <span class='ocrx_word' id='word_1_250' title='bbox 1003 2078 1255 2122; x_wconf 87' lang='lat' dir='ltr'><strong>Imperatricis.</strong></span> <span class='ocrx_word' id='word_1_251' title='bbox 1310 2077 1423 2119; x_wconf 87' lang='lat' dir='ltr'>Prope</span> <span class='ocrx_word' id='word_1_252' title='bbox 1458 2075 1578 2107; x_wconf 82' lang='lat' dir='ltr'><strong>adstat</strong></span> <span class='ocrx_word' id='word_1_253' title='bbox 1609 2083 1740 2118; x_wconf 73' lang='lat' dir='ltr'><strong>parvus</strong></span> 
     </span>
     <span class='ocr_line' id='line_1_30' title="bbox 304 2119 1742 2166; baseline 0.003 -17"><span class='ocrx_word' id='word_1_254' title='bbox 304 2119 546 2165; x_wconf 81' lang='lat' dir='ltr'><strong>sarcophagus</strong></span> <span class='ocrx_word' id='word_1_255' title='bbox 567 2132 586 2153; x_wconf 95' lang='lat' dir='ltr'><strong>e</strong></span> <span class='ocrx_word' id='word_1_256' title='bbox 602 2133 777 2154; x_wconf 86' lang='lat' dir='ltr'><strong>marmore</strong></span> <span class='ocrx_word' id='word_1_257' title='bbox 792 2124 963 2166; x_wconf 85' lang='lat' dir='ltr'><strong>Sagarino</strong></span> <span class='ocrx_word' id='word_1_258' title='bbox 981 2123 1319 2157; x_wconf 85' lang='lat' dir='ltr'><strong>autPneumonusio</strong></span> <span class='ocrx_word' id='word_1_259' title='bbox 1347 2133 1410 2155; x_wconf 88' lang='lat' dir='ltr'><em>seu</em></span> <span class='ocrx_word' id='word_1_260' title='bbox 1433 2120 1677 2166; x_wconf 84' lang='lat' dir='ltr'><strong>pulmonario,</strong></span> <span class='ocrx_word' id='word_1_261' title='bbox 1701 2119 1742 2153; x_wconf 83' lang='lat' dir='ltr'><strong>in</strong></span> 
     </span>
     <span class='ocr_line' id='line_1_31' title="bbox 304 2165 1739 2213; baseline 0.002 -17"><span class='ocrx_word' id='word_1_262' title='bbox 304 2175 376 2209; x_wconf 86' lang='lat' dir='ltr'><em>quo</em></span> <span class='ocrx_word' id='word_1_263' title='bbox 402 2166 470 2198; x_wconf 87' lang='lat' dir='ltr'><strong>sita</strong></span> <span class='ocrx_word' id='word_1_264' title='bbox 496 2172 550 2199; x_wconf 83' lang='lat' dir='ltr'><em>est</em></span> <span class='ocrx_word' id='word_1_265' title='bbox 573 2168 690 2210; x_wconf 86' lang='lat' dir='ltr'>Irene,</span> <span class='ocrx_word' id='word_1_266' title='bbox 719 2169 794 2201; x_wconf 85' lang='lat' dir='ltr'><strong>filia</strong></span> <span class='ocrx_word' id='word_1_267' title='bbox 811 2170 948 2203; x_wconf 73' lang='lat' dir='ltr'><strong>Bardae</strong></span> <span class='ocrx_word' id='word_1_268' title='bbox 961 2170 1134 2203; x_wconf 85' lang='lat' dir='ltr'><strong>Caesaris.</strong></span> <span class='ocrx_word' id='word_1_269' title='bbox 1159 2170 1274 2213; x_wconf 86' lang='lat' dir='ltr'>Prope</span> <span class='ocrx_word' id='word_1_270' title='bbox 1299 2168 1419 2202; x_wconf 82' lang='lat' dir='ltr'><strong>adstat</strong></span> <span class='ocrx_word' id='word_1_271' title='bbox 1439 2179 1570 2212; x_wconf 82' lang='lat' dir='ltr'><strong>parvus</strong></span> <span class='ocrx_word' id='word_1_272' title='bbox 1596 2166 1643 2199; x_wconf 89' lang='lat' dir='ltr'><em>ad</em></span> <span class='ocrx_word' id='word_1_273' title='bbox 1663 2165 1739 2210; x_wconf 80' lang='lat' dir='ltr'><strong>spi-</strong></span> 
     </span>
     <span class='ocr_line' id='line_1_32' title="bbox 303 2210 1741 2262; baseline 0.001 -19"><span class='ocrx_word' id='word_1_274' title='bbox 303 2210 450 2245; x_wconf 79' lang='lat' dir='ltr'><strong>thamae</strong></span> <span class='ocrx_word' id='word_1_275' title='bbox 461 2211 536 2245; x_wconf 84' lang='lat' dir='ltr'><strong>fere</strong></span> <span class='ocrx_word' id='word_1_276' title='bbox 545 2214 692 2246; x_wconf 85' lang='lat' dir='ltr'><strong>modum</strong></span> <span class='ocrx_word' id='word_1_277' title='bbox 705 2215 956 2260; x_wconf 84' lang='lat' dir='ltr'><strong>sarcophagus,</strong></span> <span class='ocrx_word' id='word_1_278' title='bbox 967 2218 1005 2250; x_wconf 92' lang='lat' dir='ltr'><strong>in</strong></span> <span class='ocrx_word' id='word_1_279' title='bbox 1018 2229 1089 2262; x_wconf 88' lang='lat' dir='ltr'><em>quo</em></span> <span class='ocrx_word' id='word_1_280' title='bbox 1102 2216 1263 2252; x_wconf 73' lang='lat' dir='ltr'><strong>Caesaris</strong></span> <span class='ocrx_word' id='word_1_281' title='bbox 1274 2215 1409 2249; x_wconf 88' lang='lat' dir='ltr'><strong>Bardae</strong></span> <span class='ocrx_word' id='word_1_282' title='bbox 1417 2215 1564 2248; x_wconf 78' lang='lat' dir='ltr'><strong>maxilla</strong></span> <span class='ocrx_word' id='word_1_283' title='bbox 1578 2213 1741 2247; x_wconf 83' lang='lat' dir='ltr'><strong>inferior.</strong></span> 
     </span>
     <span class='ocr_line' id='line_1_33' title="bbox 302 2258 1740 2306; baseline 0.003 -16"><span class='ocrx_word' id='word_1_284' title='bbox 302 2258 346 2291; x_wconf 89' lang='lat' dir='ltr'><em>In</em></span> <span class='ocrx_word' id='word_1_285' title='bbox 378 2260 597 2293; x_wconf 89' lang='lat' dir='ltr'><strong>monasterio</strong></span> <span class='ocrx_word' id='word_1_286' title='bbox 628 2261 661 2293; x_wconf 94' lang='lat' dir='ltr'><em>S.</em></span> <span class='ocrx_word' id='word_1_287' title='bbox 688 2261 911 2306; x_wconf 87' lang='lat' dir='ltr'><strong>Euphemiae</strong></span> <span class='ocrx_word' id='word_1_288' title='bbox 947 2262 1063 2296; x_wconf 79' lang='lat' dir='ltr'><strong>dictae</strong></span> <span class='ocrx_word' id='word_1_289' title='bbox 1087 2264 1281 2296; x_wconf 87' lang='lat' dir='ltr'><strong>Formosae</strong></span> <span class='ocrx_word' id='word_1_290' title='bbox 1312 2262 1406 2295; x_wconf 84' lang='lat' dir='ltr'><strong>iacet</strong></span> <span class='ocrx_word' id='word_1_291' title='bbox 1436 2262 1542 2294; x_wconf 87' lang='lat' dir='ltr'><strong>in-ea</strong></span> <span class='ocrx_word' id='word_1_292' title='bbox 1567 2261 1740 2294; x_wconf 74' lang='lat' dir='ltr'><strong>ecclesiae</strong></span> 
     </span>
     <span class='ocr_line' id='line_1_34' title="bbox 298 2304 1741 2353; baseline 0.003 -17"><span class='ocrx_word' id='word_1_293' title='bbox 298 2304 427 2349; x_wconf 87' lang='lat' dir='ltr'><strong>plaga,</strong></span> <span class='ocrx_word' id='word_1_294' title='bbox 453 2316 546 2351; x_wconf 81' lang='lat' dir='ltr'><strong>quae</strong></span> <span class='ocrx_word' id='word_1_295' title='bbox 563 2317 686 2339; x_wconf 89' lang='lat' dir='ltr'><strong>versus</strong></span> <span class='ocrx_word' id='word_1_296' title='bbox 705 2308 882 2342; x_wconf 81' lang='lat' dir='ltr'><strong>orientem</strong></span> <span class='ocrx_word' id='word_1_297' title='bbox 907 2310 1085 2353; x_wconf 82' lang='lat' dir='ltr'><strong>spectanti</strong></span> <span class='ocrx_word' id='word_1_298' title='bbox 1110 2311 1254 2342; x_wconf 81' lang='lat' dir='ltr'><strong>sinistra</strong></span> <span class='ocrx_word' id='word_1_299' title='bbox 1280 2314 1354 2350; x_wconf 88' lang='lat' dir='ltr'><strong>est,</strong></span> <span class='ocrx_word' id='word_1_300' title='bbox 1379 2309 1418 2341; x_wconf 86' lang='lat' dir='ltr'><strong>in</strong></span> <span class='ocrx_word' id='word_1_301' title='bbox 1443 2313 1620 2349; x_wconf 68' lang='lat' dir='ltr'><strong>stature-1,</strong></span> <span class='ocrx_word' id='word_1_302' title='bbox 1645 2317 1741 2352; x_wconf 73' lang='lat' dir='ltr'><strong>quae</strong></span> 
     </span>
     <span class='ocr_line' id='line_1_35' title="bbox 299 2350 1741 2401; baseline 0.003 -18"><span class='ocrx_word' id='word_1_303' title='bbox 299 2350 354 2383; x_wconf 85' lang='lat' dir='ltr'><strong>ibi</strong></span> <span class='ocrx_word' id='word_1_304' title='bbox 380 2357 454 2393; x_wconf 90' lang='lat' dir='ltr'><strong>est,</strong></span> <span class='ocrx_word' id='word_1_305' title='bbox 479 2353 653 2394; x_wconf 70' lang='lat' dir='ltr'><strong>szcalo,</strong></span> <span class='ocrx_word' id='word_1_306' title='bbox 679 2359 793 2387; x_wconf 82' lang='lat' dir='ltr'><strong>mater</strong></span> <span class='ocrx_word' id='word_1_307' title='bbox 817 2356 944 2388; x_wconf 86' lang='lat' dir='ltr'><strong>Basilii</strong></span> <span class='ocrx_word' id='word_1_308' title='bbox 969 2357 1200 2401; x_wconf 86' lang='lat' dir='ltr'><strong>Imperatoris</strong></span> <span class='ocrx_word' id='word_1_309' title='bbox 1214 2355 1396 2388; x_wconf 87' lang='lat' dir='ltr'><strong>Christum</strong></span> <span class='ocrx_word' id='word_1_310' title='bbox 1418 2356 1582 2390; x_wconf 80' lang='lat' dir='ltr'><strong>amantis.</strong></span> <span class='ocrx_word' id='word_1_311' title='bbox 1629 2354 1678 2388; x_wconf 82' lang='lat' dir='ltr'><em>At</em></span> <span class='ocrx_word' id='word_1_312' title='bbox 1698 2354 1741 2388; x_wconf 85' lang='lat' dir='ltr'><strong>in</strong></span> 
     </span>
     <span class='ocr_line' id='line_1_36' title="bbox 301 2397 1739 2447; baseline 0.003 -18"><span class='ocrx_word' id='word_1_313' title='bbox 301 2397 426 2431; x_wconf 77' lang='lat' dir='ltr'><strong>dextra</strong></span> <span class='ocrx_word' id='word_1_314' title='bbox 453 2398 616 2431; x_wconf 86' lang='lat' dir='ltr'><strong>eiusdem</strong></span> <span class='ocrx_word' id='word_1_315' title='bbox 654 2401 824 2434; x_wconf 85' lang='lat' dir='ltr'><strong>ecclesiae</strong></span> <span class='ocrx_word' id='word_1_316' title='bbox 857 2403 962 2447; x_wconf 85' lang='lat' dir='ltr'><strong>plaga</strong></span> <span class='ocrx_word' id='word_1_317' title='bbox 994 2415 1116 2437; x_wconf 83' lang='lat' dir='ltr'><strong>versus</strong></span> <span class='ocrx_word' id='word_1_318' title='bbox 1149 2403 1347 2444; x_wconf 82' lang='lat' dir='ltr'><strong>orientem,</strong></span> <span class='ocrx_word' id='word_1_319' title='bbox 1383 2413 1402 2435; x_wconf 92' lang='lat' dir='ltr'><strong>e</strong></span> <span class='ocrx_word' id='word_1_320' title='bbox 1431 2403 1578 2447; x_wconf 84' lang='lat' dir='ltr'><strong>regione</strong></span> <span class='ocrx_word' id='word_1_321' title='bbox 1609 2399 1739 2441; x_wconf 76' lang='lat' dir='ltr'><strong>istius,</strong></span> 
     </span>
     <span class='ocr_line' id='line_1_37' title="bbox 300 2447 1741 2494; baseline 0.002 -16"><span class='ocrx_word' id='word_1_322' title='bbox 300 2450 454 2478; x_wconf 75' lang='lat' dir='ltr'><strong>statarea</strong></span> <span class='ocrx_word' id='word_1_323' title='bbox 480 2450 534 2478; x_wconf 83' lang='lat' dir='ltr'><em>est</em></span> <span class='ocrx_word' id='word_1_324' title='bbox 555 2457 731 2479; x_wconf 88' lang='lat' dir='ltr'><strong>marmore</strong></span> <span class='ocrx_word' id='word_1_325' title='bbox 756 2448 865 2483; x_wconf 86' lang='lat' dir='ltr'><strong>viridi</strong></span> <span class='ocrx_word' id='word_1_326' title='bbox 877 2449 1105 2490; x_wconf 83' lang='lat' dir='ltr'><strong>Thessalico,</strong></span> <span class='ocrx_word' id='word_1_327' title='bbox 1128 2450 1168 2483; x_wconf 88' lang='lat' dir='ltr'><strong>in</strong></span> <span class='ocrx_word' id='word_1_328' title='bbox 1193 2460 1263 2494; x_wconf 85' lang='lat' dir='ltr'><em>qua</em></span> <span class='ocrx_word' id='word_1_329' title='bbox 1289 2450 1408 2482; x_wconf 83' lang='lat' dir='ltr'><strong>iacent</strong></span> <span class='ocrx_word' id='word_1_330' title='bbox 1419 2449 1624 2488; x_wconf 80' lang='lat' dir='ltr'><strong>Marianus,</strong></span> <span class='ocrx_word' id='word_1_331' title='bbox 1651 2447 1741 2481; x_wconf 85' lang='lat' dir='ltr'><strong>olim</strong></span> 
     </span>
     <span class='ocr_line' id='line_1_38' title="bbox 301 2491 1741 2538; baseline 0.003 -14"><span class='ocrx_word' id='word_1_332' title='bbox 301 2491 517 2525; x_wconf 78' lang='lat' dir='ltr'><strong>domesticus</strong></span> <span class='ocrx_word' id='word_1_333' title='bbox 540 2492 763 2535; x_wconf 89' lang='lat' dir='ltr'><strong>scholarum,</strong></span> <span class='ocrx_word' id='word_1_334' title='bbox 789 2501 825 2529; x_wconf 83' lang='lat' dir='ltr'><strong>et</strong></span> <span class='ocrx_word' id='word_1_335' title='bbox 850 2496 1067 2538; x_wconf 80' lang='lat' dir='ltr'><strong>Symbatius‚</strong></span> <span class='ocrx_word' id='word_1_336' title='bbox 1093 2496 1198 2528; x_wconf 89' lang='lat' dir='ltr'><strong>ambo</strong></span> <span class='ocrx_word' id='word_1_337' title='bbox 1226 2495 1352 2529; x_wconf 81' lang='lat' dir='ltr'><strong>fratres</strong></span> <span class='ocrx_word' id='word_1_338' title='bbox 1378 2497 1528 2538; x_wconf 85' lang='lat' dir='ltr'><strong>Basilii,</strong></span> <span class='ocrx_word' id='word_1_339' title='bbox 1558 2494 1741 2529; x_wconf 81' lang='lat' dir='ltr'><strong>Christum</strong></span> 
     </span>
     <span class='ocr_line' id='line_1_39' title="bbox 301 2539 1742 2586; baseline 0.001 -14"><span class='ocrx_word' id='word_1_340' title='bbox 301 2540 454 2572; x_wconf 82' lang='lat' dir='ltr'><strong>amantis</strong></span> <span class='ocrx_word' id='word_1_341' title='bbox 479 2539 721 2584; x_wconf 75' lang='lat' dir='ltr'><strong>Imperatoris,</strong></span> <span class='ocrx_word' id='word_1_342' title='bbox 782 2543 824 2575; x_wconf 89' lang='lat' dir='ltr'><em>In</em></span> <span class='ocrx_word' id='word_1_343' title='bbox 862 2542 987 2576; x_wconf 77' lang='lat' dir='ltr'><strong>dextro</strong></span> <span class='ocrx_word' id='word_1_344' title='bbox 1024 2542 1186 2576; x_wconf 85' lang='lat' dir='ltr'><strong>eiusdem</strong></span> <span class='ocrx_word' id='word_1_345' title='bbox 1218 2543 1388 2575; x_wconf 87' lang='lat' dir='ltr'><strong>ecclesiae</strong></span> <span class='ocrx_word' id='word_1_346' title='bbox 1426 2543 1605 2583; x_wconf 83' lang='lat' dir='ltr'><strong>oratorio,</strong></span> <span class='ocrx_word' id='word_1_347' title='bbox 1640 2540 1742 2586; x_wconf 81' lang='lat' dir='ltr'><strong>quod</strong></span> 
     </span>
     <span class='ocr_line' id='line_1_40' title="bbox 300 2585 1741 2635; baseline 0.003 -17"><span class='ocrx_word' id='word_1_348' title='bbox 300 2585 525 2619; x_wconf 75' lang='lat' dir='ltr'><strong>praecursori</strong></span> <span class='ocrx_word' id='word_1_349' title='bbox 546 2597 622 2626; x_wconf 16' lang='lat' dir='ltr'><strong>&#39;seu</strong></span> <span class='ocrx_word' id='word_1_350' title='bbox 648 2588 775 2625; x_wconf 80' lang='lat' dir='ltr'><strong>Ioanni</strong></span> <span class='ocrx_word' id='word_1_351' title='bbox 801 2590 984 2633; x_wconf 82' lang='lat' dir='ltr'><strong>Baptistae</strong></span> <span class='ocrx_word' id='word_1_352' title='bbox 1018 2601 1156 2623; x_wconf 86' lang='lat' dir='ltr'><strong>sacrum</strong></span> <span class='ocrx_word' id='word_1_353' title='bbox 1190 2594 1262 2629; x_wconf 82' lang='lat' dir='ltr'><strong>est,</strong></span> <span class='ocrx_word' id='word_1_354' title='bbox 1298 2595 1334 2622; x_wconf 82' lang='lat' dir='ltr'><strong>et</strong></span> <span class='ocrx_word' id='word_1_355' title='bbox 1359 2589 1506 2635; x_wconf 87' lang='lat' dir='ltr'><strong>quidem</strong></span> <span class='ocrx_word' id='word_1_356' title='bbox 1531 2590 1570 2622; x_wconf 84' lang='lat' dir='ltr'><strong>in</strong></span> <span class='ocrx_word' id='word_1_357' title='bbox 1594 2588 1741 2622; x_wconf 73' lang='lat' dir='ltr'><strong>sinistra</strong></span> 
     </span>
     <span class='ocr_line' id='line_1_41' title="bbox 299 2633 1740 2680; baseline 0.004 -17"><span class='ocrx_word' id='word_1_358' title='bbox 299 2641 422 2664; x_wconf 84' lang='lat' dir='ltr'><strong>versus</strong></span> <span class='ocrx_word' id='word_1_359' title='bbox 448 2633 624 2668; x_wconf 80' lang='lat' dir='ltr'><strong>orientem</strong></span> <span class='ocrx_word' id='word_1_360' title='bbox 649 2634 754 2679; x_wconf 81' lang='lat' dir='ltr'><strong>plaga</strong></span> <span class='ocrx_word' id='word_1_361' title='bbox 780 2636 856 2669; x_wconf 86' lang='lat' dir='ltr'><strong>eius</strong></span> <span class='ocrx_word' id='word_1_362' title='bbox 881 2636 1055 2677; x_wconf 81' lang='lat' dir='ltr'><strong>oratorii,</strong></span> <span class='ocrx_word' id='word_1_363' title='bbox 1082 2641 1154 2669; x_wconf 82' lang='lat' dir='ltr'><strong>stat</strong></span> <span class='ocrx_word' id='word_1_364' title='bbox 1178 2636 1416 2680; x_wconf 77' lang='lat' dir='ltr'><strong>sarcophagus</strong></span> <span class='ocrx_word' id='word_1_365' title='bbox 1441 2647 1522 2669; x_wconf 88' lang='lat' dir='ltr'><em>cum</em></span> <span class='ocrx_word' id='word_1_366' title='bbox 1546 2633 1740 2680; x_wconf 68' lang='lat' dir='ltr'><strong>sculpturic</strong></span> 
     </span>
     <span class='ocr_line' id='line_1_42' title="bbox 301 2678 1741 2727; baseline 0.005 -18"><span class='ocrx_word' id='word_1_367' title='bbox 301 2678 549 2718; x_wconf 83' lang='lat' dir='ltr'><strong>exstantibus,</strong></span> <span class='ocrx_word' id='word_1_368' title='bbox 590 2680 628 2712; x_wconf 90' lang='lat' dir='ltr'><strong>in</strong></span> <span class='ocrx_word' id='word_1_369' title='bbox 662 2692 735 2726; x_wconf 89' lang='lat' dir='ltr'><em>quo</em></span> <span class='ocrx_word' id='word_1_370' title='bbox 768 2682 862 2715; x_wconf 86' lang='lat' dir='ltr'><strong>iacet</strong></span> <span class='ocrx_word' id='word_1_371' title='bbox 898 2683 1104 2723; x_wconf 84' lang='lat' dir='ltr'><strong>Anastasia,</strong></span> <span class='ocrx_word' id='word_1_372' title='bbox 1137 2683 1212 2716; x_wconf 84' lang='lat' dir='ltr'><strong>filia</strong></span> <span class='ocrx_word' id='word_1_373' title='bbox 1248 2683 1374 2716; x_wconf 88' lang='lat' dir='ltr'><strong>Basilii</strong></span> <span class='ocrx_word' id='word_1_374' title='bbox 1409 2681 1650 2727; x_wconf 76' lang='lat' dir='ltr'><strong>Imperatoris.</strong></span> <span class='ocrx_word' id='word_1_375' title='bbox 1697 2680 1741 2716; x_wconf 67' lang='lat'><em>1⁸</em></span> 
     </span>
     <span class='ocr_line' id='line_1_43' title="bbox 302 2722 1741 2776; baseline 0.003 -20"><span class='ocrx_word' id='word_1_376' title='bbox 302 2722 427 2758; x_wconf 62' lang='lat' dir='ltr'><strong>dextro</strong></span> <span class='ocrx_word' id='word_1_377' title='bbox 453 2725 500 2759; x_wconf 86' lang='lat' dir='ltr'><em>ad</em></span> <span class='ocrx_word' id='word_1_378' title='bbox 526 2725 707 2762; x_wconf 82' lang='lat' dir='ltr'><strong>orientem</strong></span> <span class='ocrx_word' id='word_1_379' title='bbox 731 2727 843 2763; x_wconf 72' lang='lat' dir='ltr'><strong>latere</strong></span> <span class='ocrx_word' id='word_1_380' title='bbox 871 2729 969 2765; x_wconf 89' lang='lat' dir='ltr'><strong>illius</strong></span> <span class='ocrx_word' id='word_1_381' title='bbox 996 2729 1167 2772; x_wconf 86' lang='lat' dir='ltr'><strong>oratorii,</strong></span> <span class='ocrx_word' id='word_1_382' title='bbox 1191 2740 1210 2763; x_wconf 88' lang='lat' dir='ltr'><strong>e</strong></span> <span class='ocrx_word' id='word_1_383' title='bbox 1236 2729 1382 2775; x_wconf 85' lang='lat' dir='ltr'><strong>regione</strong></span> <span class='ocrx_word' id='word_1_384' title='bbox 1398 2727 1644 2776; x_wconf 76' lang='lat' dir='ltr'><strong>praecedentis</strong></span> <span class='ocrx_word' id='word_1_385' title='bbox 1664 2736 1741 2763; x_wconf 56' lang='lat' dir='ltr'><strong>sarr</strong></span> 
     </span>
    </p>
   </div>
  </div>
 </body>
</html>
