1832 3112
313 93 383 149 82
592 112 952 157 CONSTANTIM
990 113 1475 158 Poan-Roemm

292 216 551 270 κατέχοντες
589 218 636 259 ἒν
670 221 764 265 ταῖς
799 214 925 272 χερσὶ
960 216 1138 266 κλάδους
1176 219 1373 275 ὁάφνῶν,
1414 220 1488 262 καί
1523 212 1642 262 οὗτοι
1678 222 1759 274 μὲν

309 283 598 338 δηριγεύουσιν
625 282 874 338 ἔμπροσθεν,
905 276 1080 325 ὄπισθεν
1107 285 1152 327 δὲ
1178 285 1418 341 διέρχονται
1440 283 1617 342 ἔφιπποι
1643 303 1759 343 πρω-

304 347 588 405 τοσπαθάριοι
626 347 843 401 εὐνοῦχοι,
887 351 1233 405 περιβεβλημένοι
1261 354 1412 394 σπέκια
1440 347 1620 407 ἀληθινὰ
1644 368 1756 408 χρυ-

308 413 491 467 σόκλαβα
539 414 612 455 καί
651 415 835 467 ona-9122,
898 416 1124 468 κατέχουσι
1165 417 1212 458 δὲ
1252 416 1325 459 καί
1363 416 1415 458 τὰ
1456 418 1753 472 σπαθοβάκλια

304 481 471 533 αὐτῶν,
512 478 751 533 ἐπικείμενα
792 487 879 530 τοῖς
920 481 1061 522 αὐτῶν
1100 476 1242 535 ὤμοις·
1300 481 1338 524 οἱ
1379 485 1425 525 δὲ
1463 485 1584 526 ἵπποι
1612 480 1779 526 αὕτῶνὸ

307 544 595 598 ἐστολισμένοι
625 543 707 587 ἀπὸ
738 545 1054 602 καταφράκτων.
1085 548 1258 603 πλησιόν
1286 550 1332 590 δὲ
1361 550 1445 591 τῶν
1473 550 1618 591 αὐτῶν
1637 566 1754 606 πρω-

304 614 600 668 τοσπαθαρίων
634 610 847 666 εὐνούχων
875 609 896 654 ὅ
925 614 1146 668 λογοθέτης
1179 615 1254 656 τοῦ
1282 613 1463 670 δρόμου,
1502 618 1753 671 περιβεβλη-

304 679 428 731 μένος
458 677 602 733 σαγίον
631 677 852 734 ἀληθινὸν,
893 679 962 735 ἐφ’
990 681 1120 721 ἵππου
1146 680 1452 734 ἐστολισμένον,
1480 679 1562 723 ἀπὸ
1594 682 1640 723 δὲ
1669 681 1752 723 αὕ-

264 746 385 787 (Στῶν
413 743 785 801 πρωτοσπαθάριοι
812 743 1030 800 βαρβάτοι,
1060 747 1405 802 περιβεβλημένοι
1432 748 1596 799 σπέκια,
1626 751 1749 789 κατέ-

297 827 444 866 χοντες
484 807 778 863 σπαθοβάκλια
819 811 1057 864 ἑπικειζιιενα
1098 817 1184 860 τοῖς
1218 807 1350 865 α’ἱμοις
1389 812 1555 866 αὐτῶν,
1594 811 1804 867 ὅμοι’ωςῐο

301 879 376 919 καί
411 872 536 918 mirol
561 878 630 932 ἐφ’
657 877 795 918 ἵππων
823 877 1142 930 ἐστολισμένων*
1198 874 1279 919 εἶθ’
1315 873 1447 927 οὕτως
1473 878 1750 932 κουβικουλά-

301 959 388 999 ριοι
417 941 615 999 ἔφιπποι,
657 938 678 983 ὃ
719 944 766 984 δὲ
795 941 1066 998 δρουγγάριος
1094 945 1167 998 τῆς
1193 945 1336 999 βίγλης
1373 942 1448 986 καί
1473 942 1513 985 οἳ
1539 945 1750 999 μαγλαβί-

300 1026 372 1052 ται
398 1007 506 1063 μετὰ
535 1010 619 1052 τῶν
647 1010 804 1050 λοιπῶν
843 1010 1060 1050 οἰκειακῶν
1088 1011 1171 1051 τῶν
1198 1007 1256 1064 μή
1285 1008 1582 1064 πεζευόντων,
1619 1025 1748 1052 τοπο-

256 1109 262 1121 .
293 1077 477 1132 -τηριτῶν
503 1077 585 1118 τῶν
615 1073 836 1129 ταγμάτων
860 1073 935 1116 καί
959 1073 1164 1130 κομήτων,
1196 1077 1436 1131 διέρχονται
1463 1071 1544 1117 ἀπὸ
1574 1074 1747 1132 διαστή-

297 1158 455 1196 ματος,
493 1142 737 1197 κρατοῦντες
765 1141 848 1182 τῶν
877 1134 1051 1182 ὄπισθεν
1080 1143 1330 1196 προέλευσιν
1362 1139 1469 1183 κατὰ
1497 1139 1574 1196 τῆν
1603 1141 1801 1184 αὕτῶνιὸ

297 1207 442 1261 τάξιν,
484 1201 658 1249 ὄπισθεν
687 1207 734 1248 δὲ
762 1206 895 1247 αὐτοῦ
925 1202 946 1246 ὃ
975 1207 1255 1262 τοποτηρὴτης
1282 1207 1359 1248 τοῦ
1389 1206 1604 1263 ἀριθμοῦ,
1642 1223 1746 1264 κρα-

295 1276 378 1316 τῶν
405 1272 456 1316 τά
487 1274 626 1328 πλήθη
656 1275 739 1314 τῶν
767 1274 880 1314 λαῶν
908 1270 1013 1327 πρὸς
1051 1269 1097 1313 τὸ
1127 1270 1186 1327 μὴ
1216 1273 1487 1328 συγχυθῆναι
1514 1269 1670 1323 αὖτοὺς
1697 1273 1743 1316 ἐν

240 1358 243 1361 ·
296 1342 349 1396 τῇ
375 1337 628 1396 προελεύσει.
688 1340 784 1396 (H.)
814 1336 1143 1393 Δηριγευόμενος
1183 1335 1267 1380 ὖπὸ
1307 1339 1390 1380 τῶν
1428 1338 1743 1395 προειρημένων

110 1405 458 1448 Με.5ο.ειπάντων
486 1404 506 1447 ὃ
533 1403 752 1458 βασιλεὺς,
798 1403 1011 1460 διέρχεται
1045 1406 1174 1459 μέχρι
1202 1405 1286 1446 τῶν
1320 1403 1601 1461 μαρμαρίνων
1627 1402 1742 1447 λεόν-

249 1488 405 1524 Βτων,
450 1472 523 1513 καί
550 1470 719 1524 δέχεται
748 1466 871 1512 αὐτὸν
901 1469 924 1510 ὅ
956 1469 1215 1525 δημοκράτης
1242 1471 1324 1512 τῶν
1351 1474 1566 1524 Βενέτων,
1612 1465 1795 1526 ἤγουναο

294 1537 318 1579 ὅ
349 1538 587 1591 δομέστικος
626 1537 710 1578 τῶν
748 1537 932 1590 σχολῶν,
975 1533 1083 1589 μετὰ
1121 1535 1194 1577 καί
1229 1538 1306 1578 τοῦ
1341 1538 1566 1592 περατικοῦ
1604 1537 1753 1592 δῆμον

291 1606 377 1646 ταῖν
403 1605 620 1656 Βενέτων,
661 1601 784 1652 αὐτὸς
813 1603 859 1644 δὲ
884 1602 906 1643 ὅ
938 1600 1199 1657 δημοκράτης
1241 1600 1522 1659 κρατούμενος
1547 1601 1632 1643 ὖπὸ
1663 1605 1741 1645 τοῦ

292 1670 368 1726 τῆς
395 1668 687 1718 καταστάσεως
727 1669 987 1724 ἀπέρχεται,
1033 1666 1105 1709 καί
1131 1666 1424 1723 προσκυνήσας
1460 1665 1561 1718 τοὺς
1600 1665 1736 1718 πόδας

289 1738 365 1778 τοῦ
405 1737 611 1790 βασιλέως
655 1732 890 1786 ἀσπάζεται
927 1731 1094 1788 αὐτοὺς,
1132 1732 1155 1776 ὅ
1199 1735 1245 1776 δὲ
1282 1731 1479 1788 βασιλεὺς
1518 1731 1736 1787 δεξάμενος

288 1801 417 1845 αὐτὸν
451 1803 695 1845 ἐπιδίδωσιν
725 1800 856 1843 αὐτὸν
883 1803 941 1857 τῷ
968 1801 1117 1856 κόμητι
1143 1801 1218 1843 τοῦ
1246 1798 1450 1855 στάβλου,
1478 1797 1503 1840 ὅ
1531 1800 1578 1841 δὲ
1607 1795 1788 1856 &uxo-25

378 1904 410 1926 2.
435 1890 676 1936 α’σπαθιὲριοι
694 1891 748 1925 ed.
774 1891 808 1924 h.
834 1891 857 1924 l.
883 1896 919 1924 et
945 1902 1052 1924 mox.

287 1972 446 2006 eunuchi
474 1972 576 2017 equis
600 1972 706 2012 vecti,
734 1971 864 2016 speciis
894 1971 1087 2015 purpureis
1111 1970 1293 2016 clavisque
1317 1969 1435 2003 aureis
1461 1969 1612 2004 accincti
1641 1980 1727 2015 spa-

285 2018 440 2064 thasque
463 2030 544 2051 suas
577 2022 613 2050 ct
647 2017 924 2062 spathobaculos
958 2016 1118 2050 humeris
1154 2017 1341 2061 impositos
1369 2021 1572 2061 portantes:
1607 2028 1733 2051 eorum

285 2076 391 2109 porro
419 2065 504 2109 equi
534 2065 771 2108 cataphractis
800 2065 967 2097 instructi
995 2069 1088 2096 sunt.
1139 2063 1212 2096 Hos
1237 2064 1400 2108 proxime
1437 2064 1604 2109 sequitur
1628 2065 1733 2110 logor·

282 2110 385 2145 theta
412 2110 527 2144 dromi
554 2122 634 2155 sago
671 2122 852 2156 purpureo
878 2111 1048 2151 indutus,
1086 2111 1125 2142 in
1157 2121 1250 2156 equo
1279 2115 1420 2149 ornato,
1446 2110 1730 2156 protospatharii

283 2157 426 2191 barbati
457 2158 588 2202 speciis
622 2159 803 2198 accincti,
839 2156 1115 2202 spathobaculos
1155 2155 1315 2190 humeris
1347 2161 1558 2201 portantes,
1596 2163 1633 2190 et
1656 2158 1731 2207 ipsi

283 2206 323 2238 in
351 2206 455 2251 equis
489 2206 645 2247 ornatis3
682 2211 765 2250 post
797 2204 1011 2238 cubicularii
1038 2205 1075 2237 in
1102 2204 1225 2250 equis,
1259 2202 1472 2248 drungarius
1506 2203 1654 2248 vigiliae
1690 2209 1730 2238 et

284 2252 518 2285 manclavitae
554 2263 633 2284 cum
670 2252 798 2285 ceteris
831 2251 1060 2290 domesticis,
1097 2251 1160 2296 qui
1199 2262 1275 2283 non
1310 2250 1467 2294 pedibus
1505 2250 1557 2282 ire
1595 2251 1727 2291 solent,

285 2299 411 2343 legatis
437 2304 633 2331 turmarum
657 2304 694 2332 ct
721 2298 939 2337 comitibus,
968 2309 1011 2330 ex
1036 2297 1226 2331 intervallo
1252 2308 1459 2342 processum
1485 2307 1628 2338 eorum,
1661 2297 1727 2344 qui

287 2347 546 2389 Imperatorem
574 2350 784 2390 sequuntur,
814 2344 1010 2378 secundum
1035 2344 1198 2377 ordinem
1218 2355 1320 2377 suum
1342 2341 1607 2383 conducentes;
1628 2355 1724 2388 pone

281 2392 400 2434 ipsum
425 2403 508 2424 vero
551 2393 705 2430 vicarius
742 2393 905 2431 numeri,
954 2390 1227 2424 multitudinem
1263 2389 1391 2434 populi
1421 2399 1467 2422 ne
1501 2391 1724 2433 processioni

280 2439 524 2473 immisceatur
549 2440 763 2478 continens,
788 2439 964 2483 sequitur.
1023 2437 1148 2482 (VIII.)
1174 2439 1370 2482 Imperator
1389 2435 1434 2468 ab
1465 2434 1522 2468 his
1553 2437 1723 2472 omnibus

281 2486 454 2530 stipatus,
480 2484 524 2517 ad
540 2495 754 2518 marmoreos
779 2485 901 2518 leones
925 2485 1046 2525 venit,
1082 2484 1146 2517 ubi
1168 2484 1286 2528 ipsum
1309 2483 1478 2528 princeps
1498 2481 1723 2518 Venetorum

281 2543 346 2565 seu
368 2532 583 2572 domesticus
610 2531 811 2564 scholarum
842 2542 922 2564 cum
943 2531 1152 2565 transitoria
1178 2530 1401 2564 Venetorum
1433 2528 1590 2564 factione
1620 2530 1721 2570 excif-

279 2579 358 2623 pit,
396 2586 433 2612 et
457 2591 476 2612 a
503 2578 752 2612 cerimoniario
788 2577 962 2611 adductus
995 2577 1095 2618 abit,
1135 2576 1310 2621 humique
1344 2580 1566 2620 prostratus,
1605 2575 1719 2620 pedes

279 2625 507 2669 Imperatoris
535 2626 735 2665 osculatur,
772 2635 880 2669 quem
905 2625 934 2657 is
978 2624 1177 2668 suscipiens
1205 2621 1327 2655 comiti
1357 2622 1491 2655 stabuli
1519 2621 1649 2656 tradit:
1687 2622 1718 2656 is

279 2682 363 2705 vero
390 2673 521 2706 iterum
553 2673 591 2705 in
625 2683 688 2705 sua
711 2672 865 2704 statione
903 2672 1144 2711 constitutus,
1177 2670 1461 2714 Imperatorem,
1497 2668 1582 2705 dum
1605 2669 1718 2707 factio

280 2718 480 2758 acclamat.
514 2718 647 2763 signat„
701 2718 892 2764 Postquam
930 2717 1108 2752 factiones
1139 2726 1182 2750 ea
1219 2726 1311 2762 quac
1348 2727 1424 2750 mos
1450 2721 1507 2750 cst
1531 2725 1716 2762 peregere,
