1748 3126
182 105 219 145 X
728 99 1048 143 PRAEFATIO.

183 212 222 241 et
243 205 540 240 luculentissimis
567 205 674 240 huius
705 207 844 252 generis
869 203 1215 251 aequiparandum‚“
1238 202 1494 249 pronuntiarit.
1541 201 1625 237 Hu-

182 277 240 311 ius
266 275 513 311 commentarii
536 280 675 320 partem
699 274 960 320 posteriorem,
993 283 1087 320 quae
1110 272 1358 318 Appendicem
1383 271 1471 306 libri
1494 272 1624 318 primi,

183 345 453 390 secundumque
478 345 657 389 integrum
690 342 944 388 persequitur,
970 345 1055 386 post
1095 351 1229 374 annum
1261 340 1409 382 LXXV,
1442 340 1624 375 eschedis

183 413 347 455 Reiskii,
385 414 424 446 in
449 411 632 446 volumine
656 410 764 444 huius
786 409 900 455 partis
925 408 1084 444 secundo
1111 413 1274 454 ereptam
1297 407 1477 444 oblivioni
1501 410 1540 444 in
1563 409 1624 442 lu-

184 493 263 516 cem
286 479 483 527 proferam5
509 479 621 525 idque
644 478 735 512 mihi
761 478 993 524 potissimum
1018 476 1234 522 contigisse,
1265 484 1416 524 propter
1437 483 1627 524 paternam

185 549 403 590 amicitiam,
435 544 684 593 pietatemque
713 558 786 594 qua
821 546 908 582 inde
944 558 965 580 a
997 546 1159 591 pueritia
1184 547 1398 581 memoriam
1421 547 1492 582 viri
1525 547 1628 580 unici

183 623 307 654 sancte
329 617 446 651 colere
474 621 638 650 assuetus
663 627 755 658 sum,
777 614 1015 652 vehementer
1038 615 1163 649 laetor.
1213 614 1349 650 Fateor
1378 625 1466 649 sane
1500 614 1627 649 multis

184 687 274 721 locis
297 685 443 719 nonnisi
466 684 637 718 inchoata
661 695 764 726 esse,
790 685 900 718 limae
925 688 1084 726 servata,
1121 695 1229 732 quam
1255 683 1413 730 scriptor
1435 682 1628 717 adhibuis-

183 754 357 796 set,.nisi
381 753 588 799 bibliopola
616 763 700 787 eum
725 752 968 788 destituisset:
1003 763 1129 788 verum
1155 752 1195 787 id
1218 753 1333 787 nitori
1358 751 1483 799 potius
1517 762 1629 799 quam

184 824 307 871 pretio
333 823 454 868 operis
479 821 595 856 obest.

279 891 450 937 Codicem
472 891 608 935 ipsum,
645 896 687 925 ut
710 891 841 937 inspici
866 896 988 936 posset
1010 890 1076 925 uhi
1102 902 1192 937 opus
1216 890 1334 932 foret,
1359 889 1485 935 Lipsia
1509 893 1629 924 trans-

185 962 338 994 missum
366 970 455 1000 esse,
479 960 683 1002 Blumneri,
707 971 741 996 v.
759 961 816 1003 cl.‚
839 960 1084 1003 humanitati,
1106 960 1383 1007 litterarumque
1406 958 1540 1001 amori,
1573 964 1631 1001 et,

186 1029 260 1064 nisi
283 1039 342 1062 me
367 1029 575 1062 coniectura
602 1028 754 1075 decipit,
778 1030 961 1064 amicitiae
981 1029 1261 1076 patrocinioque
1275 1029 1475 1064 Hermanni
1500 1027 1629 1063 debeo.

278 1097 443 1138 Indices,
478 1096 526 1130 ad
563 1092 690 1131 eor'um
719 1098 834 1133 instar
871 1099 936 1145 qui
968 1095 1144 1144 Agathiae
1174 1098 1335 1132 subiecti
1367 1102 1477 1139 sunt,
1501 1097 1631 1132 confici

186 1166 334 1210 vellem3
356 1176 482 1199 verum
506 1165 680 1201 hactenus
705 1167 829 1202 inveni
861 1169 1004 1203 nullum
1037 1167 1096 1201 cui
1118 1166 1214 1201 vires
1239 1166 1287 1201 ad
1310 1179 1387 1202 rem
1411 1166 1508 1201 bene
1543 1177 1631 1200 exe-

187 1234 370 1284 quendam
381 1245 462 1268 cum
476 1235 552 1269 otio
569 1235 780 1269 coniunctae
791 1242 1043 1282 suppeterent:
1068 1236 1167 1277 novi,
1183 1235 1248 1282 qui
1269 1236 1407 1281 optime
1427 1236 1633 1276 conficeret,

187 1304 254 1338 sed
279 1315 362 1337 oum
386 1316 407 1337 a
437 1303 684 1338 nobilioribus
721 1304 853 1339 studiis
887 1316 1037 1339 avocare
1061 1306 1160 1339 nolo.
1211 1303 1323 1350 Quod
1357 1305 1387 1338 si
1415 1317 1497 1351 spes
1523 1304 1569 1339 de
1592 1315 1631 1339 re

187 1383 299 1418 quam
323 1372 424 1406 cordi
450 1372 570 1407 habeo
594 1383 741 1419 prorsus
764 1373 973 1408 abiicienda
998 1379 1074 1416 est,
1099 1384 1161 1407 eos
1187 1379 1285 1408 certe
1310 1371 1405 1406 daho
1429 1385 1521 1420 quos
1546 1373 1633 1407 Rei-

186 1440 290 1475 skius
315 1426 472 1476 editioni
498 1453 585 1476 suae
610 1441 870 1478 destinaverat:
903 1454 997 1490 quae
1021 1453 1105 1478 vero
1132 1442 1197 1476 ille
1222 1451 1268 1476 ex
1292 1441 1450 1488 Georgio
1480 1442 1633 1475 Hamar-

185 1510 285 1551 tolo,
319 1515 430 1556 atque
466 1511 635 1553 aliunde,
674 1511 722 1546 ad
757 1511 1027 1558 exaequandam
1050 1512 1282 1558 potissimum
1311 1511 1413 1545 tertii
1436 1510 1633 1545 voluminis
1671 1517 1676 1522 ’

185 1579 332 1620 molem,
355 1578 575 1626 subiungere
599 1581 639 1614 in
664 1581 786 1615 animo
811 1581 984 1623 habehat,
1009 1582 1192 1624 omittere,
1210 1586 1252 1615 ut
1274 1580 1434 1622 inutilia,
1453 1578 1610 1614 decrevi.
1633 1577 1640 1584 '

277 1647 361 1682 Scio
393 1659 482 1694 ego,
505 1649 619 1684 libros
646 1650 968 1686 Constantinianus
993 1651 1039 1686 de
1064 1651 1291 1692 cerimoniis,
1324 1661 1416 1697 quos
1441 1649 1632 1696 inscriptio

184 1719 265 1764 ipsa
295 1717 390 1751 circa
413 1729 523 1764 nugas
545 1719 678 1752 versari
701 1718 848 1765 prodit,
879 1720 900 1753 a
923 1720 1091 1765 plurimis
1115 1719 1300 1754 contemni
1320 1718 1432 1764 plane
1456 1729 1499 1752 ac
1533 1718 1631 1751 deri-

184 1786 285 1821 deri:
309 1797 429 1833 neque
454 1786 593 1832 negabo
618 1788 792 1822 maiorem
817 1790 949 1835 prioris
974 1789 1061 1824 libri
1084 1794 1226 1835 partem
1249 1789 1301 1822 ita
1325 1799 1404 1823 esse
1439 1798 1630 1833 compara-

185 1861 263 1890 tam
284 1859 327 1889 nt
352 1855 510 1899 ingenuo
536 1855 678 1890 homini
702 1868 877 1891 nauseam
896 1863 1049 1892 moveat.
1100 1858 1172 1891 Sed
1188 1857 1246 1891 vel
1271 1859 1312 1890 in
1334 1856 1393 1890 his
1418 1855 1630 1903 quisquiliis

188 1925 316 1957 insunt
346 1923 586 1957 nihilominus
617 1936 672 1958 res
703 1924 751 1957 ad
781 1923 958 1960 historiae
997 1926 1242 1972 cognitionem
1276 1924 1428 1959 minime
1460 1923 1634 1957 inutiles:

190 1996 270 2025 tum
300 2001 385 2026 vero
430 1991 496 2025 illa
533 1994 747 2038 praesertim
777 1993 818 2027 in
849 1993 1088 2040 sequentibus
1123 2004 1217 2040 quae
1250 2004 1295 2028 ex
1323 1993 1428 2029 Petro
1453 1994 1637 2036 Patricio,

191 2060 326 2105 partim
360 2060 489 2094 omisso
514 2060 591 2094 eius
616 2062 783 2103 nomine,
813 2060 944 2096 hausta
968 2067 1075 2105 sunt,
1099 2074 1175 2097 non
1199 2064 1318 2099 solum
1341 2063 1540 2097 utilitatem
1563 2061 1633 2096 ha-

191 2127 284 2162 bent
307 2129 497 2171 eximiam,
531 2128 596 2163 sed
627 2129 841 2176 elegantiam
873 2141 1037 2177 quoque3
1070 2143 1190 2180 neque
1223 2133 1300 2167 fere
1322 2119 1520 2167 alii-huius
1547 2131 1628 2165 cor-

189 2197 289 2242 poris
319 2196 415 2231 libro
447 2198 670 2243 praestantia
709 2198 855 2239 cedunt.
901 2201 1096 2236 Delitescit
1130 2202 1170 2235 in
1204 2202 1274 2244 iis,
1299 2206 1341 2236 ut
1365 2212 1442 2235 rem
1465 2200 1632 2246 exemplo

190 2272 479 2308 commonstrem,
502 2266 634 2301 Leonis
658 2267 811 2314 Augusti
835 2268 1007 2313 edictum,
1033 2270 1133 2318 quod
1155 2281 1222 2316 per
1245 2282 1357 2305 annos
1377 2269 1487 2316 paulo
1511 2269 1633 2303 minus

192 2332 318 2368 Lxxx
350 2334 437 2369 inde
469 2335 677 2381 protrahere
713 2338 953 2384 neglexerunt
988 2341 1054 2386 qui
1088 2339 1276 2386 augendae
1308 2339 1519 2375 collectioni
1547 2339 1634 2374 reli·

192 2402 359 2449 quiarum
382 2403 473 2438 iuris
494 2405 838 2442 Ante-Iustinianei
859 2420 1006 2455 operam
1023 2409 1213 2446 dederunt.

283 2496 356 2531 Ser.
382 2499 529 2535 Bonnae
554 2510 585 2534 a.
612 2501 646 2536 d.
671 2501 713 2537 V.
738 2501 789 2536 Id.
814 2501 918 2536 Mart·
943 2503 1240 2542 MDCCCXXIX.
