1884 3112
283 124 302 159 1
315 101 389 158 30
540 119 915 164 -CONSTANTlNI
954 119 1443 164 ponpam-oenum

273 226 357 267 τῶν
386 226 614 281 πατρικίων
632 221 708 265 καί
732 223 807 276 τῆς
837 218 1070 278 συγκλήτου
1099 225 1156 264 δι’
1187 219 1288 280 ὅλης
1313 227 1388 280 τῆς
1411 223 1723 280 προελεύσεως·

271 293 350 334 τοῦ
375 292 421 332 δὲ
452 290 661 345 βασιλέως
689 285 929 339 ἐξελθόντος
954 285 1030 343 την
1051 290 1128 330 τοῦ
1150 292 1382 335 πουλπίτου
1411 287 1569 345 πύλην,
1595 286 1726 345 ἤγουν

274 359 336 406 εἷς
362 354 434 398 τὸν
470 353 673 406 ὅνόποὸα,
712 352 788 394 καί
815 350 986 403 στάντος
1021 354 1156 396 αὐτοῦ
1184 357 1346 409 ἐκεῖσε,
1377 350 1506 405 αὖθις
1527 353 1723 406 πεσόντες

276 421 317 465 οἱ
349 424 560 477 πατρίκιοι
588 420 663 461 καί
687 418 727 461 οἱ
769 419 928 472 λοιποὶ,
969 419 1191 474 ἱσταμένου
1227 423 1303 464 τοῦ
1328 423 1402 476 τῆς
1428 420 1723 471 καταστάσεως

272 486 532 544 ἔμπροσθεν,
560 484 703 541 λαβών
735 488 873 540 νεῦμα
901 483 924 527 ὃ
954 483 1230 542 πραιπόσιτος
1251 486 1370 544 παρὰ
1402 489 1479 530 τοῦ
1496 489 1748 544 βασιλέως,5

270 552 385 597 νεύει
410 554 467 610 τῷ
492 555 566 607 τῆς
594 548 907 605 καταστάσεως,
946 551 1024 594 καί
1052 552 1165 607 λέγει
1191 586 1219 606 „
1235 550 1498 606 κελεύσατε”,
1544 553 1622 596 καί
1646 570 1724 595 κα·-

268 620 487 674 τέρχονται
513 615 664 667 πάντες
692 620 752 667 εἰς
774 616 820 660 τὸ
851 615 1170 675 κονσιστῶριον,
1198 617 1275 661 καὶ
1297 616 1469 670 στάντος
1495 622 1572 663 τοῦ
1597 622 1724 674 βασι-

268 687 374 735 λέως
411 682 607 727 ὑποκάτω
635 687 713 727 τοῦ
752 688 1040 739 καμελαυκίου
1095 687 1157 735 εἰς
1206 684 1280 728 τὸν
1305 687 1556 743 πορφυροῦν
1581 687 1721 738 λίθον,

267 753 552 807 προσκυνοῦσι
578 748 730 801 πάντες
758 750 797 793 οἱ
818 751 1116 808 προειρημένοι
1142 750 1249 806 μετά
1278 749 1416 808 πάσης
1441 753 1517 807 τῆς
1542 749 1724 807 συγκλή-

266 833 365 871 του,
405 815 580 868 ἑστῶτος
618 816 693 860 καί
727 820 1006 874 σιλεντιαρίου
1042 816 1283 875 ἔμπροσθεν
1318 820 1395 874 τῆς
1417 816 1568 875 πύλης.
1634 814 1779 863 eitam

222 889 250 923 Β
270 882 384 927 νεύει
411 881 432 925 ὅ
469 883 673 939 βασιλεύς
699 886 757 943 τῷ
783 886 1072 943 πραιποσίτῳ,
1115 884 1140 925 ὁ
1170 886 1218 927 δὲ
1255 884 1534 941 πραιπόσιτος
1572 885 1630 944 τῷ
1657 899 1726 926 σι·-

270 953 509 1009 λεντιαρίῳ,
549 952 736 1000 κᾶκεῖνος
763 952 874 1006 λέγει
901 948 1194 1005 ,,κελεύσατε”.
1241 949 1287 993 τὸ
1320 952 1367 994 δὲ
1395 948 1618 1006 βασιλικὸν
1645 947 1725 1006 ἅρ-

269 1035 332 1073 μα
359 1015 636 1072 βαστάζοντες
662 1015 900 1072 σπαθάριοι
926 1016 1142 1072 βασιλικοὶ
1160 1014 1426 1060 διοδεύουσιν
1446 1012 1624 1059 ὄπισθεν
1641 1018 1725 1059 τῶν

269 1081 496 1140 βαρβάτων
522 1086 918 1140 πρωτοσπαθαρίων
944 1086 990 1127 ἐν
1016 1081 1166 1142 ἑκάστῃ
1195 1081 1443 1140 προελεύσει
1469 1080 1623 1136 οὕτως,
1649 1081 1726 1125 καὶ

272 1150 510 1205 διέρχονται
540 1147 718 1199 ἅπαντες
747 1148 820 1191 διὰ
847 1152 931 1192 τῶν
959 1151 1251 1205 ἕκσκουβίτων.
1285 1147 1545 1207 ’ἔμπροσθεν
1573 1151 1620 1192 δὲ
1638 1148 1775 1192 τῶνι5

271 1217 399 1271 τριῶν
424 1217 570 1257 πυλῶν
598 1218 676 1257 τοῦ
695 1217 994 1271 κονσιστωρίου
1019 1214 1190 1272 α’ντικρύ
1222 1217 1389 1259 ἵσταται
1417 1213 1439 1257 ὅ
1468 1217 1621 1272 κλῆρος
1645 1217 1724 1258 τοῦ

271 1283 445 1337 κυρίου,
481 1279 705 1336 βαστάζων
731 1280 917 1338 σταυρὸν
955 1281 1030 1324 καὶ
1054 1281 1287 1336 θυμιατὸν,
1332 1280 1408 1325 καὶ
1430 1278 1723 1339 προσκυνήσας

271 1346 344 1391 τὸν
370 1347 556 1404 σταυρὸν
584 1348 607 1389 ὁ
634 1346 858 1402 βασιλεύς,
895 1345 952 1398 ὥς
979 1347 1163 1391 εἴθισται
1192 1350 1307 1408 αὐτῷ
1332 1348 1438 1392 κατὰ
1466 1349 1715 1406 προέλευσιν

272 1420 434 1467 ποιεῖν,
475 1416 690 1470 διέρχεται
732 1413 804 1456 διὰ
843 1416 927 1457 τῶν
966 1416 1268 1470 ἐκσκουβίτων,
1309 1412 1612 1470 ὀψικευόμενος
1635 1411 1720 1456 timi

272 1496 318 1523 τε
344 1482 418 1535 τῆς
445 1477 676 1535 συγκλήτου
704 1479 779 1522 καί
801 1482 884 1523 τῶν
911 1482 1073 1523 σκευῶν
1097 1478 1204 1522 κατὰ
1232 1479 1349 1532 τάξιν
1376 1479 1617 1537 ἔμπροσθεν
1642 1481 1776 1524 τοῦαο

274 1543 460 1601 μεγάλου
488 1547 676 1602 σταυροῦ
704 1544 825 1589 ἔνθ-εν
851 1547 1036 1589 κοῖκεῖσε.
1090 1548 1166 1589 τοῦ
1194 1548 1241 1589 δὲ
1266 1547 1476 1601 βασιλέως
1499 1548 1719 1600 μέλλοντος

273 1610 349 1667 τὴν
386 1610 572 1667 μεγάλην
609 1610 745 1667 πύλην
781 1614 864 1654 τῶν
905 1614 1182 1667 ἑκσκουβίτων
1219 1614 1428 1666 διελθεῖν,
1469 1614 1511 1655 εἰ
1533 1612 1612 1666 μέν
1638 1613 1724 1654 εἶσι

244 1681 508 1735 Οσκρίβωνες
546 1679 763 1732 μέλλοντες
800 1679 1093 1735 προβληθῆναι
1129 1680 1180 1736 τῇ
1207 1676 1324 1730 τάξει
1358 1676 1513 1737 ταύτῃ,
1552 1675 1725 1726 στάντος

276 1747 353 1788 τοῦ
378 1746 588 1799 βασιλέως
612 1746 741 1799 μέσον
764 1747 838 1800 τῆς
864 1746 1011 1801 πύλης,
1039 1742 1199 1800 εἰσάγει
1218 1744 1242 1787 ὅ
1271 1746 1510 1800 δομέοτικος
1527 1746 1610 1788 τῶν
1629 1746 1725 1788 ἐκσ-

348 1837 404 1870 23.
431 1836 701 1882 προβληθῆναι,
725 1836 770 1883 τῇ
784 1834 887 1876 τάξει
913 1835 1026 1881 ταύτῃ
1045 1835 1169 1872 ‹510in-
1189 1835 1248 1875 ed.

279 1916 351 1961 piti
384 1921 526 1961 portam
565 1928 627 1950 seu
671 1916 718 1950 ad
751 1916 974 1962 onopodium
1011 1927 1237 1962 progressum
1271 1920 1309 1952 et
1342 1916 1397 1951 ibi
1435 1920 1608 1957 stantem,
1642 1927 1724 1949 rur-

280 1975 340 1996 sus
374 1963 518 2008 patricii
549 1964 736 2010 ceterique
766 1975 880 2008 prono
906 1964 945 1997 iu
971 1969 1103 1997 terram
1126 1964 1230 1997 vultu
1253 1963 1426 2005 adorant,
1450 1963 1555 1997 adest
1575 1972 1724 2008 quoque

282 2009 572 2050 cerimoniarius‚
596 2011 654 2045 cui
679 2012 918 2055 praepositus,
944 2015 1090 2053 accepto
1120 2010 1166 2043 ab
1191 2011 1412 2054 Imperatore
1433 2009 1557 2054 signo,
1581 2009 1723 2049 annuit,

282 2055 431 2089 dicens:
458 2056 606 2098 hebete,
633 2063 670 2090 et
694 2068 817 2090 omnes
843 2057 889 2090 ad
913 2057 1165 2090 consistorium
1189 2055 1351 2097 abeunt,
1376 2061 1414 2089 et
1443 2056 1723 2100 Im11eratorem,

284 2101 352 2135 sub
378 2103 595 2136 camelaucio
619 2104 659 2137 in
682 2102 937 2149 porphyretico
962 2103 1084 2148 lapide
1109 2103 1361 2143 constitutum,
1390 2113 1464 2135 una
1489 2113 1569 2136 cum
1593 2106 1722 2135 senatu

283 2149 452 2183 universo
489 2149 664 2191 adorant,
697 2151 897 2184 silentiario
929 2160 1075 2195 quoque
1109 2154 1193 2182 ante
1228 2154 1369 2194 portam
1401 2154 1532 2186 stante.
1578 2147 1724 2182 Deinde

284 2207 405 2230 rursus
431 2197 626 2241 Imperator
651 2197 877 2243 praeposito,
902 2197 1129 2243 praepositus
1154 2195 1352 2229 silentiario
1377 2195 1517 2239 signum
1542 2194 1628 2235 dat,
1660 2194 1724 2240 qui

287 2243 396 2277 dicit:
423 2243 560 2282 Iubete.
616 2243 851 2289 Imperatoria
885 2253 970 2277 vero
1006 2254 1101 2276 arma
1125 2247 1304 2288 gestantes
1334 2240 1508 2287 spatharii
1531 2247 1615 2287 post
1640 2241 1726 2275 bar-

285 2289 392 2324 batos
416 2290 722 2335 protospatharios
748 2291 799 2324 sic
823 2291 863 2323 in
885 2301 1103 2337 unaquaque
1126 2291 1356 2335 processione
1370 2287 1563 2334 prodeunt,
1586 2298 1726 2334 perque

284 2335 456 2372 excubias
484 2348 607 2371 omnes
634 2337 843 2383 procedunt.
890 2337 984 2371 Ante
1009 2342 1080 2370 tres
1121 2336 1325 2370 consistorii
1354 2341 1477 2382 portas
1504 2336 1619 2369 clerus
1646 2336 1726 2369 Do-

290 2383 382 2417 mini
417 2394 497 2417 cum
535 2396 638 2418 cruce
671 2390 709 2418 et
740 2384 955 2418 suffimentis
994 2389 1086 2425 stat,
1122 2384 1344 2428 Imperator,
1382 2383 1487 2416 utin
1511 2381 1724 2416 solennibus

289 2429 432 2476 pompis
458 2431 528 2476 ipsi
553 2443 628 2465 mos
655 2437 729 2471 est,
754 2442 857 2465 cruce
880 2431 1046 2472 adorata,
1071 2442 1092 2464 a
1115 2435 1241 2464 senatu
1267 2435 1305 2463 et
1327 2429 1501 2463 ministris
1527 2428 1726 2463 secundum

288 2477 454 2511 ordinem
477 2489 518 2511 ac
540 2484 724 2524 receptum
750 2489 885 2511 morem
909 2479 1082 2522 utrinque
1108 2478 1273 2522 stipatus,
1296 2482 1382 2511 ante
1405 2488 1567 2521 magnam
1584 2485 1726 2509 crucem

287 2525 432 2561 transit.
479 2525 576 2558 Dum
601 2536 684 2559 vero
709 2524 755 2558 ad
780 2536 942 2570 magnam
969 2524 1219 2559 excubitorum
1245 2529 1385 2569 portam
1411 2523 1632 2569 digressurus
1657 2525 1724 2561 est,

287 2571 319 2604 si
345 2572 426 2617 quis
451 2572 568 2606 scribo
594 2572 857 2618 promovendus
892 2578 967 2613 est,
1006 2583 1110 2613 eum,
1145 2572 1364 2614 Imperatore
1389 2570 1428 2604 in
1455 2569 1575 2603 medio
1599 2573 1726 2614 portae

288 2619 486 2652 constituto
502 2645 512 2660 ‚
537 2618 753 2653 domesticus
779 2618 1027 2653 excubitorum
1051 2623 1088 2651 et
1122 2619 1397 2651 cerimoniarum
1419 2617 1609 2663 magister,
1635 2615 1726 2648 scri-

287 2663 421 2698 bonem
450 2667 663 2700 comitantes
677 2691 689 2706 ,
716 2665 910 2701 adducunt.
975 2665 1043 2700 Cui
1065 2666 1264 2711 Imperator
1287 2668 1467 2710 acceptam
1492 2675 1514 2697 a
1536 2661 1727 2710 praeposi-

287 2714 326 2744 to
351 2711 483 2757 virgam
506 2713 640 2756 tradit,
663 2712 694 2747 is
720 2724 798 2748 eam
821 2718 948 2748 tenens
973 2712 1074 2755 abit,
1099 2717 1137 2747 et
1161 2713 1201 2748 in
1223 2711 1351 2748 ordine
1377 2721 1443 2747 suo
1465 2715 1548 2747 stat.
1583 2706 1727 2745 Deinde
