1878 3112
322 141 394 181 DE
431 137 690 182 cmmoN.
714 136 909 179 -AULAE
943 135 1166 177 ssvzm.
1201 138 1253 177 11.
1281 138 1350 182 52.
1435 116 1542 190 765

105 244 311 298 βασιλέως
337 242 383 285 ἒν
408 243 465 299 τῷ
493 238 668 299 {auspice
697 240 847 297 δείπνῳ
877 240 1051 295 φίλους,
1091 238 1367 300 μαγίστρους,
1420 253 1548 293 πραι-

105 310 323 361 ποσίτους,
352 306 647 359 ἄνθυπάτους,
677 307 941 362 πατρικίους,
980 304 1387 360 πρωτοσπαθαρίους
1414 302 1549 359 ὄφφι-

106 377 295 424 κιαλίους
308 405 323 427 ,
350 373 757 429 πρωτοσπαθαρώυς
782 370 1035 424 εὐνούχους,
1063 371 1380 426 πριμικηρίους,
1408 367 1551 412 ὄστια-

111 440 258 496 ριὀυς,
299 438 584 494 μαγλαβίτας,
629 434 916 493 τοποτηρητοὶς
943 435 1016 478 καί
1041 437 1087 478 ἐκ
1114 438 1198 477 τῶν
1235 433 1452 491 α’ρχόντων
1477 437 1553 478 τοῦ

82 502 302 563 5οἷριθμοῦ-
324 502 431 546 κατὰ
458 501 506 546 τὸ
534 503 664 546 ποσὸν
690 505 766 557 τῆς
791 503 1014 558 τραπέζης,
1039 501 1113 544 καί
1135 503 1438 556 στοιχουμένου
1467 519 1550 544 πα-

107 570 164 628 ρὰ
189 573 266 615 τοῦ
290 571 498 625 βασιλέως
521 571 596 612 τοῦ
628 570 762 611 aziz-017
786 571 1038 624 κλητωρίου,
1068 569 1143 610 καί
1153 570 1231 610 ’δι’
1247 567 1367 623 ἡμῶν
1394 573 1589 624 κλητω-ῐ)

107 639 342 694 ρευομένων
367 638 453 678 ταῖν
491 636 652 693 φίλων,
690 632 942 677 ὗπολύονται
983 634 1124 676 οἴκαδε
1153 633 1317 684 πάντες.
1371 634 1477 688 μετὰ
1508 637 1556 676 δὲ

106 702 185 759 τήν
221 700 370 758 ἐνάτην
405 699 519 758 ὤραν
546 698 756 752 συνάξεως
791 702 1020 756 γινομένης,
1049 698 1378 752 ἐξαλλάσσουσιν
1416 700 1455 743 οἱ
1481 703 1574 755 τῆς.

109 767 338 824 συγκλήτου
359 767 540 821 πάντες,
567 769 642 809 καί
671 769 747 822 τῆς
771 768 894 815 θείας
920 769 1184 822 λειτουργίας
1211 768 1258 809 ἐν
1283 769 1340 824 τῷ
1367 769 1456 824 ναῷ
1480 770 1557 809 τοῦ

56 834 260 892 ΙΟΦιὲρου
287 835 557 890 τελουμένης,
586 831 693 887 μετὰ
722 831 798 888 τὴν
826 831 1060 890 ἐπιφώνησιν
1087 836 1166 875 τοῦ
1191 836 1401 887 μυστικοῦ
1429 831 1557 890 ὀργά-

109 917 183 944 νου
212 900 525 943 ἐκδιδύσκονται
554 896 703 948 πάντες
728 897 803 948 τὰς
829 895 992 941 ἑαυτῶν
1022 898 1196 952 στολὰς,
1239 901 1314 942 καί
1338 901 1556 942 §navanda-

110 982 282 1010 σκονται
312 964 364 1008 τὰ
395 968 526 1008 οἰκεῖα
554 965 850 1020 σκαραμάγγια
865 998 878 1018 ,
918 964 993 1007 καὶ
1032 967 1202 1007 ἵσταται
1238 963 1284 1007 τὸ
1331 965 1556 1021 κλητώριον

110 1034 159 1076 ἓν,
181 1034 240 1090 τῷ
266 1029 606 1088 περιφανεστάτω
633 1031 826 1088 τρικλίνῳ
857 1031 936 1072 τοῦ
967 1031 1265 1073 'lova-umam&
1277 1064 1290 1084 ,
1332 1033 1407 1073 καί
1438 1033 1556 1074 εἰσά-

110 1113 256 1152 γονται
283 1095 431 1146 πάντες
448 1094 487 1137 οἱ
514 1097 757 1151 κεκλημένοι
783 1094 888 1149 μετὰ
915 1097 1000 1139 τῶν
1030 1097 1192 1139 οἰκείων
1222 1100 1554 1153 σκαραμαγγίων

5 1199 10 1207 .
63 1161 188 1204 ι5καί
209 1162 360 1216 μόνον·
412 1159 518 1214 μετὰ
548 1162 596 1202 δὲ
623 1158 701 1216 τὴν
726 1162 914 1204 ἐπίδοσιν
938 1162 1022 1204 τῶν
1057 1163 1248 1219 φατλίων
1286 1165 1556 1220 συνεξέρχον-

112 1243 185 1270 ται
212 1227 316 1284 ἡμῖν
344 1225 385 1269 οἱ
418 1226 583 1276 πάντες.

470 1303 582 1352 Ἀρχὴ
606 1304 681 1341 τῶν
705 1307 920 1352 κλητωρίων
942 1308 1013 1341 τοῦ
1034 1306 1176 1353 πάσχα.
1575 1309 1755 1356 Ed.1,.443

216 1370 278 1415 ‘H
301 1373 349 1415 δὲ
380 1372 479 1428 ἇγία
520 1375 595 1415 καὶ
635 1374 915 1429 ὃεδοξασμένη
953 1375 1029 1428 τῆς
1066 1376 1259 1430 Χριστοῦ
1294 1373 1564 1423 ἀναστάσεως

118 1428 350 1495 περιφανής
390 1439 550 1494 ἡμέρα,
593 1439 636 1480 ἐν
663 1433 690 1495 ᾗ
720 1438 765 1480 τὸ
794 1441 868 1493 τῆς
905 1438 1111 1494 σωτηρίας
1154 1439 1287 1494 ἡμῶν
1310 1437 1561 1494 οἰκονομήθη

7 1527 12 1531 -
63 1501 361 1560 αοκεφιίλαιον,
389 1503 463 1545 καί
488 1503 511 1544 ὅ
539 1502 684 1557 χοϊκός
707 1502 850 1557 Ἀδὰμ
870 1505 916 1546 ἐκ
942 1506 1014 1558 τῆς
1036 1505 1202 1560 φθορᾶς
1228 1503 1333 1560 πρὸς
1352 1504 1428 1560 τήν
1450 1504 1558 1560 ζωὴν

122 1572 377 1626 ἐπανῆλθεν,
415 1567 614 1625 λαμπράν
637 1584 730 1610 τινα
757 1568 831 1611 καί
851 1571 1123 1625 περίβλεπτον
1150 1569 1335 1624 εὐωχίαν
1361 1577 1448 1619 τοῖς
1475 1571 1753 1623 βα-Μ8·253-3

116 1638 306 1682 σιλεῦσιν
345 1635 467 1690 ἡμῶν
509 1636 815 1690 προσεξένησεν.
868 1633 914 1677 τὸ
943 1633 1025 1690 γὰρ
1051 1632 1163 1689 ὕψος
1198 1637 1274 1690 τῆς
1306 1634 1423 1691 ἱερᾶς
1455 1637 1559 1678 ἀνα-

119 1703 306 1751 στάσεως
331 1700 540 1754 μυστικῶς
568 1700 864 1756 ὗποφαίνοντες
890 1702 936 1742 ἐκ
961 1703 1045 1743 τῶν
1071 1699 1184 1743 κάτω
1212 1703 1431 1758 aea-9⁸89&
1458 1701 1559 1745 ἑαυ-

119 1766 221 1818 τούς
257 1765 570 1822 συναπάραντες
607 1766 709 1822 πρὸς
750 1763 919 1822 ὑψηλήν
959 1784 1055 1810 τινα
1097 1766 1172 1809 καὶ
1206 1765 1439 1811 πολύκυδον
1482 1773 1561 1813 τοῦ

119 1889 366 1936 praepositos,
387 1888 641 1933 proconsules,
663 1890 855 1934 patricios,
878 1890 1186 1936 protospatharios
1211 1887 1398 1933 officiales,
1429 1899 1557 1938 proto-

120 1935 323 1982 spatharios
347 1935 552 1977 eunuchos,
591 1937 832 1981 primicerios,
870 1938 1052 1979 ostiarios,
1078 1937 1305 1983 maglabitas,
1335 1944 1557 1985 topoteretas

121 1989 161 2018 et
181 1988 361 2018 rectorum
385 1982 532 2016 arithmi
561 1983 737 2029 quosdam
770 1994 835 2029 pro
868 1985 1062 2029 capacitate
1091 1996 1245 2019 mensae.
1296 1986 1469 2021 Convivia
1496 1988 1555 2020 in-

119 2028 227 2064 terim
260 2039 326 2074 per
361 2029 478 2074 ipsum
501 2030 758 2073 Imperatorem
790 2030 1022 2072 coordinato,
1064 2033 1262 2078 amicisque
1294 2043 1402 2078 opera
1434 2039 1555 2068 nostra

120 2076 305 2117 invitatis,
344 2075 489 2110 domum
523 2075 715 2109 discedunt
749 2088 882 2111 omnes.
932 2079 1017 2112 Post
1043 2090 1174 2112 nonam
1205 2090 1291 2113 vero
1326 2080 1402 2114 diei
1426 2079 1553 2114 horam

120 2133 329 2169 congressus
354 2122 400 2156 ad
424 2134 522 2157 sacra
545 2122 746 2168 peragenda
770 2125 831 2165 fit,
861 2129 1076 2171 mutantque
1109 2126 1284 2160 senatorii
1317 2137 1438 2160 omnes
1471 2139 1553 2160 suas

119 2174 258 2211 vestes,
282 2169 480 2216 divinoque
504 2169 618 2203 officio
644 2170 683 2204 in
706 2171 843 2216 templo
867 2170 972 2205 Phari
995 2177 1162 2217 peracto,
1194 2179 1382 2219 postquam
1408 2174 1555 2208 intona-

120 2217 216 2249 verit
238 2221 414 2251 secretum
440 2227 630 2263 organum,
655 2223 794 2251 exuunt
821 2227 946 2252 omnes
970 2230 1050 2253 suas
1075 2219 1186 2254 stolas
1224 2226 1262 2254 et
1290 2220 1556 2266 superinduunt

123 2272 188 2296 sua
218 2263 466 2308 scaramangia.
523 2264 616 2297 Tum
649 2263 789 2297 orditur
821 2265 1021 2298 convivium
1047 2266 1087 2299 in
1118 2266 1361 2301 illustrissimo
1394 2267 1554 2300 triclinio

121 2307 332 2350 Iustiniani,
346 2314 384 2342 et
398 2310 678 2344 introducuntur
697 2321 819 2344 omnes
834 2311 979 2345 invitati
995 2313 1035 2346 in
1053 2312 1126 2347 suis
1141 2313 1387 2359 scaramangiis
1402 2318 1554 2348 tantum.

122 2354 266 2390 Exeunt
288 2358 408 2389 autem
430 2357 621 2391 nobiscum
645 2357 896 2403 unusquisque
922 2369 1003 2392 cum
1028 2370 1146 2402 cereo,
1171 2372 1278 2407 quem
1302 2366 1428 2394 nactus
1453 2365 1518 2395 est.

524 2437 668 2460 nurum
696 2437 938 2461 convlwonuu
962 2439 1156 2463 PAscflsrls.

217 2489 366 2524 sanctus
392 2496 429 2525 et
450 2493 626 2538 gloriosus
650 2500 759 2539 atque
785 2494 948 2542 undique
973 2499 1185 2543 conspicuus
1211 2498 1288 2532 dies
1316 2497 1554 2531 celebrandae

124 2537 380 2571 resurrectioni
393 2537 527 2573 Christi
552 2551 571 2572 a
596 2541 746 2574 mortuis
771 2551 890 2582 sacer,
914 2553 986 2588 quo
1011 2555 1142 2579 corona
1166 2543 1336 2589 imposita
1362 2545 1433 2577 suit
1454 2546 1557 2589 operi

123 2586 269 2616 nostrae
301 2584 560 2629 redemtionis,
594 2593 631 2620 et
663 2595 825 2621 terrenus
848 2587 962 2622 Adam
993 2600 1013 2622 e
1039 2592 1270 2635 corruptione
1293 2590 1340 2622 ad
1363 2591 1471 2624 vitam
1497 2603 1557 2624 rc-

125 2628 215 2671 diit3
238 2629 303 2664 ille
327 2631 403 2664 dies
427 2638 585 2676 praestat
608 2636 738 2668 nostris
764 2634 929 2668 Dominis
955 2635 1177 2670 occasionem
1201 2635 1430 2682 splendidum
1452 2642 1488 2671 et
1510 2639 1558 2671 il-

124 2675 240 2709 lustre
266 2678 475 2713 convivium
505 2679 733 2714 instituendi.
759 2681 932 2715 Volentes
959 2694 1090 2728 nempe
1118 2689 1260 2717 sanctae
1286 2685 1558 2719 resurrectionis

127 2721 378 2760 celsitudinem
400 2725 558 2769 mysticis
584 2727 693 2771 signis
719 2726 891 2762 exhibere
915 2733 1024 2775 atque
1050 2729 1251 2771 declararc,
1283 2731 1458 2766 attollunt
1481 2743 1558 2766 sese
