1832 3112
199 130 274 170 DE
312 125 441 168 VITA
478 126 548 167 ET
591 126 765 167 mus
803 125 987 166 GEs'ns
1029 122 1405 166 CONSTANTINI.
1468 125 1552 165 'LV

110 234 357 283 emt-mina,
397 243 500 285 quos
530 244 698 270 omnem
726 230 971 282 Campaniae
995 236 1152 283 partem
1165 259 1179 280 ‚
1222 243 1327 282 quae
1347 227 1554 270 Vulturno

110 289 267 328 adiaoet
282 316 296 338 ,
323 285 400 327 sub
426 287 642 339 imperium
670 285 892 339 redegisse,
919 285 1114 324 Baronius
1132 283 1268 338 prodit
1284 300 1296 324 :
1339 291 1381 323 at
1411 298 1458 323 ea
1477 285 1555 323 Be-

111 343 346 383 nevo-mnis
371 347 566 394 perpetuo
594 340 772 380 subiecta
799 340 876 378 fuit
892 369 904 389 ‚
948 353 1021 378 nec
1047 347 1135 379 tum
1162 341 1287 379 armis
1312 346 1465 379 tentata
1489 340 1555 379 vi-

111 399 232 438 detur
248 398 293 449 1).
346 396 633 436 Constantinus
653 424 666 444 ,
708 410 802 435 cum
827 395 1082 448 Neapolitani
1109 409 1248 435 rursus
1273 395 1394 434 fidem
1421 396 1552 434 exuis*

110 459 226 503 sent,
265 453 494 491 Marianum
521 452 735 504 patricium
756 482 768 500 ,
808 457 856 489 ut
869 480 881 500 ‚
926 450 1124 489 conducto
1161 463 1237 504 per
1266 450 1486 490 Thraciam
1513 452 1603 489 etL.
1617 451 1717 488 XXII

110 507 389 549 Macedoniam
426 505 579 556 milite,
623 505 831 559 perfidiam
859 504 1142 554 ulcisceretur,
1183 506 1298 544 iussit
1313 520 1325 544 ε
1362 507 1397 545 is
1436 513 1558 559 caput

108 564 238 616 gentis
262 575 470 616 aggressus
487 591 500 612 ‚
543 562 651 600 cives
666 589 678 610 ‚
731 567 778 599 ut
812 574 952 613 pacem
987 561 1040 599 ab
1066 561 1313 612 Imperatore
1337 568 1520 614 peterent
1540 591 1553 612 ‚

108 619 250 672 coegit.
303 617 464 656 Horum
482 615 707 669 exemplum
726 615 983 668 Langobardi
998 645 1011 666 ,
1032 614 1194 654 Calabri
1210 645 1223 666 ,
1250 615 1376 669 Apuli
1393 646 1405 667 ‚
1434 617 1555 656 Sara-

58 679 63 685 '
109 675 199 712 oeni
213 699 228 722 ‚
255 673 327 726 qui
353 679 442 711 tum
469 671 700 710 inferiorem
718 669 857 709 Italiae
887 684 1001 710 oram
1026 670 1241 720 tenebant,
1271 673 1395 710 secuti
1427 671 1558 711 ferun-

44 735 49 739 ”
107 729 238 780 tui-²).
295 726 364 766 Ab
392 740 439 766 eo
466 733 647 779 tempore
672 726 959 764 Constantinus
986 732 1027 764 et
1053 725 1090 763 N
1094 725 1305 778 icephorus
1320 755 1333 777 ,
1370 726 1443 766 has
1470 741 1558 766 ma-

110 784 207 823 ximi
235 783 395 835 imperii
423 780 610 834 reliquias
635 781 770 829 tueri,
799 780 948 819 flustra
973 781 1102 818 annisi
1131 786 1252 830 sunt,
1281 782 1432 835 quippe
1457 795 1559 835 quas

110 837 357 878 Normannis
387 838 518 877 virtus
545 850 618 875 sua
648 843 689 874 et
716 835 877 874 fortuna
901 834 998 874 belli
1025 842 1263 874 reservarat.

225 892 322 932 XII.
378 885 452 930 His
483 890 600 930 editis
619 890 824 944 operibus,
854 891 1091 943 Imperatori
1111 903 1313 929 venenum
1333 905 1357 930 a
1374 891 1557 931 Romano

111 945 195 986 filio
221 953 385 999 paratur
397 945 429 997 ³)
445 975 458 996 ‚
493 947 608 984 cuius
637 952 750 984 atrox
777 947 1013 998 ingenium,
1059 959 1179 998 super
1214 946 1443 1000 cupidinem
1481 961 1557 1000 po—

110 1002 260 1047 tentiae
274 1030 288 1052 ,
316 999 469 1040 Helena
495 1008 625 1043 mater
650 1000 912 1051 incendebat3
953 1001 1079 1040 evasit
1105 1007 1241 1039 tamen
1257 1030 1270 1051 ‚
1310 1001 1414 1040 forte
1433 1003 1556 1055 'quod

109 1068 265 1095 vomo
285 1061 651 1108 temperamentum
681 1057 810 1094 inerat
823 1084 836 1106 ,
881 1069 935 1094 ne
963 1057 1099 1094 statim
1128 1058 1314 1095 saeviret.
1373 1057 1467 1095 Mox
1502 1057 1554 1096 ad

107 1110 326 1150 monachos
349 1109 552 1163 profectus
585 1117 664 1161 est,
679 1113 749 1164 qui
779 1112 822 1149 in
843 1110 1022 1164 Olympo
1050 1118 1187 1150 monte
1213 1111 1356 1164 procul
1383 1115 1552 1166 negotiis

106 1166 233 1205 vitam
259 1165 432 1219 agebant
446 1193 458 1215 ‚
498 1172 611 1204 tanta
651 1179 789 1205 omnes
831 1167 989 1220 pietatis
1017 1173 1057 1204 et
1093 1165 1296 1219 religionis
1326 1166 1430 1205 fama
1451 1197 1462 1218 ,
1507 1175 1553 1207 ut

106 1220 312 1260 Romanus
338 1221 568 1273 Lecapenus
595 1235 730 1260 annua
756 1222 852 1274 ipsis
880 1221 1077 1274 stipendia
1104 1222 1343 1274 persolverit
1351 1222 1396 1272 ⁴).
1450 1222 1552 1261 Per-

107 1275 318 1315 crebuerat
343 1289 483 1314 rumor
496 1305 508 1326 ,
540 1276 829 1330 Imperatorem
856 1291 950 1315 cum
978 1276 1194 1316 Theodoro
1216 1278 1412 1331 Cyziceno
1428 1307 1440 1328 ‚
1470 1292 1552 1331 quo

106 1337 316 1383 praetextu
333 1329 575 1384 Polyeuctus
592 1331 836 1384 patriarcha,
856 1331 1011 1370 dudum
1037 1331 1091 1370 ob
1118 1334 1322 1385 ingenium
1350 1341 1390 1371 et
1419 1347 1551 1373 mores

107 1386 288 1436 invisus,
314 1384 515 1424 tollendus
540 1393 644 1426 esset
660 1417 672 1438 ,
711 1386 951 1426 deliberasse
976 1388 1023 1437 ⁵).
1082 1387 1182 1426 Inde
1221 1387 1456 1441 Byzantium
1484 1403 1551 1427 re-

105 1452 248 1480 versus
261 1469 274 1491 ,
305 1439 591 1480 mortalitatem
621 1441 818 1495 explevit,
848 1456 918 1481 seu
945 1443 1125 1495 corporis
1152 1442 1409 1496 infirmitate,
1447 1457 1518 1483 seu
1536 1473 1551 1494 ,

106 1494 217 1548 quod
253 1494 418 1548 plurimi
456 1496 766 1549 suspicabantur
784 1527 796 1548 ‚
834 1511 990 1536 veneno
1030 1498 1175 1536 iterum
1221 1499 1386 1551 petitus.
1442 1499 1554 1538 Vixit

105 1563 233 1589 annos
242 1550 350 1589 LIV.
365 1579 378 1600 ,
407 1564 454 1588 ex
484 1551 631 1604 quibus
657 1553 818 1590 XXVI.
848 1566 940 1592 cum
971 1566 1108 1592 socero
1125 1553 1309 1592 Romano
1324 1582 1336 1604 ,
1356 1554 1454 1593 XV.
1485 1567 1551 1592 so-

108 1603 173 1645 lus
191 1634 205 1657 ‚
233 1606 414 1659 regnavit
424 1602 470 1656 ⁶).
523 1606 693 1646 Senatus
719 1608 761 1645 iu
788 1607 927 1646 fiinere
956 1608 1159 1659 ornando,
1197 1615 1238 1647 et
1276 1609 1319 1647 in
1355 1610 1551 1647 memoria

159 1711 195 1760 ι)
232 1711 336 1747 Conf.
368 1712 581 1758 Peregrinus
616 1714 785 1760 Castigat.
823 1715 871 1748 ad
908 1714 1107 1748 Caraecioli
1143 1715 1391 1761 Chronologos
1422 1728 1458 1761 p.
1492 1717 1549 1760 47.

200 1757 291 1792 edit.
317 1757 454 1799 Carus,
489 1760 555 1793 ubi
594 1762 693 1794 varia
730 1761 870 1803 edicta,
919 1762 960 1795 1'n
997 1761 1130 1807 quihus
1170 1764 1256 1796 anni
1293 1764 1440 1808 imperii
1479 1763 1550 1795 Ro-

200 1806 301 1838 mani
327 1804 507 1850 Lecapeni
549 1811 587 1839 et
612 1806 869 1848 Constantini,
902 1819 973 1841 una
1002 1818 1083 1840 cum
1116 1808 1285 1842 Landulfi
1312 1810 1417 1843 annis
1446 1819 1549 1842 com-

196 1856 396 1898 putantur,
442 1862 488 1884 ex
530 1853 721 1887 tabulariis
776 1855 950 1891 ecclesiae
993 1853 1197 1898 Campanae
1227 1855 1377 1899 profert.
1438 1856 1551 1890 Prae-

198 1902 301 1932 terea
332 1899 373 1931 in
406 1896 602 1942 diplomate
633 1899 863 1934 Constantini
885 1906 923 1934 et
964 1901 1137 1943 Romani,
1163 1901 1293 1935 Indict.
1328 1902 1417 1943 XV„
1438 1901 1549 1935 Chri-

198 1945 247 1978 sti
291 1944 372 1989 942.
416 1944 538 1986 edito,
590 1947 667 1991 agri
713 1946 907 1992 Capuanae
947 1947 1122 1981 ecclesiae
1163 1948 1320 1982 subiecti
1359 1949 1405 1982 ab
1446 1951 1550 1984 omni

196 1990 364 2031 ditione,
397 1993 562 2037 angaria
587 1993 739 2040 pubh‘ca
778 2002 814 2029 et
840 1994 1012 2035 tributis,
1055 2005 1148 2040 quae
1181 1995 1342 2030 Patriciis
1374 2000 1412 2029 et
1447 1995 1548 2029 Stra-

197 2038 289 2083 tegis
328 2037 548 2072 Graecorum
587 2040 759 2073 solvenda
791 2046 914 2082 erant,
957 2041 1171 2074 liberantur.
1218 2042 1318 2076 Idem
1351 2054 1397 2076 ex
1430 2043 1548 2087 pluri-

197 2083 456 2138 mis’litteris3
497 2085 536 2119 in
579 2085 758 2121 Chronico
791 2086 1028 2122 vulturnensi
1062 2099 1097 2132 p.
1130 2089 1207 2132 417.
1239 2088 1318 2133 418.
1351 2089 1432 2134 425.
1465 2089 1545 2133 431.
1595 2127 1597 2131 ¹

195 2131 276 2175 ⁴49.
309 2128 500 2171 adductus,
541 2138 700 2177 apparet.
796 2139 837 2171 α)
868 2134 990 2179 Lupus
1023 2134 1259 2180 protospatha
1295 2135 1340 2168 ad
1372 2147 1427 2168 an.
1464 2137 1547 2181 955.

193 2175 393 2211 Descendit
425 2179 626 2212 Marianus
655 2180 843 2215 Patr-ictus
865 2181 919 2223 *in
952 2182 1131 2226 Apuliam
1184 2181 1288 2215 Cont.
1320 2181 1484 2228 Theoph.
1509 2194 1545 2227 p.

196 2224 276 2258 283.
362 2223 408 2277 5⁹⁶)
429 2224 580 2258 Zonaras
602 2237 637 2271 p.
652 2229 726 2272 ¹9⁵·
754 2228 798 2262 D.
834 2225 1018 2261 Cedrenus
1059 2239 1093 2272 p.
1110 2228 1191 2272 641.
1240 2228 1370 2272 Glycas
1393 2240 1428 2273 p.
1449 2230 1547 2270 303,

197 2269 298 2314 quod
335 2268 481 2303 simeon
508 2271 708 2316 Logotheta
745 2279 783 2306 et
813 2273 991 2319 Georgius
1026 2273 1225 2308 Monachus
1259 2275 1406 2308 silentio
1438 2286 1546 2319 prae-

195 2320 364 2358 tereunt,
400 2315 632 2363 Theophanis
682 2321 995 2363 continuatorem,
1031 2322 1089 2354 cui
1127 2321 1244 2362 haee,
1283 2321 1425 2356 etiamsi
1462 2333 1547 2355 vera

199 2368 343 2440 essennt,
366 2361 511 2397 tradere
532 2365 775 2409 periculosum
798 2372 899 2408 erat,
924 2368 1051 2400 secuti.
1143 2367 1194 2414 4)
1208 2367 1369 2434 Contin.l
1378 2367 1544 2412 Theoph.

198 2419 257 2488 ἒς
294 2418 484 2508 ΞΒᾮΞῩ
514 2413 659 2501 αὲῗεῐο
689 2413 1066 2505 ᾯὴξῖἶῗῗδὲόηῖῑΐ
1091 2413 1547 2505 pfleggnugbggnmggg

198 2499 411 2533 Novembris
443 2501 504 2537 die
540 2502 614 2538 XV.
660 2505 790 2539 Indict.
821 2506 883 2539 111.
917 2518 1012 2541 anno
1045 2517 1067 2538 a
1095 2516 1141 2538 m.
1182 2519 1210 2541 c.
1244 2509 1348 2552 6469.
1397 2506 1546 2539 Simeon

198 2546 398 2595 Logothem
440 2559 553 2583 annos
583 2551 661 2585 eius
691 2551 820 2585 eodem
856 2552 964 2585 modo
999 2557 1183 2593 numerat,
1222 2553 1285 2587 sed
1312 2552 1441 2586 Indict-
1480 2550 1543 2587 VI.

198 2603 229 2626 a.
259 2592 363 2637 6456.
397 2595 591 2629 decessisse
623 2597 771 2639 scribit3
809 2597 869 2631 die
896 2598 954 2631 IX.
983 2599 1222 2637 Novembris.
1253 2599 1380 2632 Indict.
1416 2598 1478 2630 111.
1511 2610 1542 2631 a.

198 2639 303 2683 6468.
320 2639 511 2676 Cedrenus.
560 2643 682 2688 Lupus
699 2644 952 2690 protospatha:
977 2658 1063 2680 ann.
1084 2645 1169 2688 960.
1200 2645 1332 2680 Indict.
1357 2644 1424 2679 111.
1450 2645 1543 2678 obiit

200 2685 464 2722 Constantinus
496 2689 621 2734 Imper.
661 2693 729 2735 qui
763 2693 939 2737 regnavit
979 2704 1039 2726 an.
1065 2692 1117 2736 47.
1147 2701 1182 2726 et
1215 2691 1378 2727 surrexit
1410 2691 1542 2726 Roma-
