1878 3112
314 117 386 158 m:
423 112 685 157 camon.
722 112 903 156 AULAE
940 113 1163 157 BYzAN'r.
1207 117 1260 156 ιι
1289 119 1357 161 aa.
1445 97 1558 154 663

118 216 164 270 ἕ,
202 217 277 259 καὶ
309 216 352 260 οἱ
388 215 527 260 λοιποί
561 215 645 260 ἄνα
686 212 953 270 νομισμάτων
977 216 1028 271 γ’.
1083 216 1123 259 οἷ
1153 215 1236 259 dud
1267 219 1344 259 τοῦ
1371 217 1755 272 θέματοςΜε.υ3.ε

115 283 200 325 τῶν
228 283 475 342 Θρᾳκησίων
509 283 555 326 ἐν
597 283 650 340 τῇ
678 280 830 339 Κρήτῃ
859 279 1138 338 περάσαντες,
1183 283 1207 325 ὅ
1237 281 1492 340 στρατηγὸς,
1536 283 1562 327 ὅ

112 347 383 405 τουρμάρχης
407 350 491 392 nav
522 349 827 401 Θεοδοσιακῶν,
856 347 897 389 οἱ
924 349 1115 405 τουρμὰρ
1117 365 1196 403 χαι
1227 350 1314 391 τῶν
1340 349 1560 406 βικτόρων,

115 414 154 456 οἱ
181 413 453 471 τουρμάρχαι
477 417 552 469 τῆς
577 413 811 471 παραλίου,
841 413 866 456 ὅ
891 412 1154 470 μεριάρχης,
1193 413 1216 457 ὃ
1253 413 1562 472 χαρτουλᾰριος

81 481 184 522 5τοῦ
210 481 407 534 θέματος,
437 479 463 522 ὅ
487 478 620 535 κόμης
645 482 720 534 τῆς
746 479 909 535 κόρτης,
940 479 964 522 ὃ
993 481 1234 533 δομέστικος
1259 481 1337 522 τοῦ
1362 482 1559 535 θέματος,

111 545 520 602 δρουγγαροκόμητες
556 544 629 599 ξδ’,
668 544 833 600 ἔχοντες
862 544 902 588 οἱ
931 547 1054 588 αὐτοὶ
1080 545 1494 603 δρσυγγαροκόμητες
1519 546 1562 590 οἱ

106 612 187 664 μὲν
214 609 296 652 dmi
322 613 593 668 στρατιωτῶν
620 612 711 666 δύο,
741 610 780 654 οἱ
809 613 855 654 δὲ
884 608 967 654 ἇνά
996 614 1264 667 στρατιωτῶν
1289 611 1338 667 γ’,
1367 612 1427 662 αἷς
1453 609 1561 655 εἶναι

107 674 154 718 τὸ
181 677 266 718 πᾶν
291 677 555 734 στρατιώτας
583 676 657 734 ρν’.
713 676 798 719 α’πὸ
837 679 913 733 τῆς
952 675 1238 734 προελεύσεως
1277 679 1353 721 τοῦ
1378 695 1562 734 στρατη-

106 743 185 794 γοῦ
237 738 261 784 ὅ
285 741 680 799 πρωτομανδάτωρ,
733 741 755 786 ὁ
780 743 1239 800 πρωτοκαγκελλάριος,
1269 742 1294 785 ὅ
1318 745 1601 799 πρωτοβαν-,Β

61 806 315 865 ιοδοφόρος,
342 810 720 866 πρωτοδομέοτικσι
748 809 796 863 ς’,
837 811 1200 865 πρωτοκένταρχοι
1229 808 1276 864 ς’,
1313 814 1559 866 προελευσι-

104 879 227 926 μαῖὀι
263 876 384 926 πεζοὶ
421 871 471 931 ρ’.
526 873 608 917 ἀπὸ
632 877 717 917 τῶν
749 875 982 931 Ἀρμενίων
1015 877 1101 917 τῶν
1139 873 1443 931 φυλασσόντων
1480 875 1559 932 τήν

106 939 318 995 παραλίαν
344 942 423 982 τοῦ
448 942 653 994 θέματος.
689 938 747 991 ὥς
772 940 854 998 γὰρ
884 937 1087 997 ἀνήγαγεν
1114 941 1139 982 ὁ
1166 939 1416 998 στρατηγὸς,
1445 938 1558 997 εἶχεν

105 1006 185 1053 ἕως
210 1007 294 1048 τῶν
314 1005 355 1060 χ’
384 1007 718 1059 ἐξωπλισμένους
742 1004 849 1062 πρὸς
874 1005 919 1049 τὸ
950 1006 1134 1063 περάσαι
1171 1008 1218 1049 ἐν
1246 1004 1427 1064 Κρήτῃ·
1481 1006 1553 1050 διὰ

106 1069 154 1112 δὲ
180 1069 256 1126 τήν
285 1068 502 1128 ὀλιγότητα
528 1074 614 1115 τῶν
639 1073 888 1128 καματέρων
927 1074 1143 1128 καραβάυν
1171 1073 1224 1114 οὔ
1250 1071 1557 1129 συνεχωρήθη-

58 1138 188 1180 ιόσαν
214 1136 409 1194 περᾶσαι,
437 1139 480 1180 εἰ
501 1135 561 1194 μὴ
591 1136 632 1180 οἱ
658 1135 706 1180 ν’.
747 1134 830 1179 ἆπὸ
860 1140 940 1181 τοῦ
965 1136 1125 1192 βάνδου
1153 1141 1231 1194 τῆς
1254 1138 1443 1194 τούρμας
1469 1141 1557 1182 τῶν

107 1204 399 1246 Θεοδσσιακῶν
423 1201 556 1259 κόμης
582 1202 633 1257 α’,
671 1203 903 1261 προαγὲται
931 1204 979 1258 δ’,
1024 1203 1046 1245 ὅ
1073 1203 1446 1260 πρωτομανδάτωρ
1473 1207 1553 1247 τοῦ

102 1266 377 1325 τουρμᾰρχου
413 1266 466 1324 α’,
516 1269 539 1312 ὃ
566 1271 807 1323 δομέστικος
843 1271 919 1313 τοῦ
955 1269 1227 1326 τουρμάρχου
1256 1270 1309 1312 α’·
1365 1270 1474 1324 ὁμοῦ
1501 1270 1552 1322 ζ’·

104 1332 187 1376 ἀπὸ
223 1337 300 1377 τοῦ
335 1333 494 1389 βάνδου
533 1338 623 1378 τοῦ·
648 1333 868 1392 μεραρχου
910 1332 1067 1389 ὅμοίως
1094 1335 1141 1388 ζ’.
1197 1332 1259 1378 ὅτι
1286 1334 1550 1392 στρατιώτας

102 1400 154 1441 οὕ
181 1403 424 1456 προσέταξεν
449 1400 472 1444 ὅ
495 1401 773 1458 δρουγγάριος
800 1404 876 1443 τοῦ
893 1404 1070 1454 πλοΐμου
1099 1402 1283 1458 περάσαι
1313 1403 1359 1444 ἐν
1382 1400 1593 1460 Κρήτῃ,0

52 1466 147 1508 aaa*
166 1464 228 1520 μὴ
256 1460 463 1521 ἄρχοντας
489 1468 564 1508 καί
589 1469 845 1522 προαγέτας.
901 1464 969 1508 ὅτι
997 1463 1020 1507 ὅ
1049 1465 1322 1522 τουρμάρχης
1359 1467 1444 1508 τῶν
1482 1470 1553 1520 βι-

105 1529 261 1585 κτόρων
278 1529 349 1573 διά
372 1531 417 1574 τὸ
439 1528 631 1574 ἀσθενεῖν
659 1531 787 1574 αότὸν
814 1534 1068 1589 κατελείφθη
1096 1531 1214 1588 παρὰ
1244 1534 1322 1574 τοῦ
1344 1533 1551 1588 δρουγγα-

105 1597 198 1652 ρίου
236 1598 315 1638 τοῦ
348 1599 527 1651 πλοῖμου
566 1598 627 1647 εἰς
664 1598 845 1654 φύλαξιν
883 1600 957 1654 τῆς
997 1599 1208 1655 παραλίου
1248 1600 1324 1641 τοῦ
1351 1600 1550 1653 θέματσς.

106 1763 194 1808 garii
218 1768 358 1806 ternos,
381 1766 518 1799 milites
542 1765 661 1802 binos,
709 1766 956 1807 Sthlabesiani
980 1768 1020 1800 in
1044 1767 1222 1800 obsicium
1246 1766 1368 1801 thema
1390 1767 1548 1802 traducti

106 1815 143 1843 et
169 1808 223 1842 ibi
247 1810 406 1855 depositi
430 1823 551 1858 rogam
577 1813 806 1858 accipiebant
826 1814 938 1847 hanc:
971 1819 1045 1847 tres
1071 1825 1196 1848 eorum
1228 1815 1410 1860 capitanei
1436 1826 1549 1848 num-

104 1866 182 1889 mos
205 1858 358 1902 quinos,
382 1859 517 1905 reliqui
540 1865 674 1893 ternos.
722 1860 797 1906 Qui
822 1872 842 1894 e
865 1861 1024 1894 themate
1041 1862 1072 1894 Τ
1074 1860 1318 1895 hracesiorum
1341 1861 1380 1894 in
1400 1860 1545 1894 Cretam

104 1903 352 1946 adiciebant,
377 1912 482 1941 erant
504 1905 563 1941 hi:
594 1911 771 1952 strategus
798 1908 857 1940 vel
875 1914 1021 1952 praetor
1048 1913 1113 1940 aut
1137 1918 1302 1953 praeses,
1338 1907 1544 1942 turmarcha

104 1949 457 1993 Theodosiacorum,
501 1953 726 1987 turmarchae
762 1954 962 1996 victorum,
1001 1955 1226 1989 turmarchae
1258 1955 1543 1996 maritimorum,

103 1998 321 2039 meriareha,
349 1998 590 2039 chartularius
615 1999 805 2041 thematis,
830 2013 948 2035 comes
969 2002 1097 2042 cortis,
1123 2002 1341 2036 domesticus
1361 2000 1549 2043 thematis,

105 2043 435 2090 drungarocomites
450 2047 515 2091 64,
553 2058 708 2094 quorum
732 2048 798 2080 alii
829 2047 955 2090 binos,
987 2048 1052 2081 alii
1077 2053 1199 2081 ternos
1224 2049 1362 2089 milites
1385 2048 1453 2081 sub
1476 2059 1544 2082 sua

105 2090 346 2137 dispositione
369 2092 569 2135 habebant,
616 2095 668 2128 ita
702 2100 744 2128 ut
779 2095 914 2129 milites
948 2096 988 2128 in
1023 2096 1229 2129 universum
1255 2100 1375 2128 essent
1397 2099 1544 2129 centnm

104 2142 144 2171 et
165 2139 441 2185 quinquaginta.
491 2141 546 2174 De
572 2141 803 2186 processione
827 2142 884 2176 vel
904 2141 1020 2176 officio
1047 2143 1194 2187 strategi
1220 2143 1371 2176 aderant
1393 2140 1545 2186 expedi-

103 2184 197 2218 tioni
221 2186 540 2229 protomandator‚
577 2189 942 2232 protocancellarius‚
974 2189 1329 2233 protobandoforus,
1366 2188 1546 2234 protodo-

103 2230 243 2264 mestici
266 2243 340 2274 sex,
362 2234 652 2279 protocentarchi
676 2236 712 2276 6,
741 2236 1039 2280 processionales,
1058 2235 1099 2268 id
1122 2241 1178 2269 est
1198 2235 1442 2281 apparitores,
1459 2245 1545 2266 cen-

103 2281 190 2310 tum.
237 2279 292 2313 De
317 2281 480 2314 Armenis
514 2282 687 2326 riperiam
722 2293 825 2316 suam
849 2282 1160 2323 custodientibus,
1194 2282 1356 2328 quamvis
1388 2281 1542 2314 haberet

104 2327 279 2368 strategus
307 2330 408 2368 tum,
447 2339 562 2374 quum
593 2327 762 2362 educeret
794 2331 833 2362 in
873 2329 1144 2374 expeditionem
1181 2329 1412 2368 Cretensem,
1442 2327 1540 2360 viros

104 2375 260 2403 armatos
284 2371 331 2404 ad
353 2379 559 2415 sexcentos,
596 2380 756 2408 attamen
789 2387 863 2410 non
894 2377 1105 2421 permissum
1131 2381 1186 2409 est
1207 2374 1395 2421 pluribus,
1429 2384 1540 2418 quam

105 2417 388 2463 quinquaginta,
408 2422 495 2454 viris
520 2422 685 2455 traiicere
714 2421 760 2454 ob
785 2423 1002 2466 paucitatem
1028 2421 1255 2456 carabiorum
1281 2420 1540 2454 onerariomm.

105 2463 160 2496 De
201 2463 321 2498 bando
364 2470 504 2500 turmae
549 2467 881 2502 Theodosiacorum
931 2468 1083 2502 aderant
1125 2480 1243 2502 comes
1274 2478 1388 2506 unus,
1429 2469 1541 2510 pro'a-

104 2514 207 2553 getae
229 2521 292 2543 seu
313 2512 490 2557 primipili
506 2520 682 2559 quatuor,
706 2514 1001 2559 protomandator
1018 2515 1244 2549 turmarchae
1262 2523 1373 2553 unus;
1397 2511 1538 2545 faciunt

106 2556 216 2588 simul
252 2563 387 2602 septem
421 2560 548 2604 capita.
594 2562 649 2594 De
681 2561 801 2594 bando
836 2561 1040 2595 merarchae
1063 2562 1200 2607 pariter
1224 2560 1374 2592 aderant
1397 2563 1536 2603 septem

104 2604 183 2635 viri.
238 2604 355 2636 Causa
387 2606 465 2638 eins
488 2609 540 2640 rei
563 2607 653 2641 haec
673 2613 759 2641 erat.
808 2608 1030 2652 Drungarius
1050 2609 1169 2641 classis
1185 2608 1337 2640 iusserat
1355 2605 1432 2638 eius
1453 2604 1536 2638 the-

106 2651 210 2682 matis
235 2661 309 2682 non
332 2651 487 2693 milites,
518 2653 583 2686 sed
599 2649 753 2687 'tantum
778 2660 932 2687 rectores
955 2661 993 2688 et
1014 2653 1218 2699 primipilos
1245 2651 1380 2687 adesse.
1435 2651 1534 2686 Tur-

106 2695 247 2730 marcha
272 2697 447 2733 victorum
470 2698 746 2745 relinquebatur
771 2711 790 2732 a
818 2700 1010 2746 «hungario
1039 2700 1181 2741 classis,
1218 2704 1410 2745 propterea
1435 2696 1535 2743 quod
