1884 3112
847 0 880 34 0

299 103 318 139 1
335 82 405 140 58
575 83 934 146 cou'sTAN‘rml
974 100 1461 144 PORPHYROGEm‘u

291 206 491 256 ἐκνεύσας
520 204 744 262 α’ριστερὸν
771 202 843 246 ἐπὶ
865 202 912 246 τὸ
942 202 1123 260 μητάτον
1151 204 1232 246 α’πὸ
1260 207 1336 247 τοῦ
1360 203 1580 261 τριγώνου,
1609 206 1736 261 λέγων

242 283 269 315 Β
290 272 313 314 ὅ
351 275 422 328 τῆς
461 268 752 319 καταστάσεως
786 268 891 311 κατὰ
940 271 1101 325 βάθρον
1143 269 1358 324 ,,καπλάτε
1395 269 1612 326 Λόμηνι·”
1663 270 1739 313 καὶ

291 339 538 394 κατέρχεται
565 335 616 379 τά
645 334 850 392 γραὸήλια
877 337 950 378 τοῦ
980 337 1150 392 ἀθύροι,
1197 339 1271 378 καί
1299 338 1468 391 δέχεται
1503 338 1636 380 ἐκεῖσε
1663 337 1737 394 τήν

290 404 418 460 λιτήν.
473 402 588 457 ἅψας
617 404 662 444 δὲ
691 401 843 458 κηροὺς
883 401 957 444 καί
987 401 1224 457 εόξάμενος,
1252 409 1481 460 προσκυνεῖ
1503 403 1575 446 τὸν
1599 404 1737 457 τιζιιιον

288 468 472 524 σταυρὸν
499 470 573 510 καί
596 468 642 510 τὸ
673 464 883 524 ἄχραντον
911 471 1174 523 εὐαγγέλιον,
1216 468 1417 520 ὡσαύτως
1453 469 1527 512 καί
1550 467 1759 522 α’σπάζε-5

289 552 360 578 ται
386 534 457 576 τὸν
485 531 771 590 πατριάρχην,
815 533 889 576 καί
915 535 1126 590 διέρχεται
1155 533 1394 591 ἔιιπροσθεν
1418 538 1492 592 τῆς
1519 538 1654 591 λιτῆς.
1711 535 1736 576 ὅ

290 603 336 644 δὲ
363 603 435 655 τῆς
464 598 755 650 καταστάσεως
791 596 970 657 ἄρχεται
998 599 1045 643 τὸ
1081 600 1308 658 τροπάριον
1341 601 1444 658 ,,τήν
1478 604 1561 645 τῶν
1584 604 1735 658 α’ληθι-

289 670 370 710 νῶν
409 664 624 722 δογμάτων
635 670 676 720 ‚''
723 665 768 709 τό
798 665 903 709 αὐτὸ
947 665 1195 722 ψαλλόντων
1221 667 1295 710 καί
1319 666 1485 711 πάντων
1510 672 1583 725 τῆς
1607 684 1735 725 προε-

289 731 486 784 λεύσεως.
543 733 564 774 ὁ
596 735 642 774 δὲ
669 731 894 787 βασιλεὺς,
934 731 1136 775 εἰσελθών
1163 735 1207 776 ἑν
1234 735 1292 792 τῷ
1316 732 1521 791 νάρθηκι,
1560 734 1735 786 καθέζε-

289 816 374 853 ται,
401 801 551 856 μέχρις
581 795 633 841 (ἲν
660 797 872 856 καταλάβῃ
903 798 926 840 ὁ
954 799 1215 856 πατριάρχης
1241 800 1346 854 μετά
1375 803 1450 856 τῆς
1479 802 1609 856 λιτῆς.
1662 803 1789 848 naim

288 868 366 908 τοῦ
392 862 654 921 πατριάρχου
695 863 1026 922 καταλαβόντος,
1077 867 1294 909 α’νίσταται
1331 867 1355 908 ὅ
1390 865 1614 922 βασιλεύς,
1664 866 1740 908 καὶ

254 933 480 975 (ἶῗστανται
508 929 742 988 οἶμφότεροι
767 931 1006 988 ἔμπροσθεν
1042 928 1124 975 τῶν
1152 935 1382 987 βασιλικῶν
1408 935 1574 987 πυλῶν,
1611 931 1686 974 καί
1711 931 1736 974 ὅ

288 999 366 1052 μὲν
392 996 593 1052 βασιλευς
623 995 740 1050 ἅψας
766 996 922 1054 κηροὺς
950 994 1149 1054 εὔχεται,
1200 999 1223 1040 ὅ
1252 1001 1299 1042 δὲ
1336 997 1602 1056 πατριάρχης
1627 1003 1743 1042 τελεῖ

287 1063 366 1119 τήν
394 1063 527 1119 εὐχήν
551 1066 626 1119 τῆς
653 1062 817 1106 εἰσόδου
835 1097 846 1119 ,
883 1066 958 1106 καί
986 1064 1211 1119 εὐξάμενος
1237 1065 1259 1108 ὅ
1285 1065 1488 1120 βασιλεύς
1516 1068 1736 1108 ἐπιδίδωσι

286 1129 340 1173 τά
368 1132 493 1186 κηριά
521 1132 579 1189 τῷ
609 1131 892 1188 πραιποσίτῳ,
921 1133 1109 1181 κάκεῖνος
1131 1134 1189 1190 τῷ
1215 1132 1288 1186 τῆς
1315 1129 1621 1183 καταστάσεως.
1660 1134 1792 1178 101715

287 1198 335 1240 δὲ
370 1195 640 1254 πατριάρχου
680 1195 757 1252 τήν
793 1195 926 1252 εὐχήν
967 1200 1206 1247 τελέσαντος
1252 1199 1328 1240 καί
1374 1196 1737 1255 προσκυνήσαντος

284 1266 361 1306 τοῦ
387 1265 594 1318 βασιλέως
618 1261 664 1306 τὸ
697 1259 907 1319 ἄχραντον
933 1265 1196 1320 εὐαγγέλιον,
1236 1262 1518 1321 κρατήσαντες
1546 1262 1738 1320 α’λλήλων

284 1329 360 1380 τὰς
385 1337 558 1386 χεῖρας,
590 1331 827 1386 διέρχονται
851 1333 981 1384 μέσον
1007 1333 1083 1373 τοῦ
1110 1333 1228 1386 ναοῦ,
1258 1331 1332 1373 καὶ
1359 1330 1431 1373 διά
1458 1334 1533 1387 τῆς
1557 1332 1738 1386 πλαγίοις

284 1400 362 1440 τοῦ
391 1393 583 1451 ἅμβωνος
610 1395 900 1451 ἐκνεύσαντες,
950 1399 1215 1454 εἰσέρχονται
1251 1399 1296 1440 ἐν
1331 1400 1384 1455 τῇ
1410 1400 1573 1456 σωλαίᾳ
1599 1397 1673 1440 καὶ
1698 1398 1739 1440 ἳ-

282 1478 454 1506 στανται
483 1463 722 1520 ἔμπροσθεν
749 1465 831 1506 τῶν
859 1465 989 1519 ἁγίων
1017 1466 1187 1520 θυρῶν,
1215 1466 1383 1506 κιῖκεϊσε
1412 1463 1555 1519 λαβών
1580 1462 1791 1520 κηροὺςιο

282 1529 306 1571 ὅ
329 1527 532 1584 βασιλευς
559 1525 746 1584 εὔχεται,
775 1525 865 1572 εἶτα
894 1531 1067 1573 δίδωσιν
1096 1529 1252 1581 αὐτούς
1278 1533 1336 1588 τῷ
1361 1531 1634 1588 πραιποσιτῳ.
1662 1529 1737 1572 καὶ

285 1593 493 1651 ἀλλήλους
519 1593 879 1652 προσκυνήσαντες
907 1593 993 1650 δ’,τε
1025 1595 1228 1650 βασιλευς
1278 1599 1352 1639 καί
1390 1596 1414 1639 ὅ
1456 1594 1735 1654 πατριάρχης,

240 1669 272 1702 D
287 1664 519 1719 εἰσέρχεται
540 1664 600 1711 εἰς
622 1661 667 1705 τὸ
687 1660 990 1719 θυσιαστήριον
1011 1662 1117 1720 πρὸς
1147 1662 1194 1706 τὸ
1217 1662 1293 1719 τήν
1326 1665 1448 1706 θείαν
1478 1665 1737 1720 λειτουργίαν

286 1730 521 1784 ἐκτελέσαι,
552 1728 626 1771 καὶ
657 1729 681 1770 ὅ
705 1729 908 1784 βασιλεύς
937 1731 1166 1787 α’πέρχεται
1194 1732 1254 1780 εἰς
1281 1729 1327 1772 τὸ
1349 1727 1737 1787 μητατιόριονᾲέκ-

383 1822 434 1857 17.
459 1810 708 1857 κρατήσαντες
735 1809 774 1844 δὲ
791 1809 964 1853 ἀλλήλων
985 1809 1039 1843 ed.

287 1891 365 1914 cem
395 1891 469 1912 non
490 1881 622 1920 intrat,
646 1879 711 1912 sed
739 1879 786 1912 ad
809 1881 948 1913 laevam
973 1892 1081 1926 supra
1113 1886 1288 1914 metatum
1314 1891 1333 1913 a
1361 1880 1504 1926 trigono
1525 1879 1738 1914 divertitur:

288 1927 565 1961 cerimoniarius
591 1937 677 1960 vero
696 1927 742 1959 ad
770 1928 882 1960 scalas
913 1929 1154 1969 constitutus,
1179 1929 1250 1961 ait:
1277 1929 1427 1974 Caplate
1447 1928 1622 1967 Domini,
1654 1935 1739 1971 per—

289 1986 362 2022 que
382 1974 513 2007 scalam
530 1973 666 2018 athyris
688 1973 877 2007 descendit
898 1980 1008 2021 atque
1028 1974 1082 2007 ibi
1101 1975 1370 2020 processionem
1389 1974 1532 2018 excipit.
1570 1972 1738 2007 Aceensis

290 2027 412 2055 autem
433 2021 566 2061 cercis,
600 2026 768 2065 precatur
800 2026 837 2054 et
861 2021 1104 2054 venerandam
1127 2033 1268 2054 crucem
1293 2026 1329 2054 et
1354 2032 1493 2053 sacrum
1511 2019 1738 2065 evangelium

291 2067 439 2108 adorat,
463 2066 707 2113 patriarcham
726 2068 861 2101 salutat
878 2074 916 2100 et
940 2074 1024 2100 ante
1049 2069 1235 2101 solennem
1253 2079 1423 2113 pompam
1446 2066 1620 2112 procedit.
1670 2066 1739 2100 Ce—

292 2116 526 2150 rimoniarius
545 2115 767 2159 troparium:
800 2115 885 2149 Veri
905 2116 1026 2149 cultus
1044 2117 1264 2161 imaginum,
1292 2114 1453 2154 orditur,
1488 2113 1587 2159 quod
1613 2123 1737 2146 omnes

291 2161 531 2208 procedentes
558 2167 702 2194 canunt.
751 2163 951 2206 Imperator
965 2162 1105 2194 interca
1125 2161 1332 2194 narthecem
1356 2162 1555 2205 ingressus,
1580 2159 1682 2193 sedet
1701 2164 1741 2192 et

293 2209 491 2255 tantisper,
526 2209 612 2242 dum
648 2208 853 2254 patriarcha
885 2219 965 2241 cum
997 2209 1226 2253 processione
1245 2209 1365 2250 venit,
1391 2213 1585 2252 exspectat.
1639 2209 1740 2241 Post-

295 2268 406 2304 quam
434 2267 518 2290 vero
545 2256 574 2289 is
601 2267 683 2288 cum
707 2255 937 2300 processione
965 2255 1130 2297 advenit,
1156 2256 1288 2299 surgit,
1314 2260 1351 2288 et
1374 2260 1528 2301 uterque
1553 2254 1600 2287 ad
1623 2255 1740 2299 regias

294 2309 420 2350 portas
451 2303 672 2345 subsistunt,
699 2302 765 2336 ubi
790 2304 991 2347 Imperator
1012 2302 1160 2348 quidem
1184 2314 1263 2335 cum
1285 2303 1396 2335 cereis
1426 2302 1639 2335 ardentibus
1656 2311 1742 2346 pre-

297 2356 419 2392 catur,
443 2350 648 2398 patriarcha
678 2355 800 2383 autem
827 2360 950 2394 preces
983 2350 1152 2382 introitus
1181 2350 1362 2390 instituit,
1386 2351 1606 2394 Imperator,
1627 2348 1741 2381 finitis

295 2398 492 2444 precibus,
529 2409 650 2432 cereos
680 2397 902 2443 praeposito,
925 2396 985 2429 hic
1015 2397 1292 2430 cerimoniarum
1316 2397 1486 2441 magistro
1507 2396 1630 2430 tradit.
1675 2396 1742 2429 Pa-

297 2444 457 2480 triarcha
487 2450 679 2492 postquam
705 2444 815 2478 ritum
851 2444 1025 2477 introitus
1059 2444 1275 2485 celebravit,
1314 2449 1351 2476 et
1379 2446 1578 2490 Imperator
1602 2440 1743 2477 sacrum

300 2493 529 2537 evangelium
569 2491 753 2532 adoravit,
794 2490 985 2538 prehensis
1037 2491 1192 2524 invicem
1235 2491 1404 2524 manibus
1419 2517 1428 2532 ,
1469 2501 1536 2536 per
1579 2489 1742 2523 medium

298 2539 428 2584 templi
454 2544 654 2580 transeunt,
678 2549 815 2584 perque
837 2537 1095 2584 obliquitatem
1123 2538 1288 2571 ambonis
1319 2539 1454 2571 soleam
1489 2539 1647 2577 intrant,
1683 2540 1742 2568 ria-¹—

301 2587 445 2632 erisque
474 2587 593 2620 ianuis
619 2586 780 2620 adstant:
817 2585 889 2619 ubi,
911 2597 992 2619 cum
1017 2585 1128 2618 cereis
1155 2587 1354 2631 Imperator
1384 2590 1571 2630 precatur,
1607 2581 1741 2617 deinde

303 2643 364 2666 eos
391 2634 599 2679 praeposito
626 2632 756 2668 reddit.
813 2634 860 2667 Et
885 2638 1079 2680 postquam
1105 2633 1182 2679 ipse
1218 2637 1255 2665 et
1279 2632 1483 2678 patriarcha
1512 2642 1549 2665 se
1587 2630 1741 2664 invicem

304 2679 524 2723 adorarunt,
554 2680 617 2715 hie
660 2680 855 2715 sacrarium
894 2685 1041 2715 sanctae·
1061 2680 1232 2726 liturgiae
1260 2679 1497 2714 celebrandae
1520 2688 1647 2719 causa,
1669 2677 1742 2710 Im-
