1878 3112
285 135 394 207 776
552 150 911 197 CONSTAN‘nNi
965 153 1447 203 PORPHYROGENJTl

277 258 363 305 τοῖς
389 257 635 307 βασιλεῦσιν
663 257 708 299 ἐν
733 258 791 314 τῷ·
818 253 978 315 τερπνῷ
1001 259 1330 319 χρυσοτρικλίνῳ
1346 293 1359 316 ,
1403 264 1478 305 καὶ
1502 261 1723 307 avum-⁰3*

277 333 350 362 ται
378 322 436 378 τῷ
460 323 633 374 βασιλεῖ
655 320 678 363 ὅ
705 322 982 378 πατριάρχης,
1011 327 1084 366 καί
1105 327 1405 380 συγκαλοῦνται
1432 328 1493 378 εἷς
1532 332 1722 374 curcurl-

279 401 375 430 ασιν
402 384 537 428 azizos}
564 386 646 429 ἀπὸ
669 390 744 442 τῆς
763 389 918 440 τάξεως
935 392 1017 432 τῶν
1037 390 1287 446 μαγιὺτρων,
1315 393 1612 449 πραιποσίτων,
1640 413 1723 438 ποι-ἠ

276 455 445 509 τρικίων
481 454 556 494 καί
587 456 742 496 λοιπῶν
767 458 995 508 βασιλικῶν
1025 456 1258 513 ἀνθρώπων
1286 458 1367 502 σῦν
1390 462 1473 503 τῶν
1509 476 1723 519 μητροπο-

81 515 405 568 Εάὡ.449λιτῶν
439 517 547 560 κατὰ
586 517 631 560 τὸ
671 517 802 562 ποσὸν
837 521 913 576 τῆς
958 524 1188 578 τραπέζης.
1239 525 1294 580 τῇ
1322 526 1368 566 δὲ
1399 524 1454 567 ια’
1481 529 1558 569 τοῦ
1586 525 1749 570 aziz-0175

276 587 428 627 Μαΐου
462 589 642 627 τελεῖται
669 584 716 627 τὸ
748 589 959 641 γενέθλιον
985 590 1058 644 τῆς
1095 589 1253 641 πόλεως
1278 589 1434 648 ταύτης
1451 625 1465 645 ,
1511 593 1587 634 καί
1612 594 1724 636 ἐπε-ε

274 655 410 693 λεῖται
438 651 625 702 δεξίωσις
654 653 821 706 δεξιζιιου
849 656 984 709 χωρίς
1012 656 1190 707 σαξᾴιου
1218 655 1292 698 καί
1319 655 1489 700 ἱππικὸν
1516 656 1720 714 ἱπποδρό-

274 732 398 771 μιον,
442 720 516 760 καί
539 722 716 761 τελεῖται
743 717 969 775 κλητοόριον
1008 720 1117 763 κατὰ
1145 720 1216 764 τὸν
1244 725 1447 778 λεχθέντα
1476 722 1622 768 τύπον.
1672 728 1724 784 τῇ

276 783 324 826 δὲ
361 781 485 842 ὀγδόῃ
523 785 599 826 τοῦ
641 785 775 827 αὐτοῦ
802 788 952 828 Μαΐου
992 786 1123 843 μηνὸς
1161 792 1341 831 τελεῖται
1379 792 1624 846 προέλευσις
1650 794 1726 849 τῆς

273 851 440 906 μνήμης
465 852 540 892 τοῦ
567 844 775 905 Θεολόγου
805 853 850 894 ἐν
875 855 931 910 τῷ
958 850 1139 912 ἑβδόμῳ,
1165 853 1240 896 καὶ
1264 858 1514 912 τελουμένης
1538 859 1611 912 τῆς
1638 861 1776 900 λει-ιο

274 916 484 973 τουργίας,
527 918 770 972 προτίθεται
793 917 1031 974 κληταὶριον,
1088 922 1162 962 καί
1187 922 1491 976 συγκαλοῦνται
1518 921 1622 965 κατὰ
1649 921 1724 966 τύ-

274 998 354 1026 πον
395 983 433 1024 οἱ
469 982 542 1038 τῆς
571 980 804 1038 συγκλήτου
845 982 999 1034 πάντες
1038 984 1143 1028 κατὰ
1175 985 1220 1029 τὸ
1250 985 1381 1030 ποσόν
1406 989 1479 1044 τῆς
1504 990 1724 1045 τραπέζης.

274 1049 328 1105 τῇ
361 1049 407 1091 δὲ
435 1048 465 1089 κ’
497 1050 574 1090 τοῦ
599 1050 772 1091 Ἰουλίου
799 1048 928 1105 μηνὸς
955 1051 1179 1093 ἐκτελεῖται
1209 1051 1280 1094 διὰ
1311 1052 1497 1096 λιτανίου
1525 1052 1723 1111 προελεύ-

237 1117 380 1164 Βσεως
407 1111 523 1156 ἔνδον
550 1117 624 1155 τοῦ
651 1117 854 1157 παλατιόυ
883 1112 907 1170 ἦ
934 1113 1078 1172 μνήμη
1099 1116 1251 1159 ‘Hzcoff
1277 1120 1355 1160 τοῦ
1380 1116 1623 1176 προφήτου,
1651 1117 1727 1161 καὶ

281 1182 338 1221 δι’
365 1179 495 1235 αὐτῆς
519 1179 547 1234 ἦ
577 1178 801 1235 α’νὰκλησις
835 1183 909 1234 τῆς
946 1181 1225 1239 περιορήσεως
1261 1187 1339 1226 τοῦ
1374 1185 1573 1239 εὐσεβοῦς
1607 1183 1778 1240 ἧμῶνι5

275 1245 506 1299 βασιλέως.
560 1249 865 1300 προεκτελεῖται
903 1248 949 1288 δὲ
992 1246 1072 1303 πρὸ
1113 1244 1244 1304 αὐτῆς
1285 1251 1361 1304 τῆς
1396 1250 1557 1307 ἡμέρας
1598 1251 1726 1308 ἕν’τῇ

275 1313 504 1368 παραμονῇ
531 1309 749 1368 ἑσπερινόν
776 1312 820 1353 ἐν
846 1313 903 1369 τῷ
933 1310 1089 1371 Φάρῳ,
1137 1316 1211 1355 καί
1236 1308 1386 1371 ᾄδεται
1414 1315 1532 1371 παρὰ
1562 1314 1725 1358 πάντων

278 1374 539 1430 οἷπολύσιμον
567 1371 684 1434 ᾆσμα
724 1374 914 1430 ἷσόμελον
949 1380 1026 1420 τοῦ
1064 1381 1414 1436 ,,συνταφε’ντες,”
1455 1383 1529 1422 καί
1564 1382 1726 1423 δίδοται

277 1448 365 1492 τοῖς
387 1445 646 1498 μαγίστροις,
674 1445 978 1498 πραιποσίτοις,
1005 1442 1273 1498 ἀνθυπάτοις,
1294 1445 1526 1502 πατρικίοις
1553 1446 1626 1489 καὶ
1645 1446 1725 1503 ὄφ-

278 1509 507 1566 φικιαλιόις
535 1509 594 1558 εἷς
622 1506 752 1550 τύπον
779 1508 895 1566 παρὰ
925 1512 1004 1551 τοῦ
1029 1512 1236 1563 βασιλέως
1271 1510 1516 1568 σταυρι’τζια
1545 1512 1779 1569 ἆργυρᾶαο

276 1577 329 1632 τῇ
357 1576 402 1616 δὲ
432 1575 634 1631 ἐπαύριον
662 1574 819 1634 ἡμέρᾳ,
863 1577 909 1618 ἐν
935 1571 964 1633 ᾗ
988 1574 1063 1630 τὴν
1088 1573 1233 1632 ἑορτήν
1258 1577 1527 1631 ἑκτελοῦμεν,
1567 1593 1726 1635 προκα-
1755 1600 1759 1604 ·

277 1642 448 1692 θέζεται
478 1639 500 1681 ὅ
527 1639 728 1694 βασιλευς
760 1640 864 1695 μετὰ
895 1639 1187 1697 α’λλαξιμάτων
1214 1641 1287 1683 ἐπὶ
1312 1644 1390 1684 τοῦ
1416 1642 1585 1694 ἐνδόξου
1615 1660 1725 1700 χρυ·
1770 1678 1774 1681 .

278 1708 553 1763 σοτρικλίνου,
582 1709 654 1749 καί
678 1709 941 1763 παρεστῶτος
966 1710 1042 1750 τοῦ
1066 1710 1273 1762 μυστικοῦ
1298 1710 1605 1764 κουβουκλείου,
1638 1711 1724 1754 εἰσ-

281 1851 494 1891 convivante
528 1852 742 1903 Imperatori
773 1854 994 1904 patriarcha;
1039 1858 1311 1905 invitanturque
1346 1856 1392 1891 ad
1425 1857 1579 1892 eundem
1611 1859 1722 1893 finem

280 1905 464 1947 magistri,
492 1906 710 1950 praepositi,
735 1907 900 1951 patricii,
924 1905 1034 1940 ceteri
1058 1905 1222 1939 homines
1248 1905 1454 1950 imperiales
1479 1909 1516 1939 et
1539 1909 1653 1939 metro
1681 1917 1726 1939 0-

279 1950 367 1983 litae
387 1962 451 1995 pro
477 1952 616 1985 ratione
641 1951 799 1986 tabulae.
847 1953 916 1986 Die
944 1952 1136 1986 undecimo
1161 1952 1251 1985 Maii
1284 1953 1470 1997 peragitur
1498 1951 1628 1986 natalis
1681 1963 1724 1985 u-

280 1994 339 2029 ius
364 1998 489 2039 Urbis,
529 2003 566 2032 et
588 1998 793 2032 admittitur
828 1999 1009 2032 deximum
1051 2010 1115 2032 seu
1140 1997 1246 2032 turba
1279 1998 1512 2032 salutantium
1536 2002 1575 2031 et
1597 2003 1720 2043 gratu-

282 2041 456 2085 lantium,
488 2044 626 2090 absque
651 2046 788 2079 saximo
812 2051 951 2089 tamen3
989 2046 1194 2080 celebratur
1219 2046 1328 2078 etiam
1351 2048 1517 2090 equestre
1541 2049 1723 2078 certamen

283 2091 502 2132 cursorium,
541 2091 723 2137 modoque
749 2091 937 2137 praedicto
964 2093 1174 2126 convivium.
1222 2092 1292 2125 Die
1318 2096 1444 2125 octavo
1469 2090 1559 2123 Maii
1583 2090 1725 2136 peragi-

281 2141 344 2169 tur
381 2138 562 2180 processio
589 2139 786 2172 memoriae
811 2139 845 2172 S.
871 2139 1015 2171 Ioannis
1041 2138 1219 2183 Theologi
1243 2138 1281 2170 in
1302 2136 1508 2176 hebdomo,
1545 2135 1724 2183 finitoque

282 2191 382 2215 sacro
407 2182 534 2224 officio,
557 2189 810 2228 proponuntur
835 2184 956 2228 dapes,
983 2189 1019 2216 et
1046 2188 1286 2217 convocantur
1309 2182 1507 2217 secundum
1531 2183 1640 2216 ritum
1667 2194 1726 2217 se-

280 2229 418 2262 natorii
442 2240 564 2263 omncs
589 2241 652 2274 pro
682 2231 822 2264 ratione
849 2241 1005 2264 mensae.
1041 2230 1112 2263 Die
1135 2231 1306 2274 vigesimo
1330 2229 1415 2262 Iulii
1439 2229 1620 2274 peragitur
1643 2237 1725 2264 eum

283 2275 433 2308 solenne
460 2277 744 2320 supplicabunda
765 2278 997 2322 processione
1018 2277 1112 2309 intra
1129 2277 1303 2321 palatium
1321 2276 1494 2310 memoria
1512 2276 1614 2309 Eliae
1638 2287 1724 2322 pro-

280 2321 434 2367 phetae,
469 2326 507 2355 et
534 2334 598 2366 per
634 2334 711 2356 eam
740 2323 941 2357 celebratur
964 2323 1135 2357 memoria
1159 2321 1378 2356 dimissionis
1403 2323 1457 2367 pii
1482 2322 1632 2356 Domini
1655 2333 1724 2360 nu-

283 2369 350 2401 stri
378 2364 526 2414 [Leonis
551 2368 746 2416 Sapientis]
777 2381 796 2403 e
822 2369 992 2403 custodia.
1042 2369 1159 2403 Pridie
1193 2369 1293 2402 iuius
1328 2368 1402 2402 diei
1435 2375 1556 2403 autem
1585 2379 1650 2402 seu
1682 2370 1724 2404 in

281 2414 418 2460 vigiliis
452 2415 636 2460 peragitur
670 2417 707 2448 in
745 2421 967 2450 antecessum
1006 2416 1039 2450 S.
1067 2415 1220 2450 officium
1253 2418 1498 2460 vespertinum
1524 2417 1563 2448 in
1593 2414 1722 2456 Pharo,

284 2466 323 2494 et
347 2462 488 2495 canitur
522 2462 567 2494 ab
596 2463 762 2496 omnibus
797 2469 921 2497 cantus
952 2463 1175 2496 absolutivus
1210 2461 1370 2495 eiusdem
1402 2460 1583 2495 melodiae
1613 2466 1722 2507 atque

283 2503 449 2551 hymnus,
474 2507 538 2554 qui
561 2510 692 2553 incipit
716 2521 735 2541 a
762 2520 868 2544 voce:
908 2510 1176 2554 συνταφέντες,
1202 2509 1406 2555 danturque
1429 2510 1474 2542 ab
1499 2509 1722 2553 Imperatore

285 2562 331 2586 ex
356 2559 501 2599 recepto
527 2555 598 2588 ritu
627 2557 816 2601 magistriS‚
842 2555 1069 2601 praepositis,
1095 2555 1390 2602 proconsulibus,
1415 2555 1576 2600 patriciis
1603 2559 1640 2588 et
1662 2553 1721 2588 of·

284 2596 465 2635 ficialibus
489 2601 686 2635 cruciculae
711 2609 909 2647 argenteae.
958 2603 1080 2637 Altero
1115 2607 1234 2635 autem
1270 2602 1329 2635 die
1356 2607 1460 2647 post,
1487 2602 1552 2634 illo
1578 2610 1721 2646 nempe,

285 2653 358 2691 quo
385 2647 502 2692 ipsum
527 2648 627 2681 Eliae
648 2649 779 2682 festum
804 2650 1047 2690 celebramus,
1072 2649 1255 2694 praesidet
1278 2649 1476 2694 Imperator
1500 2648 1539 2681 in
1563 2652 1723 2680 mutato-

285 2693 349 2725 riis·
378 2702 483 2738 super
507 2695 661 2740 glorioso
686 2695 971 2739 chrysotriclino,
995 2695 1159 2730 adstante
1187 2701 1324 2729 secreto
1350 2691 1721 2738 cubiculosintrodu—
1775 2716 1780 2722 ·

286 2742 486 2787 muniturque
510 2741 715 2788 praefectus
740 2743 877 2779 sacellii
903 2748 939 2779 et
962 2742 1165 2781 xenodochi
1190 2748 1225 2778 ct
1251 2743 1427 2789 gerocomi
1443 2767 1452 2784 ,
1488 2744 1719 2786 apportantes
