1884 3112
269 119 382 194 276
510 155 513 157 >
547 137 910 182 consummi
950 135 1439 181 PORPHYROGENJTI
1496 147 1504 155 ·

265 240 339 282 καί
355 243 479 290 ,πᾶσα
507 241 534 297 ἦ
556 240 781 296 σύγκλητος
799 237 883 281 α’πό
918 237 1272 296 σκαραμαγγίων,
1302 239 1376 282 καί
1391 238 1600 294 ψάλλουσι
1618 239 1723 283 κατὰ

265 308 537 349 α’κολουθίαν.
597 302 680 347 εἶθ’
721 302 855 354 οὕτως
897 304 1012 347 νευέι
1041 304 1066 347 ὅ
1101 305 1375 360 πραιπόσιτος
1413 308 1470 365 τῷ
1497 308 1570 362 τῆς
1596 323 1724 348 κατα-

265 371 467 425 στάσεως,
497 371 571 414 καί
596 373 707 426 λέγει
734 373 886 414 ἐκεῖσε·
920 369 1116 426 „Eget-9⁶,
1145 375 1344 426 βασιλεῦ,
1374 377 1498 414 καλεῖ
1513 388 1560 414 σε
1589 370 1612 413 ὅ
1642 375 1722 426 βοι-

265 436 407 486 σιλειὶς
441 440 524 480 τῶν
549 441 857 491 βασιλευόντων
874 439 945 480 καί
964 436 1107 493 κύριος
1135 439 1220 480 τῶν
1239 437 1520 494 κυριευόντων
1533 440 1567 466 ·”
1598 440 1721 480 τοῦτο

268 507 378 558 λέγει
417 504 580 559 τρίτον,
621 505 695 546 καί
720 505 961 560 παραυτίκα
1001 503 1164 560 αἴρεται
1191 503 1237 546 τὸ
1270 505 1471 557 λείψανον
1499 503 1614 561 παρά
1642 507 1750 552 τῶν5

70 571 525 623 Με.118.αβασιλικῶν,
569 572 643 612 καί
678 570 805 612 πάλιν
835 571 1108 627 εἰσφέρουσιν
1139 569 1242 612 adt&
1282 569 1401 613 ἔνδον
1427 573 1502 627 τῆς
1534 573 1724 627 χαλκῆς,

272 636 345 678 καί
371 638 566 679 τιθέασιν
596 633 702 679 αὖτὸ
736 638 895 690 ἐκεῖσε,
926 636 998 679 καί
1024 639 1192 679 ποιοῦσι
1219 634 1269 678 τὰ
1298 639 1342 687 ἐξ
1370 635 1508 686 ἔθους.
1553 636 1628 680 καί
1655 635 1724 679 ὅτε

236 702 445 760 Βὸφείλει
484 702 668 760 ἀρθῆναι
703 701 748 745 τὸ
791 705 1013 758 λείψανον,
1053 704 1164 745 νεύει
1201 703 1225 743 ὅ
1263 703 1533 759 πραιπόσιτος
1569 705 1625 763 τῷ
1651 706 1725 760 τῆς

267 769 581 823 καταστάσεως,
625 771 700 812 καί
727 764 905 827 ἄρχεται
944 771 1079 826 λέγειν
1107 771 1153 812 ἐκ
1181 771 1324 826 τρίτου
1351 767 1397 812 τὸ
1426 767 1617 824 ,,ἐ”ξελθε,
1646 774 1726 823 βα-

269 839 417 880 σιλεῦ”
445 838 520 879 καί
545 836 598 879 τὰ
640 833 753 893 ἑξῆς,
803 839 876 879 καί
901 833 983 879 εἶθ)
1015 834 1148 886 οὕτως
1191 837 1405 892 ἐξέρχεται
1430 834 1476 878 τὸ
1523 835 1778 890 λείψανονιο

271 900 354 946 dno
385 906 460 959 τῆς
485 905 669 959 χαλκῆς,
707 901 1018 958 βασταζόμενον
1048 901 1131 945 ὑπὸ
1158 903 1387 958 βασιλικῶν
1414 906 1723 959 πρωτοσπαθα-

270 969 397 1026 ρι’ων,
436 972 509 1012 καί
536 972 753 1027 διέρχεται
782 969 854 1012 διὰ
885 971 959 1026 τῆς
985 972 1136 1026 μέσης,
1186 971 1259 1011 καί
1284 965 1359 1011 τὸν
1386 967 1512 1011 τόπον
1539 975 1723 1012 καταλα-

269 1036 452 1090 βόντων,
498 1039 544 1080 ἐν
573 1030 604 1096 ᾧ
631 1039 774 1090 μέλλει
819 1039 1094 1093 κηδευθῆναι,
1142 1037 1300 1092 γίνεται
1337 1035 1362 1092 ἡ
1393 1030 1623 1079 ιῖκολουθία
1650 1038 1723 1093 τῆς

270 1105 523 1161 ψαλμῳδίας
550 1103 623 1145 καί
646 1101 696 1145 τά
741 1101 919 1159 συνῆθη.
974 1100 1063 1145 εἶτα
1091 1103 1202 1145 νεύει
1239 1100 1366 1144 πάλιν
1395 1101 1419 1146 ὅ
1447 1100 1724 1159 πραιπόσιτος

272 1171 332 1226 τῷ
360 1170 433 1224 τῆς
473 1169 790 1222 καταστάσεως,
834 1172 907 1211 καί
943 1175 1126 1211 ποιεῖται
1153 1167 1227 1224 τῆν
1267 1168 1537 1226 ἀναφώνησιν
1566 1164 1774 1217 ogram-15

273 1234 487 1290 ,,εἱ’σελθε,
524 1236 723 1290 βασιλεῦ’,
752 1241 875 1278 καλεῖ
906 1251 953 1278 σε
984 1234 1005 1277 ὅ
1042 1234 1241 1290 βασιλεὺς
1283 1237 1366 1277 τῶν
1414 1233 1725 1288 βασιλευόντων

270 1303 344 1343 καί
371 1301 516 1358 κύριος
544 1304 627 1344 τῶν
655 1300 982 1358 κυριευόντων,”
1010 1303 1056 1343 ἐκ
1083 1300 1235 1357 τρίτου.
1294 1297 1376 1343 εἶθ’
1405 1296 1562 1349 οὕτως·
1588 1299 1725 1352 „cind-

269 1370 351 1409 θου
381 1365 426 1409 τὸ
456 1366 618 1420 στέμμα
658 1365 741 1409 άπὸ
772 1368 846 1423 τῆς
883 1369 1067 1424 κεφαλῆς
1095 1370 1224 1408 σου·”
1272 1367 1344 1409 καί
1370 1362 1531 1416 εὖθέως
1558 1365 1723 1422 αἴρεται

274 1431 391 1488 παρὰ
418 1437 493 1475 τοῦ
533 1432 838 1489 πραιποσίτου,
877 1435 951 1476 καί
990 1436 1157 1476 τίθεται
1197 1436 1459 1489 σημεντέϊνον
1486 1430 1592 1487 μετὰ
1621 1448 1724 1488 πορ-

236 1501 417 1555 ρφυρᾶς
443 1500 581 1555 λιτῆς,
609 1498 683 1542 καὶ
706 1499 866 1542 τίθεται
893 1501 938 1543 ἐν
965 1501 1023 1558 τῷ
1048 1501 1250 1558 μνημείῳ.
1305 1500 1467 1552 ἰστέον,
1497 1494 1564 1540 ὅτι
1591 1497 1614 1540 ὅ
1644 1498 1777 1545 ani-20

275 1562 344 1614 τὸς
382 1566 510 1615 τύπος
546 1567 617 1608 καί
644 1565 669 1622 ἦ
714 1564 820 1622 αὕτῆ
860 1566 974 1618 τάξις
1009 1567 1081 1608 καί
1117 1563 1348 1607 ἀκολουθία
1384 1564 1542 1620 γίνεται
1568 1566 1641 1606 καί
1665 1566 1726 1614 εἰς

276 1630 353 1686 τῆν
389 1634 464 1686 τῆς
503 1631 738 1688 αὖγοιῗστης
776 1632 954 1688 κηδείαν.
1011 1632 1096 1689 χρὴ
1135 1634 1182 1674 δὲ
1218 1630 1291 1674 τὸν
1319 1633 1393 1688 τῆς
1430 1632 1726 1680 καταστάσεως

274 1696 347 1739 ἐπὶ
374 1701 424 1755 τῇ
451 1697 578 1756 ἐξόδῳ
608 1700 680 1754 τῆς
702 1698 938 1756 αὕγούστης
969 1701 1126 1754 λέγειν·
1155 1696 1344 1752 ,,ἔξελθε,
1374 1697 1617 1752 βασίλισσα,
1648 1714 1725 1738 κα-

274 1768 344 1806 λεῖ
364 1781 411 1807 σε
430 1763 451 1806 ὂ
463 1764 661 1820 βασιλευς
678 1767 760 1808 τῶν
770 1763 1078 1820 βασιλευόντων
1089 1764 1162 1808 καί
1170 1763 1315 1822 κύριος
1327 1766 1410 1807 τῶν
1427 1761 1724 1821 κυριευόντων.

369 1880 401 1915 3.
428 1878 449 1912 ό
474 1889 541 1914 om.
567 1879 623 1914 ed.
745 1892 797 1917 ια.
821 1871 1028 1926 καταλαβόν
1053 1880 1109 1914 ed.
1230 1893 1282 1928 ¹9·
1308 1884 1527 1926 σημεντεῒον
1550 1879 1606 1914 ed.

276 1975 484 2016 canuntque
505 1983 566 2014 ea,
594 1985 687 2019 quae
705 1984 831 2007 canere
856 1985 932 2007 mos
953 1979 1016 2006 est.
1043 1975 1168 2008 Postea
1191 1974 1419 2018 praepositus
1443 1972 1721 2005 cerimoniarum

275 2018 444 2063 magistro
464 2020 605 2062 signum
619 2020 690 2062 dat,
705 2023 768 2066 qui
782 2021 870 2054 dicit
883 2035 890 2054 :
904 2020 1102 2064 Egredere,
1119 2023 1332 2067 Imperator,
1346 2033 1410 2055 rex
1423 2028 1457 2054 te
1474 2030 1597 2065 regum
1610 2026 1644 2053 et
1656 2016 1723 2052 do-

276 2066 394 2097 minus
411 2065 677 2102 dominantium
691 2077 822 2110 vocat3
842 2078 914 2113 quo
936 2073 991 2100 ter
1003 2069 1172 2113 repetito,
1196 2068 1316 2100 statim
1335 2078 1354 2099 a
1377 2066 1550 2098 ministris
1563 2065 1722 2109 impera-

276 2111 365 2142 toris
378 2112 519 2144 tollitur
536 2124 676 2158 corpus,
702 2120 737 2147 et
758 2116 796 2148 in
813 2114 959 2147 chalcen
973 2114 1214 2159 deportatum,
1231 2113 1283 2146 ibi
1303 2113 1509 2158 reponitur,
1524 2113 1722 2157 omniaque

276 2168 376 2190 more
404 2158 547 2191 solenni
573 2167 804 2207 peraguntur.
858 2162 950 2196 Cum
986 2172 1114 2206 corpus
1147 2161 1265 2193 efferri
1292 2159 1425 2200 (lebet,
1465 2159 1721 2192 cerimoniario

276 2206 505 2250 praepositus
526 2207 668 2250 signum
689 2207 768 2249 dat,
793 2209 856 2254 qui
884 2214 938 2241 ter
962 2207 1081 2241 dicere
1098 2208 1244 2252 incipit:
1271 2205 1470 2254 Egredere,
1495 2207 1720 2252 Imperator,

279 2257 317 2284 et
342 2262 435 2296 quae
460 2259 682 2299 sequuntur,
709 2260 818 2301 atque
848 2255 898 2288 ita
931 2266 1059 2299 corpus
1083 2255 1128 2287 ab
1147 2254 1391 2298 imperatoriis
1418 2252 1722 2298 protospathariis

278 2309 298 2331 e
337 2298 459 2332 chalce
488 2306 735 2345 exportatum,
767 2313 833 2347 per
849 2302 1005 2335 mediam
1038 2302 1187 2342 transit,
1219 2311 1373 2346 cumque
1410 2299 1456 2332 ad
1480 2301 1622 2341 locum,
1655 2299 1722 2332 ubi

280 2347 447 2391 componi
466 2344 596 2389 (lebet,
619 2348 803 2394 pervenit,
828 2350 986 2382 officium
1014 2354 1138 2381 cantus
1156 2353 1193 2381 et
1214 2354 1351 2388 cetera,
1379 2358 1472 2393 quae
1498 2347 1642 2380 institui
1663 2357 1723 2380 so—

277 2393 374 2434 lent,
401 2392 453 2426 ibi
477 2401 706 2439 peraguntur.
757 2397 881 2429 Postea
907 2396 1193 2434 cerimoniarius,
1218 2396 1320 2441 signo
1346 2406 1365 2426 a
1390 2394 1599 2439 praeposito
1622 2393 1723 2435 dato,

277 2445 334 2472 tor
357 2441 552 2475 exclamat:
575 2443 694 2484 Intra,
715 2444 940 2489 Imperator,
967 2452 1082 2478 vocat
1111 2451 1145 2476 te
1167 2454 1233 2476 rex
1254 2454 1378 2487 regum
1403 2450 1438 2476 et
1473 2440 1641 2477 dominus
1655 2440 1724 2475 do-

278 2488 522 2532 minantium;
557 2488 688 2522 deinde
721 2491 790 2523 sic:
822 2491 970 2536 Depone
1006 2501 1180 2525 eoronam
1211 2502 1234 2522 a
1265 2491 1385 2535 capite
1405 2497 1491 2530 tuo,
1529 2495 1566 2522 et
1599 2489 1722 2521 statim

279 2533 368 2567 haec
388 2546 408 2567 a
429 2537 634 2580 praeposito
663 2536 826 2577 tollitur,
861 2543 898 2570 et
914 2538 1114 2582 imponitur
1140 2535 1251 2568 fascia
1274 2546 1457 2580 purpurea
1475 2536 1649 2582 simplexg
1683 2539 1723 2569 at

280 2580 344 2615 ina
362 2583 399 2616 in
417 2589 656 2617 monumentor
667 2585 866 2629 reponitur.
919 2583 1111 2618 Sciendum
1124 2588 1195 2623 est,
1215 2582 1370 2616 eundem
1390 2593 1539 2624 morem,
1566 2581 1724 2616 eundem

280 2628 390 2662 ritum
414 2629 640 2677 eandemque
656 2631 955 2664 consuetudinem
981 2631 1088 2664 etiam
1115 2631 1154 2663 in
1174 2629 1354 2676 Augustae
1379 2629 1506 2664 funere
1527 2629 1742 2663 observant:

279 2675 403 2708 Debet
418 2682 538 2712 autem
565 2677 838 2717 -cerimoniarius
858 2678 896 2710 in
923 2678 1050 2711 funere
1065 2678 1247 2722 Augustae
1264 2677 1404 2710 dicere:
1427 2676 1629 2722 agr-edere,
1650 2678 1722 2712 Im-
1736 2700 1742 2705 .-

278 2725 470 2766 peratm'ae,
497 2735 611 2762 vocat
634 2734 675 2761 u
691 2738 757 2762 rex
776 2727 1009 2772 regnantium
1030 2735 1066 2760 et
1083 2724 1250 2760 dominus
1269 2723 1546 2760 dominantium.
