1878 3112
309 128 422 186 658
589 146 947 191 coNsrANnm
996 146 1483 191 PonPnYnoomm

305 267 391 307 ρων
416 253 501 294 τῶν
528 252 574 294 ἐκ
600 252 676 292 τοῦ
710 251 895 304 θέματος
933 251 1146 305 συστῆσαι
1185 244 1344 306 ἄνδρας
1373 248 1415 308 φ’
1445 250 1759 304 ἐπιλελεγμένους

303 319 378 359 καί
404 315 505 373 πρὸς
533 315 578 358 τὸ
607 317 790 368 τοξεύειν
818 317 1095 372 ἐπιτηδείους,
1124 316 1200 358 καί
1225 316 1301 359 ἐὰν
1330 311 1435 360 ὦσιν
1460 318 1506 368 ἐξ
1533 316 1675 359 αὔτῶν
1696 332 1761 357 τι-

302 398 368 432 νες
394 381 626 437 ἐπιτήδειοι
653 381 955 438 καβάλλάριοι,
985 380 1030 424 εἴ
1049 398 1092 424 τε
1120 384 1167 424 ἐκ
1194 384 1278 424 τῶν
1306 379 1543 438 ἀρχόντων,
1575 379 1619 423 εἴ
1640 397 1686 423 τε
1713 381 1759 422 ἐκ

111 446 393 491 M⁵·22¹·b·cc5v
421 450 681 503 σχολαρίων.
736 450 777 490 εἰ
800 450 879 501 μὲν
904 447 1011 490 κατά
1041 446 1203 506 πλήρης
1229 447 1385 504 ἔχωσιν
1411 443 1490 504 τῆν
1518 446 1651 504 ῥόγαν
1679 442 1761 490 αὖ-

307 517 392 557 τῶν
423 513 462 556 οἱ
491 513 737 571 σχολάριοι,
782 516 851 557 ἵνα
881 517 1186 566 ἐξοπλισθῶσιν
1213 517 1258 557 ἐκ
1285 517 1368 558 τῶν
1400 515 1519 557 ἰδίων
1545 515 1784 568 ‚casana-5

302 579 426 637 ρικὴν
455 579 684 631 ἐξόπλισιν·
751 583 790 623 εἰ
817 583 863 623 δὲ
891 583 1069 632 ἐλλιπεῖς
1110 584 1215 624 εἰσιν
1254 580 1360 638 πρὸς
1398 579 1474 637 τὴν
1503 578 1650 637 ῥόγαν,
1689 578 1759 621 ἵνα

302 644 490 700 λάβωσιν
519 645 600 687 οἷπὸ
632 648 715 689 τῶν
740 645 938 702 μητάτων
969 642 1113 701 ἄλογα,
1142 644 1169 702 ἢ
1195 649 1268 689 καί
1293 645 1376 690 α’πὸ
1404 648 1608 696 ἐκθέσεως
1634 659 1761 699 μονο-

303 709 540 769 προσιόπων
582 713 626 753 ἐν
665 712 723 768 τῷ
751 715 908 766 θέματι
944 715 1029 755 τῶν
1052 712 1355 755 Ἀνατολικῶν.
1411 711 1512 768 περὶ
1535 713 1618 754 τῶν
1644 712 1762 767 ὀφει-

303 775 460 821 λόντων
488 773 798 832 ἓτοιμασθῆναι
828 779 888 827 εἷς
909 779 1196 837 Θρᾳκησίους,
1225 774 1356 834 ἤγουν
1383 780 1466 820 ταῖν
1493 775 1524 819 κ’
1555 775 1761 832 χιλιάδων

265 847 383 887 Βτοῦ
409 846 632 900 κριθαρίου
654 843 842 900 καὶπερὶ
863 847 946 887 τῶν
968 844 1010 898 μ’
1030 844 1239 899 χιλιάδων
1265 845 1343 887 τοῦ
1365 860 1412 886 τε
1441 847 1559 887 σι’του
1587 841 1660 885 καί
1686 845 1814 885 roim

303 912 570 964 παξαματιόυ
615 913 689 952 καί
728 911 942 966 ἄρευριόυ
964 913 1037 953 καί
1065 912 1162 967 περί
1196 913 1273 952 τοῦ
1301 909 1415 953 οἴνου
1442 912 1529 952 τῶν
1557 907 1589 951 λ’
1618 907 1761 964 χιλιά-

311 979 397 1020 δων
439 975 514 1018 καί
560 978 660 1032 περί
696 978 778 1019 τῶν
816 974 1015 1033 σφακτῶν
1053 978 1137 1019 τῶν
1165 977 1190 1018 ι’
1217 975 1425 1032 χιλιάδων
1455 975 1530 1018 καί
1559 977 1658 1032 περί
1682 978 1761 1018 τοῦ

309 1040 615 1098 ἐτοιμασθῆναι
644 1041 829 1099 λινάριον
856 1040 963 1101 λόγῳ
1005 1045 1088 1085 τῶν
1113 1044 1342 1100 προπύρων
1365 1043 1442 1086 καί
1466 1042 1763 1099 καλαφατὴσε-

302 1125 359 1158 ως
383 1108 581 1162 χιλιάδας
608 1108 647 1161 ι’,
677 1110 746 1150 ἵνα
775 1108 849 1166 ἔχῃ
883 1110 943 1157 εἰς
968 1107 1019 1151 τὰ
1051 1107 1234 1164 Φύγελα,
1273 1109 1347 1151 καί
1374 1109 1535 1166 καρφιά
1561 1106 1762 1164 χιλιάδας

305 1174 337 1224 ς’
368 1173 473 1230 λόγῳ
503 1177 576 1230 τῆς
607 1171 801 1229 ἧλαὶσεως
827 1178 911 1216 τῶν
941 1173 1171 1230 δρομόνων.
1230 1177 1400 1227 ἐδέξατο
1427 1176 1527 1232 περὶ
1551 1174 1708 1218 τούτων
1736 1167 1812 1218 515

309 1238 644 1297 πρωτονοτάριος
669 1242 751 1281 τῶν
782 1241 1051 1298 Θρᾳκησιὶον.
1107 1242 1275 1291 ἐδέξατο
1313 1242 1387 1283 καὶ
1427 1237 1449 1282 ὃ
1486 1238 1763 1294 Λιμνογάλα-

311 1322 429 1360 κτος,
463 1307 532 1348 ἵνα
561 1304 782 1364 συνδράμῃ
830 1304 963 1348 αὐτὸν
995 1308 1055 1355 εἷς
1079 1305 1152 1348 τὸν
1180 1303 1309 1353 οἶνον.
1365 1308 1465 1362 περὶ
1488 1308 1565 1348 τοῦ
1590 1303 1762 1359 ἑτοιμα-

303 1374 465 1428 σθῆναι
493 1370 675 1428 καρφίον
703 1374 1089 1415 πενταδακτυλαῖον
1108 1370 1214 1430 λόγῳ
1233 1375 1308 1428 τῆς
1329 1371 1547 1430 οτρώσεως
1563 1373 1644 1414 τῶν
1663 1373 1762 1427 ‹590-

307 1439 477 1492 μονίων,
506 1439 565 1488 εἰς
594 1436 669 1488 τὰς
697 1435 853 1487 σκάλας
881 1439 954 1480 καί
981 1440 1041 1488 εἰς
1067 1436 1146 1487 τὰς
1173 1438 1340 1488 πάθ’νας
1363 1436 1564 1493 χιλιάδας
1589 1434 1638 1490 λ’,
1689 1437 1765 1489 καί

264 1506 566 1550 (ζκατέλθωσιν
592 1505 651 1554 εἷς
678 1501 733 1546 τά
763 1503 948 1559 Φύγελα.
1004 1505 1173 1558 ἐδέξατο
1203 1506 1249 1547 δὲ
1277 1506 1375 1560 περὶ
1401 1500 1552 1546 τούτου
1582 1499 1604 1544 ὅ
1633 1516 1816 1559 arpa-20

310 1571 434 1626 τηγὸς
472 1572 545 1625 τῆς
573 1567 716 1624 Σάμου
752 1572 827 1612 τοῦ
863 1568 1092 1624 λαμβάνειν
1129 1570 1270 1622 ἔξοδον
1297 1569 1414 1626 παρὰ
1448 1572 1523 1612 τοῦ
1551 1583 1762 1626 πρωτονο-

301 1639 475 1693 ταρίου.
530 1636 630 1693 περὶ
654 1639 729 1678 τοῦ
757 1633 1063 1692 ἑτοιμασθῆναι
1099 1639 1287 1693 καρφίον
1314 1635 1525 1693 άρπάγιον
1551 1650 1761 1691 κοινοστοῂ-

398 1710 432 1747 5,
451 1708 687 1754 ὦσχολιέριοι
711 1709 789 1742 cod.
815 1714 852 1743 et
877 1709 935 1745 ed.
1034 1707 1089 1743 10¹.
1111 1710 1166 1742 Ita
1192 1710 1231 1747 R,
1255 1721 1275 1743 o
1300 1710 1378 1755 sigl.
1403 1707 1508 1751 cod„
1533 1707 1677 1756 κριθοῠ
1701 1705 1760 1741 ed.

401 1758 454 1800 ¹4·
478 1759 625 1802 καρφίᾱ
650 1768 719 1794 em,
737 1758 797 1798 R.‚
822 1758 961 1790 σακκία
985 1755 1065 1790 cod.
1097 1762 1134 1789 et
1162 1755 1220 1794 cd,

305 1827 362 1850 ma
386 1815 549 1850 Orientis
576 1814 678 1849 abire
706 1820 743 1848 ct
767 1814 996 1849 conscribere
1023 1815 1234 1848 Platiniatas
1257 1814 1445 1856 Armenes,
1470 1818 1508 1848 et
1526 1825 1570 1848 ex
1594 1812 1639 1847 iis
1660 1812 1764 1847 aliis·

307 1874 379 1909 que
404 1860 567 1895 ciusdem
592 1860 762 1896 thematis
790 1864 966 1896 conficere
992 1873 1182 1895 numerum
1203 1863 1483 1908 quingentorum
1503 1861 1663 1894 virorum
1690 1859 1762 1892 mi-

307 1911 472 1944 litarium
498 1908 718 1949 electorum,
744 1910 1004 1954 praestantium
1031 1909 1321 1954 sagittariorum,
1358 1907 1585 1955 quorundam
1614 1916 1761 1952 quoque

309 1957 453 1996 forsan,
487 1956 563 1988 sive
590 1955 635 1988 de
665 1956 849 1995 tribunis,
884 1957 958 1989 sive
983 1955 1028 1989 de
1054 1955 1242 1989 scholariis
1269 1967 1334 1989 seu
1368 1955 1536 2000 gregariis
1570 1952 1628 1988 illi
1663 1953 1761 1991 sint,

311 2003 471 2048 equestri
498 2002 652 2036 militiae
679 2015 752 2035 non
782 2004 997 2046 ineptorum.
1049 2002 1252 2043 Scholarii‚
1277 2002 1458 2046 siquidem
1475 2003 1650 2048 integram
1674 2009 1762 2044 per-

311 2051 455 2093 cipiunt
480 2061 621 2094 rogam,
651 2049 696 2082 de
722 2060 786 2082 suo
811 2050 882 2082 sibi
909 2049 1166 2094 comparabunt
1193 2055 1406 2082 armaturam
1433 2053 1646 2094 equestrem.
1695 2044 1762 2078 Sin

311 2098 453 2136 minim,
486 2097 671 2139 accipiant
695 2107 806 2141 equos
832 2107 851 2129 e
877 2098 1038 2135 metatis,
1063 2101 1125 2128 aut
1152 2097 1261 2129 etiam
1287 2107 1307 2128 e
1332 2095 1527 2129 rationario
1552 2093 1697 2132 illorum
1721 2091 1762 2129 in

315 2141 474 2175 themate
503 2142 669 2175 Natoliae
702 2142 943 2175 habitantium
965 2167 973 2181 ‚
1014 2153 1166 2187 quorum
1205 2141 1454 2186 unusquisque
1492 2143 1607 2173 semet
1642 2139 1763 2184 ipsum

315 2187 529 2233 singularem
555 2188 706 2221 militem
724 2194 903 2232 praestare
923 2188 1041 2221 debet.
1091 2189 1312 2221 Thracenses
1330 2192 1454 2231 parata
1471 2186 1608 2220 debent
1626 2185 1763 2219 habere

316 2235 450 2280 viginti
475 2235 590 2267 millia
616 2233 821 2281 [saccorum]
847 2235 975 2268 hordei
1000 2240 1037 2267 et
1060 2235 1297 2279 quadraginta
1322 2235 1438 2267 millia
1462 2234 1566 2268 farris
1592 2238 1630 2267 et
1678 2243 1763 2265 axa-

319 2282 425 2314 matii
459 2292 523 2313 seu
562 2283 664 2324 panis
701 2281 758 2313 his
790 2283 882 2314 cocti
925 2286 962 2314 et
999 2281 1136 2314 farinae
1179 2286 1216 2314 et
1263 2281 1414 2326 triginta
1457 2280 1574 2315 millia
1615 2278 1630 2327 [
1667 2279 1763 2313 olio-

320 2326 427 2374 rum]
468 2327 545 2359 vini
582 2333 619 2360 ct
660 2327 782 2360 decem
822 2328 935 2361 millia
984 2339 1169 2372 caprarum
1216 2333 1478 2371 mactatarum3
1512 2328 1600 2362 item
1638 2325 1763 2371 decem

316 2375 432 2408 millia
472 2373 705 2420 [saccorum]
749 2374 815 2406 lini
856 2386 921 2418 pro
959 2374 1196 2408 accendendis
1239 2374 1383 2419 ignibus
1427 2374 1574 2408 Graecis
1611 2367 1649 2406 et
1674 2383 1761 2418 'pp-o

316 2421 511 2456 sarciendis
552 2421 703 2454 navibus
742 2420 895 2465 Phygela
936 2419 1034 2466 [urbs
1081 2419 1228 2467 Ioniae]
1268 2426 1426 2465 praestet
1445 2447 1455 2462 ,
1502 2425 1540 2454 et
1581 2419 1763 2466 clavorum

317 2468 437 2503 millia
462 2479 524 2501 sex
556 2479 622 2512 pro
659 2467 835 2500 clavatura
868 2467 1147 2502 drouioniorum.
1196 2468 1292 2501 Haec
1329 2467 1486 2502 curanda
1518 2469 1558 2501 in
1594 2477 1631 2499 se
1661 2476 1763 2500 recev—

317 2517 376 2561 pit
415 2515 683 2559 protonotarius
723 2513 980 2547 Thracensium
1019 2520 1056 2549 et
1095 2521 1238 2548 curator
1280 2515 1500 2556 curatoriae,
1533 2513 1592 2547 cui
1627 2522 1762 2548 nomen

321 2566 380 2595 est
405 2562 517 2595 Lacus
547 2561 687 2603 Laetis,
712 2562 909 2606 spopondit
940 2561 1018 2602 illi,
1051 2572 1108 2603 se,
1135 2563 1174 2594 in
1206 2562 1422 2605 praestando
1465 2560 1613 2607 quidem
1643 2558 1728 2592 vino
1749 2583 1761 2599 ‚

321 2619 397 2642 non
423 2608 640 2642 defuturum.
689 2608 754 2641 Pro
779 2608 952 2642 tabulatis
978 2608 1244 2642 dromoniorum
1271 2608 1464 2653 affigendis,
1489 2610 1576 2642 item
1602 2606 1641 2639 in
1657 2615 1762 2642 usum

322 2655 499 2688 scalarum
527 2661 564 2688 et
586 2655 836 2700 praesepium,
861 2660 984 2699 parata
1012 2661 1118 2689 sunto
1146 2660 1183 2688 et
1217 2655 1264 2688 ad
1296 2655 1450 2700 Phygela
1483 2653 1609 2688 urbem
1641 2649 1763 2699 perse-

325 2707 454 2736 runtor
479 2702 628 2746 triginta
652 2701 768 2736 millia
794 2702 972 2736 clavorum
1001 2703 1130 2749 quinos
1155 2701 1286 2747 digitos
1311 2702 1513 2747 longorum.
1560 2701 1612 2735 Ea
1636 2709 1682 2732 se·
1697 2705 1762 2731 cu-

325 2753 485 2786 raturum
510 2749 678 2795 promisit
703 2753 876 2795 strategus
905 2750 1020 2792 Sami,
1046 2759 1201 2796 eumque
1225 2750 1265 2784 in
1289 2749 1398 2784 finem
1419 2759 1456 2783 se
1479 2753 1680 2788 sumturum
1696 2754 1763 2780 ne-
