1878 3112
344 155 416 194 m:
459 151 714 194 CERIMON.
748 149 931 192 ‘AULAE
968 144 1281 193 BYzANT.'11.
1311 151 1350 196 6.
1466 131 1574 186 533

150 252 309 305 μύδας,
346 255 419 295 καί
454 254 707 307 εἰσέρχονται
745 253 790 294 ἒν
823 253 879 307 τῷ
921 255 1008 309 ναῷ
1033 253 1114 294 τῶν
1151 250 1280 304 ἇγίων
1307 247 1569 301 ἇποστόλων,

149 317 223 359 καί
248 316 328 374 πρὸ
363 319 447 360 τῶν
473 317 603 371 ἁγίων
630 319 776 372 θυρῶν
804 316 876 358 διά
906 320 979 371 τῆς
1005 318 1173 371 τρισσῆς
1197 315 1299 369 μετά
1328 318 1412 358 τῶν
1437 317 1613 371 κηρῶνῡ

147 380 463 437 προσκυνήσεως
489 379 867 436 ἆπευχαριστοῦσιν
893 383 954 438 τῷ
983 382 1097 438 Θεῷ,
1124 380 1195 422 καί
1218 381 1452 423 ἕκνεύουσιν
1478 380 1575 435 ἀρια

149 449 276 505 στερᾷ
290 445 390 502 πρὸς
407 446 614 502 α’νατολὴν
642 449 718 488 τοῦ
733 446 867 488 αὐτοῦ
886 446 1087 500 βήματος,
1115 448 1187 487 καί
1202 443 1455 501 ἀπέρχονται
1468 443 1577 500 πρός

119 510 246 560 ὄτοὺς
283 510 467 567 τάφους,
503 506 630 567 ἧγουν
662 514 721 561 εἰς
757 511 828 553 τὸν
865 509 983 565 ἅγιον
1026 513 1354 553 Κωνσταντῐνον.
1409 506 1571 552 natm-<ss

144 574 263 617 ἔνδον
288 577 359 630 τῆς
396 575 641 631 εἷσαγούσης
681 575 812 631 πύλης
839 578 1007 630 δέχεται
1034 577 1203 625 τούτους
1231 573 1254 616 ὅ
1281 575 1570 631 πατριάρχης,

144 638 216 681 καὶ
249 640 375 682 πάλιν
411 642 456 682 ἐν
492 642 550 698 τῷ
583 642 714 683 ἐκεῖσε
753 638 907 695 βήματι
946 639 1016 682 διὰ
1056 643 1128 695 τῆς
1156 643 1327 696 τρισσῆς
1352 640 1458 694 μετὰ
1486 642 1571 682 τῶν
1617 689 1623 702 ²

143 707 278 761 κηρῶν
304 706 620 760 προσκυνήσεως
645 707 1024 760 άπευχαριστοῦσιν
1048 707 1107 763 τῷ
1136 707 1248 763 Θεῷ,
1278 705 1350 748 καί
1374 705 1570 748 ἐπιδίδω-
1591 698 1611 729 Ῠ

144 787 231 813 σιν.
251 768 274 812 ὅ
302 770 562 826 πατριάρχης
594 770 803 824 θυμιατόν
838 774 894 828 τῷ
919 770 1064 828 πρώτῳ
1102 774 1291 824 βασιλεῖ’,
1329 771 1402 813 καί
1431 771 1570 827 θυμιᾷ

95 834 205 885 ιοεῖς
230 852 275 878 τε
302 834 349 877 τὸ
378 833 496 889 ἅγιον
535 839 649 891 βῆμα
676 836 748 878 καί
773 835 846 878 τὸν
871 837 1005 892 τάφον
1032 839 1210 885 Λέοντος
1235 839 1312 878 τοῦ
1340 832 1567 892 ὄρθοδόξου

143 899 340 942 δεσπότου
375 900 446 942 καί
481 902 551 956 τῆς
581 902 700 956 ἁγίας
737 901 811 943 καί
834 902 1049 954 βασιλίδος
1079 902 1321 958 Θεοφανοῦς
1375 902 1447 942 καί
1472 903 1636 942 Boe-Ed.
1647 907 1684 940 L.
1697 908 1765 944 308

141 966 296 1006 σιλείου
324 967 400 1007 τοῦ
426 964 650 1020 ὄρθοδόξου
677 969 750 1008 καί
775 966 939 1020 ἀγαθοῦ
961 967 1188 1019 βασιλέως,
1225 967 1298 1007 καί
1328 962 1410 1007 εἶθ’
1437 962 1568 1012 οὕτως

141 1031 202 1078 εἰς
226 1032 303 1071 τοῦ
330 1030 496 1086 πρώτου
524 1030 598 1072 καὶ
619 1031 798 1085 μεγάλου
829 1031 1147 1073 Κωνσταντίνου
1174 1033 1250 1073 τοῦ
1277 1029 1395 1085 ἇγίου
1424 1031 1493 1072 καί
1510 1031 1569 1071 ἐν·

142 1094 261 1145 δόξου
288 1097 502 1148 βασιλέως.
558 1094 631 1136 καί
653 1095 759 1149 μετὰ
790 1098 919 1138 ταῦτα
946 1098 1187 1152 ἐπιστρέφει
1213 1096 1238 1138 ὅ
1263 1094 1461 1150 βασιλεῦς
1493 1109 1571 1149 ‚us-3

93 1158 194 1206 ,5τὰ
224 1156 301 1202 τοῦ
326 1159 612 1215 πατριάρχου,
640 1160 714 1202 καί
747 1160 771 1201 ὅ
797 1163 875 1213 μὲν
901 1160 1163 1217 πατριάρχης
1189 1162 1424 1216 εἰσέρχεται
1449 1161 1493 1201 ἐν
1510 1161 1572 1215 τῷ

139 1224 295 1280 βήματι
321 1227 450 1267 ποιῶν
476 1223 552 1280 τὴν
576 1223 719 1280 εὔχὴν,
746 1225 819 1266 καί·
854 1225 1116 1281 ἀπάρχονται
1149 1225 1187 1268 οῖ
1215 1226 1371 1279 ψάλται
1399 1223 1446 1266 τὸ
1470 1239 1568 1280 τρο-

139 1291 304 1346 πάριον·
337 1292 442 1345 „tofi
467 1293 654 1347 σταυροῦ
677 1306 752 1333 σου
778 1289 849 1333 τὸν
870 1290 999 1333 τύπον
1019 1294 1063 1334 ἐν
1091 1288 1252 1348 οὗρανῷ
1276 1290 1570 1342 θεασάμενος.”

140 1354 163 1396 ὅ
192 1357 239 1398 δὲ
265 1354 461 1410 βασιλεὺς
489 1357 810 1411 οἷποχαιρετίσας
837 1354 909 1398 τὸν
936 1355 1221 1412 πατριάρχην,
1258 1357 1404 1397 τοῦτον
1432 1351 1570 1395 ‹Zancl-

143 1421 277 1475 ζεται,
317 1422 389 1462 καὶ
425 1421 706 1463 λιτανεύουσιν
744 1417 851 1473 μετά
878 1437 922 1462 τε
949 1423 1030 1462 τῶν
1057 1421 1299 1476 μαγίστρων
1325 1422 1399 1461 καί
1422 1435 1570 1473 πατρι-

90 1483 243 1526 αοκίων
271 1484 344 1526 καὶ
367 1487 450 1526 τῶν
487 1487 639 1526 λοιπῶν
669 1487 741 1540 τῆς
767 1483 1021 1540 συγκλήτου,
1061 1486 1271 1539 διέρχεται
1298 1483 1367 1525 διὰ
1396 1484 1469 1526 τοῦ
1496 1484 1602 1532 ἐξόΒ

144 1551 268 1605 αέρου
297 1551 371 1604 τῆς
400 1548 550 1604 ’κόγχης
575 1552 657 1591 τῶν
684 1549 810 1603 ἁγίων
839 1549 1006 1592 πάντων
1033 1552 1106 1591 καί
1129 1551 1199 1604 τῆς
1227 1552 1355 1590 ἐκεῖσε
1382 1544 1567 1602 ἆπαγούὲ-

143 1630 217 1668 σης
245 1607 370 1666 ὃδοῦ,
408 1614 481 1655 καί
505 1615 738 1670 εἰσέρχεται
764 1616 824 1663 εἰς
851 1612 927 1669 τὴν
957 1613 1091 1669 αὕλὴν
1118 1615 1200 1656 τῶν
1226 1612 1457 1666 παλατίων,
1496 1610 1570 1654 καὶ

142 1779 230 1823 ipsis
260 1779 379 1812 iacent
410 1790 473 1812 sua
506 1780 720 1820 mutatoria,
756 1780 984 1824 induuntque
1008 1779 1062 1812 ibi
1094 1779 1271 1812 dibetesia
1303 1790 1367 1812 sna
1398 1785 1436 1814 et
1466 1780 1567 1813 chla-

142 1825 289 1868 mydes,
323 1830 361 1858 et
393 1826 444 1858 sic
481 1825 648 1870 deinceps
673 1827 809 1858 intrant
831 1826 870 1858 in
896 1837 1004 1858 naum
1049 1837 1111 1859 seu
1144 1826 1262 1859 navim
1289 1827 1347 1859 SS.
1371 1827 1565 1871 Apostolo-

141 1882 231 1903 rum.
277 1870 334 1903 Ibi
369 1877 453 1904 ante
484 1877 641 1904 sanctam
666 1877 803 1916 portam
828 1878 883 1905 ter
907 1883 986 1904 cum
1013 1874 1123 1905 cereis
1147 1873 1299 1905 adorant
1322 1873 1566 1917 laudibusque

141 1916 326 1950 celebrant
347 1918 464 1950 Deum
478 1918 640 1962 genubus
665 1919 778 1959 flexis,
802 1923 875 1951 tum
901 1917 1082 1951 declinant
1106 1918 1153 1950 ad
1176 1920 1357 1956 sinistram
1380 1930 1499 1951 versus
1524 1929 1565 1950 0-

141 1963 298 1996 rientem
321 1962 472 1996 bematis
500 1975 563 1998 seu
588 1965 781 1997 tribunalis
796 1989 806 2005 ‚
841 1965 940 2009 quod
964 1965 1002 1996 in
1027 1965 1091 1997 illo
1123 1966 1258 2008 templo
1283 1970 1356 2006 est,
1380 1970 1417 1997 et
1439 1975 1566 2010 proce->-

142 2008 234 2041 dunt
267 2021 390 2043 versus
423 2012 609 2054 sepulcra,
643 2011 682 2043 id
714 2018 767 2044 est
805 2020 926 2042 versus
964 2011 996 2043 S.
1024 2010 1309 2044 Constantinum.
1359 2011 1433 2052 lbi,
1468 2011 1564 2044 intra

141 2060 283 2100 portam
309 2055 356 2088 ad
376 2067 421 2088 ca
445 2059 607 2101 sepulcra
633 2057 843 2097 ducentem,
882 2057 1015 2102 excipit
1038 2068 1098 2090 eos
1124 2057 1346 2102 patriarcha3
1369 2067 1565 2102 rursusque

141 2103 218 2134 Deo
244 2103 283 2134 in
306 2101 459 2144 bemate,
484 2103 582 2148 quod
605 2104 658 2135 ibi
684 2109 749 2144 est,
771 2103 867 2138 trina
892 2114 971 2135 cum
996 2104 1105 2136 cercis
1129 2104 1341 2136 adoratione
1365 2108 1503 2148 gratum
1527 2107 1565 2135 et

110 2146 310 2181 ,devotum
350 2154 528 2183 testantur
563 2151 744 2192 animum;
781 2149 964 2194 traditque
997 2150 1199 2194 patriarcha
1240 2150 1374 2182 seniori
1404 2150 1565 2182 Domino

140 2192 355 2236 thymiamm
387 2206 451 2228 seu
484 2195 733 2238 thuribulum3
759 2195 904 2242 quicum
935 2196 1000 2228 ille
1026 2201 1062 2228 et
1095 2202 1255 2229 sanctum
1279 2196 1383 2228 bema
1412 2201 1448 2230 et
1471 2201 1564 2239 tym-

135 2237 228 2271 ‘bum
252 2240 382 2272 Leonis
407 2241 600 2275 orthodoxi
627 2243 775 2275 Domini
803 2241 928 2288 [patris
957 2241 1187 2282 Constantini
1222 2240 1565 2287 Porphyrogeniti],

142 2289 181 2316 et
203 2290 345 2318 sanctae
374 2288 611 2332 Imperatricis
643 2287 936 2332 Theophanonis,
962 2286 1069 2335 [quae
1107 2289 1238 2322 Leonis
1271 2300 1359 2321 uxor
1394 2286 1500 2332 fuit‚]
1525 2292 1562 2319 ct

145 2330 290 2371 Basilii,
308 2332 394 2376 Imp.
423 2333 615 2367 orthodoxi
639 2339 748 2380 atque
765 2334 873 2375 boni,
898 2341 935 2367 et
958 2335 1103 2367 tandem
1126 2336 1233 2379 primi
1256 2334 1451 2368 Christiani
1486 2343 1562 2364 ma-

146 2376 279 2420 gnique
306 2378 532 2421 Imperatoris
566 2381 811 2421 Constantini,
835 2381 949 2412 sancti
985 2381 1084 2413 illius
1119 2387 1156 2414 et
1189 2379 1335 2424 gloriosi
1366 2380 1562 2424 principis,

146 2421 308 2463 tymbum
338 2423 507 2457 incensat.
567 2427 649 2460 Post
671 2427 759 2459 hacc
779 2431 922 2471 peracta
954 2428 1145 2459 revertitur
1168 2428 1364 2470 Imperator
1388 2436 1466 2456 cnm
1496 2436 1563 2469 pa-

146 2466 311 2500 triarcha.
357 2469 402 2501 Et
424 2469 484 2503 hic
506 2471 652 2516 quidem
676 2474 788 2505 intrat
810 2474 848 2504 in
872 2472 976 2504 bema
1010 2473 1069 2506 SS.
1092 2473 1365 2517 Apostolorum,
1397 2470 1555 2515 facitque

145 2511 455 2556 benedictionem,
491 2522 527 2549 et
562 2519 698 2562 psaltae
722 2518 903 2562 incipiunt
925 2519 1140 2562 troparium,
1166 2517 1263 2564 quod
1287 2517 1334 2548 ab
1358 2516 1412 2547 his
1437 2516 1558 2549 verbis

146 2557 305 2591 orditur:
333 2561 459 2594 Crucis
482 2570 565 2597 luae
590 2565 782 2609 imaginem
805 2565 847 2596 in
874 2564 976 2597 coelo
1000 2565 1262 2609 contemplatus
1294 2567 1360 2595 etc.
1406 2563 1564 2606 Impera-

147 2608 204 2636 tor
227 2609 347 2637 autem
378 2606 548 2640 valedicit
579 2614 616 2641 et
641 2611 800 2642 osculum
835 2610 933 2653 pacis
958 2609 1119 2654 impertit
1141 2607 1386 2653 patriarchae.
1409 2613 1446 2639 et
1470 2609 1567 2641 inter

147 2650 428 2693 supplicationes
453 2657 562 2698 atquc
583 2656 719 2688 cantica
746 2654 909 2700 procedit
932 2666 1002 2687 una
1039 2666 1117 2687 cum
1142 2653 1318 2697 magistris
1343 2659 1379 2687 et
1402 2654 1565 2698 patriciis

143 2695 359 2742 reliquoque
384 2703 532 2739 senatu,
563 2701 763 2745 transitque
787 2711 851 2745 per
883 2700 1012 2733 atrium
1037 2701 1181 2732 fornicis
1209 2699 1420 2733 Sanctorum
1445 2700 1562 2733 omni—
