1884 3112
273 113 386 182 264
552 112 912 176 cONsTAN'nNJ
950 114 1437 175 PoRPHYRoGENm

267 236 328 298 τῷ
348 237 640 293 κονσιστωρύμ,
658 231 923 288 λαμβάνουσι
942 232 1068 276 πάλιν
1081 232 1121 276 οἱ
1145 234 1270 277 adron*
1289 235 1560 292 σιλεντιάριοι
1585 235 1716 295 πρόσω
1735 245 1739 248 ’

267 305 383 354 ταξιν
416 299 531 356 παρά
574 302 650 342 τοῦ
673 298 947 355 πραιποσίεου
988 299 1094 357 πρὸς
1123 298 1169 343 τὸ
1197 297 1428 357 ἀπαγαγεῖν
1457 301 1504 344 τὸ
1528 306 1717 347 πολίτευ-

266 385 329 421 μα
358 369 417 416 εἰς
448 365 520 408 τὸν
548 362 753 407 ὄνόποδα.
784 364 873 408 τότε
896 365 1037 420 λαβών
1067 365 1088 410 ὅ
1114 367 1390 423 πραιπόσιτος
1409 366 1483 412 τὸν
1510 367 1717 426 ὕπαρχον,

227 443 253 478 c
270 435 344 474 καί
370 430 547 483 ἐξελθών
571 429 652 472 ἀπὸ
679 434 756 473 τοῦ
783 431 1071 486 αὕγουστέως,
1126 434 1336 490 διέρχεται
1366 433 1436 476 διὰ
1467 438 1545 477 τοῦ
1570 437 1720 479 στενοῦ

73 499 345 551 Ms.113.b2<al
370 500 486 551 μένει
523 497 545 538 ὅ
584 494 775 554 ὕπαρχος
818 496 937 540 ἔνδον
975 501 1050 554 τῆς
1083 499 1217 555 πύλης
1249 502 1325 555 τῆς
1357 499 1585 557 ἐξαγούσης
1613 500 1744 558 πρὸς5

269 563 344 606 τὸν
385 560 586 617 ὄνόποδα,
622 566 835 621 ἐξέρχεται
869 565 1009 618 μόνος,
1049 563 1154 607 ἔνθα
1186 566 1352 608 ἵσταται
1389 565 1436 608 τὸ
1473 567 1719 622 πολίτευμα,

270 633 345 672 καί
367 631 477 685 λέγει
503 630 657 684 αὐτοῖς,
702 628 730 672 ἂ
756 630 965 687 ἐδιδάχθη
993 631 1107 686 παρὰ
1133 634 1210 674 τοῦ
1229 634 1434 686 βασιλέως
1459 635 1591 688 λέγειν
1620 649 1719 676 νου-

269 698 420 746 θεσίας
446 698 565 739 ἕνεκα
595 699 670 738 καί
699 699 886 750 νομίμων
912 695 1194 753 διακράτησιν.
1263 699 1374 756 (Β.)
1409 697 1536 744 Μετὰ
1565 701 1612 742 δὲ
1641 698 1719 756 τὴν

271 764 496 818 διαλαλίαν
531 761 692 805 κελεύει
721 762 741 806 ὃ
771 760 1045 819 πραιπόσιτος
1074 766 1132 821 τῷ
1166 766 1239 820 τῆς
1269 764 1561 814 καταστάσεως
1603 765 1718 807 οἶνοι-ι

270 832 397 886 γῆναι
425 827 472 872 τὸ
500 831 652 885 βῆλον,
683 831 758 871 καί
773 834 1071 886 προσκαλεῖται
1097 828 1168 872 τὸν
1197 827 1391 886 ὕπαρχον
1384 865 1414 887 a
1441 826 1632 873 κοῖκείνου
1651 833 1771 882 ἔξ-ΙΟ

270 897 492 949 ελθόντος,
543 898 836 951 παραδίδωσιν
874 892 1002 938 mirina
1031 896 1054 938 ὅ
1087 895 1364 952 πραιπόσιτος
1384 899 1437 954 τῇ
1461 900 1644 957 πολιτείᾳ
1668 893 1721 939 ῧ-

270 978 435 1019 παρχον
458 964 532 1003 καί
556 963 715 1017 πατέρα
737 960 910 1017 πόλεως,
945 964 1018 1004 καί
1043 958 1123 1004 εἷθ’
1151 960 1283 1012 οὕτως
1310 961 1392 1005 ἀπὸ
1417 965 1495 1006 τοῦ
1522 961 1720 1014 ὄνόποδος

273 1029 531 1084 ὑποστρέφει
553 1026 573 1068 ὅ
596 1029 870 1082 πραιπόσιτος
894 1030 939 1071 ἐν
960 1030 1018 1087 τῷ
1045 1030 1248 1087 παλατίῳ,
1288 1028 1311 1070 ὅ
1339 1031 1386 1072 δὲ
1412 1031 1488 1085 τῆς
1513 1029 1720 1072 καταπά-

273 1109 380 1144 σεως
409 1093 516 1148 μετὰ
545 1097 626 1136 τῶν
655 1097 943 1150 σιλεντιαρίων
964 1094 1170 1149 λαμβάνει
1195 1093 1270 1137 τὸν
1289 1093 1495 1152 ὕπαρχον,
1536 1097 1610 1138 καὶ
1633 1097 1719 1138 εἷσε-
1764 1133 1769 1136 .

227 1160 364 1216 Βάγει
395 1158 524 1202 αὐτὸν
571 1160 616 1202 ἐν
645 1162 704 1218 τῷ
744 1163 1047 1220 κονσιστωρίῳ,
1089 1162 1163 1203 καί
1192 1158 1450 1205 ὖπαλλάσσει
1485 1159 1617 1205 αὐτὸν
1645 1157 1773 1218 τὴνῑό

270 1230 348 1271 τοῦ
375 1225 571 1282 ὑπάρχου
618 1227 797 1282 στολὴν,
835 1222 963 1284 ἤγουν
997 1225 1044 1269 τὸ
1074 1227 1278 1282 καμήσιον
1325 1230 1400 1270 καί
1434 1226 1480 1270 τὸ
1519 1228 1717 1271 πελώνιον

271 1295 346 1335 καί
362 1291 436 1335 τὸν
458 1294 618 1349 λῶρον,
659 1295 733 1335 καί
752 1292 928 1335 ὑποδύει
952 1291 1079 1335 αὐτὸν
1099 1295 1173 1334 καί
1196 1292 1242 1335 τὸ
1264 1294 1449 1348 καλίγιον
1466 1326 1477 1338 .
1532 1296 1607 1336 καί
1637 1291 1719 1337 εἶθ)

272 1357 404 1409 οὕτως
441 1359 466 1400 ὅ
504 1362 576 1415 τῆς
617 1360 913 1409 καταστάσεως
948 1358 1054 1412 μετὰ
1086 1360 1162 1400 τοῦ
1192 1358 1496 1413 πολιτεύματος
1527 1362 1602 1403 καί
1636 1363 1718 1403 τῶν

273 1416 466 1481 δημοτῶν
488 1427 572 1467 τῶν
594 1423 670 1466 δύο
697 1428 855 1482 μερῶν,
889 1426 1027 1480 ὀλίγον
1051 1421 1319 1477 ὄψικεύοντες
1345 1423 1497 1480 αὐτὸν,
1531 1426 1719 1483 διέρχον-

273 1507 346 1534 ται
380 1492 450 1534 διά
471 1508 515 1535 τε
551 1492 634 1534 τῶν
663 1492 910 1546 ἐξκουβίτων
936 1494 1010 1533 καί
1039 1493 1122 1533 τῶν
1146 1494 1332 1545 σχολῶν,
1361 1492 1771 1547 ἆκτολογουμένουαο

271 1558 346 1600 ὑπ’
368 1557 521 1611 αὖτῶν,
559 1556 762 1612 λεγόντων
784 1558 940 1600 αὐτῶν·
975 1557 1028 1612 ,,ὄ
1058 1559 1173 1600 δεῖνα
1207 1556 1290 1600 εἷσε
1313 1557 1545 1615 ὖ’παρχος·”
1576 1558 1652 1601 ἐὰν
1674 1560 1721 1601 δέ

273 1625 389 1667 ἔστιν
413 1626 642 1681 πατρίκιος,
672 1626 892 1680 α’κτολογεῖ
905 1623 1053 1675 οὕτως·
1101 1622 1155 1679 ,,ὄ
1175 1627 1291 1668 δεῖνα
1321 1620 1406 1667 εἷσε
1425 1622 1631 1682 ὕπαρχος,
1661 1620 1722 1666 εἶ-

275 1706 323 1737 σε
346 1692 421 1733 καί
436 1692 674 1748 πατρίκιος”
721 1693 796 1734 καί
818 1690 869 1734 τοὶ
893 1688 1008 1748 ἑξῆς.
1064 1694 1138 1734 καί
1159 1688 1240 1734 εἶθ)
1262 1688 1397 1741 οὕτως
1420 1691 1654 1747 εἰσέρχεται
1675 1692 1722 1734 ἐν

365 1794 400 1828 6.
425 1791 446 1826 ὁ
473 1792 514 1828 δὲ
549 1793 805 1842 πραιπόσιτος
837 1800 921 1830 ante
946 1794 1135 1840 ἐξέρχεται
1163 1792 1340 1833 excidisse
1363 1797 1470 1839 putat
1492 1794 1530 1828 R.
1685 1803 1717 1838 7.

367 1840 497 1884 λέγειν
520 1850 590 1880 om,
616 1843 670 1877 ed.
783 1856 835 1890 ¹7·
859 1837 900 1878 τὸ
929 1843 1054 1888 λῶρον
1086 1842 1142 1878 ed.
1170 1847 1208 1876 et
1223 1840 1479 1887 sicdeinceps.
1591 1852 1647 1876 πο.
1677 1839 1723 1873 οῖ-

363 1888 663 1935 κτολογούμενοι
688 1888 743 1923 ed.
839 1902 893 1925 21.
919 1891 998 1923 εἴσε
1028 1889 1085 1925 ed.

273 1989 507 2028 exspectans,
533 1987 619 2020 dum
633 1989 859 2033 magistratus
884 1993 1028 2032 praesto
1052 1988 1120 2029 sit,
1145 1987 1296 2022 adsidet.
1322 1986 1525 2022 Silentiarii
1547 1994 1634 2019 vero,
1656 1982 1722 2016 ad-

272 2031 460 2065 venientes
486 2038 523 2065 et
545 2035 775 2076 nuntiantes,
799 2035 1047 2078 magistratum
1070 2035 1111 2067 in
1140 2035 1354 2067 consistorio
1378 2034 1528 2073 adesse,
1551 2041 1673 2064 rursus
1698 2040 1720 2062 a

272 2078 482 2123 praeposito
514 2081 724 2115 mandatum
764 2081 808 2114 de
845 2082 1056 2125 magistratu
1103 2081 1142 2122 in
1167 2080 1373 2125 onopodem
1407 2077 1624 2114 deducendo,
1658 2087 1720 2110 ae-

274 2123 427 2168 cipiunt.
479 2126 583 2160 Tunc
620 2128 850 2173 praepositus
887 2128 1110 2172 praefectum
1137 2128 1266 2168 sumit,
1290 2133 1328 2160 et
1349 2137 1510 2171 egressus
1536 2135 1581 2159 ex
1605 2135 1722 2168 augu-

271 2175 372 2212 steo,
397 2182 463 2216 per
487 2177 631 2206 stenum
654 2175 805 2216 transit,
829 2175 1034 2220 praefectus
1061 2175 1155 2206 intra
1179 2179 1321 2218 portam
1347 2173 1394 2206 ad
1420 2171 1626 2218 onopodem
1654 2170 1722 2203 du-

273 2222 414 2250 centem
450 2225 593 2260 manet,
629 2231 671 2253 ac
705 2221 802 2254 solus
828 2222 922 2262 exit,
949 2221 1014 2254 ubi
1038 2221 1265 2266 magistratus
1291 2225 1381 2260 stat,
1407 2220 1466 2253 cui
1490 2219 1536 2251 ab
1562 2220 1722 2263 Impera-

273 2267 353 2297 tore
376 2265 421 2298 ‹le
446 2268 630 2313 aequitate
655 2268 913 2314 servandisque
945 2267 1085 2313 legibus
1123 2272 1315 2312 praecepta
1340 2265 1462 2299 tradit.
1523 2265 1615 2313 (ΙΙ.)
1639 2266 1724 2299 Post

272 2308 343 2343 hoc
367 2312 592 2359 colloquium
616 2314 843 2359 praepositus
863 2314 1157 2347 cerimoniarium
1172 2313 1288 2354 iubet,
1307 2314 1427 2346 velum
1449 2313 1590 2358 aperiat
1612 2322 1722 2356 prae-

271 2355 483 2405 fectumque
507 2360 675 2394 advocet:
709 2372 818 2406 quem
846 2372 1027 2406 egressum
1053 2362 1281 2406 praepositus
1328 2361 1468 2395 civitati
1497 2359 1722 2404 praefectum
1759 2402 1761 2404 Ι

271 2409 487 2452 patremque
503 2406 603 2440 urbis
643 2407 768 2444 tradit.
818 2409 946 2443 Postea
966 2409 1196 2454 praepositus
1217 2407 1261 2440 ab
1281 2407 1465 2452 onopodio
1481 2406 1530 2441 ad
1545 2405 1723 2452 palatium

274 2453 489 2495 revertitur,
513 2455 787 2488 cerimoniarius
809 2460 932 2488 autem
962 2466 1042 2488 cum
1067 2455 1280 2488 silentiariis
1304 2454 1526 2498 praefectum
1545 2452 1725 2492 adsumit,

275 2508 431 2546 eumque
460 2501 499 2533 in
528 2502 784 2534 consistorium
822 2501 942 2543 ducit,
983 2503 1047 2535 ubi
1091 2513 1173 2536 eum
1206 2501 1381 2546 praefecti
1419 2506 1543 2542 veste,
1576 2498 1724 2532 camisio

274 2546 426 2587 scilicet,
448 2548 597 2592 pelonio
626 2553 663 2581 et
680 2549 771 2589 loro,
795 2547 906 2593 pedes
926 2560 1011 2583 vero
1034 2549 1158 2593 caligis
1179 2547 1313 2581 induit.
1362 2547 1504 2582 Deinde
1530 2545 1726 2580 cerimoni-

274 2593 373 2625 arius
405 2605 487 2627 cum
516 2596 662 2628 civitate
691 2595 903 2642 populoque
941 2596 1096 2629 duarum
1128 2595 1348 2634 factionum,
1386 2595 1451 2641 qui
1480 2605 1564 2627 eum
1601 2602 1725 2626 omnes

267 2639 467 2682 paululum
496 2641 740 2687 praecedunt,
773 2653 837 2686 per
866 2642 1036 2676 excubias
1069 2641 1304 2688 scholasque,
1330 2641 1426 2674 inter
1450 2639 1725 2683 acclamationes

272 2684 495 2730 dicentium:
518 2690 562 2724 N.
586 2690 631 2727 Ν,
654 2689 860 2736 praefectus
883 2702 940 2731 es,
985 2694 1199 2732 transeunt;
1246 2689 1277 2721 si
1311 2688 1485 2732 patricius
1514 2691 1589 2729 est,
1611 2685 1727 2725 accla-

274 2737 376 2766 mant
402 2733 472 2769 ita:
497 2736 540 2772 N.
563 2737 606 2772 Ν.
636 2736 843 2783 praefectus
871 2748 909 2772 es
943 2745 979 2772 et
1020 2737 1204 2783 patricius
1239 2741 1305 2769 etc.
1355 2735 1474 2781 Atque
1499 2734 1550 2768 sie
1585 2732 1632 2766 ad
1651 2741 1729 2765 ma-
