1832 3112
593 564 856 614 loANle
889 563 1162 615 HENRICI
1195 564 1444 615 Lssicnn

527 674 576 736 C
619 674 676 734 O
712 675 781 734 M
825 675 893 735 M
932 675 987 735 E
1023 675 1084 736 N
1122 676 1176 734 T
1216 678 1273 735 A
1309 676 1364 735 T
1404 676 1433 735 Ι
1475 675 1535 736 O

996 806 1052 830 DS

422 882 670 932 VITA
727 883 846 931 ET
899 882 1212 933 REBUS
1270 882 1631 933 GESTIS

332 975 914 1031 CONSTANTINI
983 989 1730 1033 PORPHYROGENITI

734 1066 1046 1101 IMPERATORIS
1078 1066 1335 1101 BYZANTINI.

93 1279 160 1316 Ed.
173 1279 214 1314 L
224 1278 309 1315 *1111
317 1234 603 1310 Constantmi
634 1269 1003 1324 Porphyrogeniti,
1031 1270 1144 1309 cuius
1177 1283 1240 1309 res
1281 1283 1381 1323 pace
1409 1266 1598 1325 belloque
1634 1276 1766 1325 gestas

316 1327 493 1366 scribere
533 1340 740 1391 aggressus
781 1340 870 1364 sum
885 1355 898 1376 ,
946 1327 990 1364 in
1032 1339 1078 1364 ea
1119 1325 1202 1365 fere
1233 1331 1419 1380 tempora
1454 1334 1564 1366 aetas
1595 1326 1765 1376 incidit,

314 1381 466 1436 quibus
492 1384 650 1436 imperii
675 1411 686 1432 ‚
724 1382 886 1420 maximi
919 1381 1148 1434 quondam,
1178 1388 1218 1420 et
1246 1389 1337 1434 post
1369 1382 1539 1421 deorum
1563 1396 1660 1435 opes
1686 1395 1768 1423 am-
1816 1391 1822 1395 '

315 1437 502 1491 plissimi,
511 1445 670 1476 tantum
689 1437 835 1476 umbia
852 1436 1051 1490 quaedam
1075 1443 1115 1475 et
1135 1438 1267 1490 imago
1287 1444 1510 1490 supererat.
1544 1437 1769 1502 Postquam

317 1493 469 1532 scilicet
497 1507 545 1532 eo
571 1499 811 1546 perventum
846 1499 963 1542 e1-‚at
992 1498 1039 1530 ut
1081 1491 1360 1546 largitionibus
1400 1499 1471 1531 aut
1497 1494 1620 1532 armis
1659 1493 1771 1532 viam

318 1548 396 1588 sibi
429 1549 480 1587 ad
515 1563 684 1602 regnum
714 1547 879 1601 plurimi
912 1554 1128 1600 pararent,
1159 1547 1307 1586 scelere
1331 1555 1496 1601 partum
1524 1549 1698 1602 pessime
1729 1553 1772 1587 et

320 1603 595 1643 crudelissime
630 1618 745 1658 germ
747 1610 837 1654 ent,
866 1602 1062 1642 fluctuare
1092 1601 1350 1666 respublica,
1387 1609 1428 1642 et
1469 1617 1493 1641 a
1533 1604 1615 1643 suis
1622 1608 1773 1646 recto·

322 1659 436 1698 ribus
473 1659 664 1698 destituta
697 1661 740 1698 in
767 1658 952 1698 ultimam
988 1658 1207 1711 perniciem
1238 1657 1383 1697 adduci
1417 1659 1564 1711 coepit.
1621 1656 1773 1698 Civiles

323 1716 431 1753 enim
465 1714 689 1753 discordiae
728 1721 768 1752 et
807 1721 990 1766 potentes
1021 1726 1236 1766 procerum
1278 1712 1497 1764 factiones,
1535 1727 1630 1754 cum
1658 1722 1771 1753 sum-

323 1783 434 1808 mam
467 1777 706 1822 potestatem
739 1768 791 1807 ad
821 1783 863 1807 se
896 1782 1040 1822 iapere
1074 1768 1221 1832 singuli
1256 1767 1434 1818 vellent,
1463 1771 1600 1808 omnia
1627 1769 1774 1808 misere

326 1824 578 1863 tur-:benum
625 1831 666 1862 at
707 1823 920 1873 caedibus,
961 1831 1031 1862 aut
1069 1826 1224 1877 rapinis
1249 1853 1262 1875 ,
1305 1831 1375 1863 aut
1410 1825 1640 1874 veneficiis,
1669 1837 1774 1877 quae
1818 1844 1820 1846 v

325 1879 452 1918 lectm
454 1893 496 1917 es
531 1892 692 1932 quoque
720 1878 853 1916 taedio
884 1876 1091 1928 afficiunt,
1119 1879 1398 1929 obscuratam,
1437 1891 1529 1917 raro
1560 1878 1613 1917 ad
1649 1892 1774 1932 nepo·

324 1941 386 1973 tes
412 1933 716 1973 transtulerunt.
771 1933 836 1971 Sic
876 1932 961 1971 Leo
991 1932 1090 1971 olim
1138 1934 1338 1973 Isauricus
1353 1962 1366 1985 ‚
1407 1933 1463 1972 sic
1493 1933 1775 1987 Nicephorus,

327 1991 384 2028 sic
420 1988 595 2027 Michael
629 1987 777 2026 Balbus
795 2016 807 2037 ,
837 1989 893 2026 sic
924 1988 1093 2027 Basilius
1130 1987 1300 2027 Macedo
1317 2017 1330 2039 ,
1349 1988 1612 2030 ,Constantini
1637 2003 1738 2030 avus
1758 2018 1773 2041 ‚

329 2044 382 2083 ab
417 2043 584 2095 ignobili
621 2044 776 2096 origine
823 2042 876 2081 ad
916 2056 1149 2096 supremum
1198 2043 1401 2097 fastigium
1457 2046 1639 2097 provecti
1686 2058 1776 2084 me·-

330 2105 561 2138 morantur.
617 2099 760 2137 Virtus
794 2111 917 2151 porro
945 2105 985 2137 et
1020 2097 1148 2152 gloria
1178 2099 1455 2138 Romanorum
1500 2101 1747 2140 exercituum
1763 2127 1778 2151 ‚
1816 2140 1818 2142 ,

330 2156 464 2193 numis
497 2161 536 2192 et
568 2153 739 2207 publicis
771 2155 1042 2193 monumentis
1064 2153 1270 2207 quondam
1306 2153 1522 2206 celebrata,
1549 2154 1702 2194 desidia
1736 2161 1778 2194 et

330 2211 477 2249 inertia
503 2216 591 2247 tum
621 2207 740 2261 plane
780 2216 998 2249 evanuerat
1013 2238 1026 2259 ,
1065 2209 1265 2262 praesidia
1298 2209 1528 2262 regionibus
1557 2211 1779 2264 imposita,

332 2265 445 2304 haud
470 2263 649 2303 invalida
681 2263 751 2303 illa
785 2264 965 2316 quidem,
995 2271 1066 2303 aut
1085 2266 1250 2318 exigua,
1279 2263 1385 2303 hosti
1414 2265 1537 2304 feroci
1562 2272 1602 2304 et
1630 2264 1778 2304 callido

335 2334 422 2360 non
448 2318 726 2370 sufficiebant,
763 2333 838 2358 nec
875 2319 959 2359 ulla
995 2334 1084 2373 spes
1115 2322 1158 2358 in
1196 2318 1352 2358 auxiliis
1387 2319 1648 2359 finitimarum
1679 2334 1780 2374 gen-

335 2378 439 2416 tium
464 2381 576 2425 erat,
605 2373 698 2414 licet
726 2376 767 2413 in
795 2377 1024 2428 provincias
1053 2375 1274 2428 descriptae
1303 2374 1424 2415 urbes
1443 2375 1650 2428 praefectis
1679 2375 1780 2415 sub-

337 2433 464 2470 iectae
494 2437 638 2469 essent.
698 2430 803 2469 Hinc
833 2433 1175 2494 opportunitatem
1211 2431 1449 2469 contermini
1482 2430 1622 2485 populi
1652 2431 1778 2480 nacti,

338 2487 438 2526 fines
482 2486 594 2539 regni
641 2487 767 2539 magis
817 2499 1024 2539 magisque
1064 2487 1355 2524 imminuerunt
1385 2515 1397 2536 ‚
1434 2500 1517 2526 non
1563 2485 1782 2527 ambitione

342 2549 412 2580 aut
445 2540 710 2580 aemulatione
741 2539 921 2594 gloriae,
950 2541 1020 2580 scd
1045 2541 1154 2595 quod
1174 2541 1351 2594 angustis
1375 2542 1557 2581 terminis
1584 2543 1783 2586 immensa·

341 2596 558 2635 multitudo
572 2598 766 2636 contineri
791 2610 872 2635 non
891 2603 1064 2648 poterat,
1094 2597 1145 2635 ad
1169 2610 1280 2635 arma
1295 2597 1585 2637 commovenda
1607 2596 1779 2638 excitati.

343 2652 525 2691 Turbata
547 2653 629 2692 iam
655 2652 809 2692 dudum
838 2650 988 2706 Apulia
1017 2659 1056 2692 et
1091 2651 1278 2692 Calabria
1308 2660 1410 2706 erat,
1442 2651 1780 2703 Sicilia'nutabat,
