1878 3112
299 153 409 221 452
569 173 830 213 APPENDIX
869 173 942 214 AD
982 176 1184 215 LIBRUM
1222 177 1435 219 PRIMUM

297 273 397 322 τους
435 272 706 326 μαἰὀυμάὸας
743 274 884 315 ἐδίδου
913 281 999 324 τοῖς
1027 276 1072 317 ἐκ
1098 280 1365 334 μακροτέρων
1394 278 1528 319 τόπων
1556 278 1729 332 ἐρχομέ-

296 352 382 385 νοις
418 341 626 389 θέμασιν.
682 335 708 392 ἦ
739 340 785 379 δὲ
823 339 1065 395 προέλευσις
1102 342 1175 382 τοῦ
1214 346 1418 395 βασιλέως
1456 341 1528 384 καί
1562 343 1586 397 ἢ
1616 342 1730 392 τάξις

295 403 376 444 τῶν
415 402 635 455 ταγμάτων
663 403 735 445 καὶ
761 406 844 446 τῶν
871 406 1064 457 θεμάτων
1090 402 1142 461 ἧν
1169 405 1315 456 οὕτως.
1350 407 1626 463 περιεπάτουν
1653 407 1730 461 ἔμ-

294 470 476 522 προσθεν
516 471 590 509 τοῦ
630 471 836 522 βασιλέως
867 468 922 519 ὥς
952 469 1031 512 ἀπὸ
1060 471 1203 524 μιλιόυ
1243 475 1362 515 ἵπποι
1388 471 1491 526 μετὰ
1521 473 1730 527 ἀληθινῶν

294 534 528 587 βορκαδίων
560 532 631 575 διὰ
663 537 816 588 στίχων
847 533 946 588 δύο,
987 536 1100 588 δεξιὰ
1129 536 1200 579 καί
1228 537 1449 593 άριστερά·
1503 542 1594 590 μετ’
1624 537 1754 579 ἐκεί-5
1780 587 1783 593 1

258 609 391 646 (ἔνους
419 600 465 639 δὲ
495 599 532 640 οἱ
556 599 768 652 βασιλικοί
794 595 1007 655 ἄρχοντες·
1064 598 1151 644 εἶτα
1181 601 1221 644 οἱ
1247 603 1478 659 στράτωρες
1505 601 1606 657 μετὰ
1635 606 1730 645 σελ-

294 661 451 718 λαρι’ων
478 666 551 706 καί
577 665 602 718 ἢ
632 663 753 720 λοιπὴ
790 669 1079 722 μυστικωτέρα
1106 666 1239 718 τάξις·
1295 665 1436 710 ἔπειτα
1464 667 1485 710 ὅ
1509 667 1729 722 βασιλεύς·

293 721 468 771 ὄπισθεν
498 731 544 770 δὲ
571 728 718 772 τούτου
748 730 805 779 ὥς
834 727 914 772 άπὸ
956 730 1262 787 σαγιττοβόλων
1297 734 1424 789 τριῶν
1452 729 1591 787 ῶσπερ
1621 730 1727 773 κατὰ

157 797 404 846 Μ3.3.1)μιἀν
432 793 601 835 εὖθείαν
629 793 679 836 τά
719 796 1027 851 στρατεύματα.
1084 799 1155 839 καί
1179 800 1308 851 μέσον
1333 800 1410 851 μὲν
1437 797 1490 840 τὰ
1515 797 1726 851 τάγματα,

293 858 366 900 καί
391 859 548 901 τούτων
576 859 627 902 τὰ
658 860 885 916 τιμιώτερα
910 862 980 904 ἐπὶ
1006 861 1078 905 τὸν
1104 864 1229 916 μέσον
1257 862 1403 916 τόπον,
1431 865 1526 919 παρ’
1555 860 1781 917 ὲκάτεραιο

294 925 341 964 δὲ
369 927 451 966 τῶν
488 925 710 979 ταγμάτων
737 925 789 968 τὰ
818 929 1007 981 θέματα,
1051 928 1122 970 καί
1155 928 1311 970 τούτων
1338 930 1613 983 πλησιέστερα
1641 933 1728 975 τοῖς

292 991 477 1044 τάγμασι
503 991 552 1032 τά
583 991 821 1048 ἐνδοξότερα
848 996 928 1035 τῶν
966 993 1176 1047 θεμάτων.
1233 993 1272 1036 οἱ
1298 995 1345 1036 δὲ
1370 993 1422 1036 τά
1449 989 1632 1048 ἄπληκτοι
1659 991 1732 1033 καί

291 1053 367 1104 τὰς
396 1053 519 1105 ὁδους
547 1057 618 1111 τῆς
646 1057 849 1113 ἡμετέρας
876 1061 950 1113 γῆς
987 1062 1221 1113 κατέχοντες
1263 1061 1336 1101 καί
1371 1058 1637 1113 γινώσκοντες
1689 1056 1729 1098 οἱ

245 1120 370 1171 Βμὲν
413 1122 724 1175 προελάμβανον
757 1121 862 1175 μετὰ
898 1126 972 1177 τῆς
1011 1123 1159 1179 κόρτης
1187 1123 1259 1166 καί
1278 1127 1349 1179 τῆς
1378 1123 1632 1179 ὑπουργίας,
1685 1120 1726 1162 οἷ

293 1184 339 1224 δὲ
367 1183 601 1241 ἔμπροσθεν
639 1189 721 1228 τῶν
759 1187 948 1240 θεμάτων
984 1192 1233 1245 προέτρεχον
1267 1188 1603 1236 ’ὑποδεικνύοντες
1631 1184 1779 1235 τούςι5

298 1253 381 1294 τῶν
405 1254 599 1304 ποταμῶν
637 1250 792 1307 πόρους
831 1251 1003 1303 καὶτὰς
1042 1254 1210 1303 εὖθειάς
1247 1251 1382 1303 ὁδούς.
1435 1251 1529 1302 τοὺς
1557 1254 1603 1294 δὲ
1631 1251 1730 1307 ὁδη-

294 1316 394 1372 γούς
421 1319 516 1358 καθ’
555 1319 723 1359 ἕκαστον
750 1321 862 1370 θέμα
898 1324 1085 1372 κατεῖχεν
1113 1318 1135 1360 ὅ
1165 1319 1437 1374 ὃρουγγάριος
1463 1321 1535 1374 τῆς
1561 1321 1728 1374 βίγλης·

293 1380 485 1436 ὑπῆρχον
525 1383 571 1423 δὲ
605 1382 682 1423 ὑπ’
735 1380 848 1440 αὐτῷ
885 1385 957 1425 καὶ
995 1383 1039 1425 αἱ
1079 1385 1318 1440 παραμοναί
1358 1385 1440 1426 τῶν
1487 1385 1728 1439 στρατηγῶν

294 1444 399 1501 πρὸς
425 1444 470 1487 τὸ
499 1449 552 1487 δι’
582 1444 712 1488 αὐτοῦ
737 1447 911 1501 μηνύειν
926 1453 1012 1497 τοῖς
1030 1454 1272 1504 στρατηγοῖς
1298 1446 1348 1490 τά
1370 1448 1619 1501 κελευόμενα
1648 1448 1728 1489 αὖ·-

295 1516 396 1561 τοΐς.
451 1512 552 1566 ἡδὲ
591 1510 729 1568 πρώτη
775 1511 877 1567 δοχὴ
924 1509 1096 1555 ἑκάστου
1138 1515 1320 1566 θέματος
1355 1508 1405 1569 ἦν
1432 1509 1587 1562 οὕτως·
1642 1509 1777 1554 ἆπὸαο

298 1658 427 1698 sarias,
463 1658 540 1702 ipse
573 1658 770 1702 Imperator
807 1657 978 1704 erogabat
1007 1669 1051 1692 ex
1075 1657 1171 1691 idico
1202 1670 1263 1691 seu
1299 1659 1438 1704 privato
1467 1664 1531 1692 suo
1561 1658 1725 1703 peculio;

294 1705 489 1749 praecipue
517 1705 737 1738 maiumadas
770 1705 927 1738 militum
957 1705 1164 1750 praestabat
1195 1705 1289 1746 illis,
1323 1707 1385 1749 qui
1417 1716 1436 1738 e
1470 1703 1725 1739 remotioribus

294 1750 517 1784 thematibus
553 1755 616 1783 aut
645 1752 838 1796 provinciis
874 1752 1050 1784 venirent.
1097 1752 1279 1786 Processio
1316 1752 1542 1795 Imperatoris
1576 1756 1612 1784 et
1636 1750 1725 1784 ordo

295 1802 491 1840 tagmatum
507 1809 568 1830 seu
590 1797 790 1831 cohortium
807 1798 991 1831 custodiae
1013 1798 1102 1830 sacri
1123 1798 1282 1842 corporis
1308 1802 1344 1830 et
1363 1797 1550 1831 comitatui
1570 1798 1725 1843 deputa-

295 1848 413 1876 tarum
447 1848 483 1876 et
511 1843 710 1876 thematum
743 1856 804 1877 seu
833 1844 1015 1888 legionum
1051 1844 1326 1887 provincialium
1360 1849 1436 1877 erat
1460 1846 1498 1878 in
1518 1834 1617 1878 bunc
1644 1855 1725 1877 mo-

300 1890 398 1924 dum.
446 1890 553 1922 Primi
589 1902 706 1924 coram
739 1892 956 1934 Imperatore
991 1890 1238 1935 procedebant
1266 1890 1312 1923 ad
1338 1891 1489 1924 miliat-is
1516 1890 1725 1924 distantiam

300 1938 402 1981 equi,
428 1937 592 1980 stragulis
613 1938 704 1970 veris
722 1949 784 1970 seu
811 1938 1000 1982 purpureis
1022 1937 1127 1977 tecti,
1161 1948 1226 1982 per
1253 1938 1362 1981 paria.
1412 1938 1494 1970 Post
1517 1948 1577 1970 eos
1597 1937 1726 1969 venie-

298 1982 387 2015 bant
418 1994 581 2027 proceres
612 1985 882 2026 comitatense33
919 1988 995 2015 tum
1025 1988 1191 2016 stratores
1232 1994 1311 2016 cum
1341 1983 1493 2016 sellariis
1525 1994 1586 2016 seu
1621 1982 1753 2026 equis·

296 2029 433 2061 sellatis
465 2034 500 2061 ct
544 2029 702 2074 reliquus
721 2031 875 2062 Domino
896 2029 1107 2062 familiarior
1125 2028 1223 2062 ordo.
1273 2029 1433 2062 Tandem
1460 2029 1536 2073 ipse
1563 2029 1726 2072 Impera-

297 2079 363 2108 tor.
413 2075 495 2108 Post
527 2086 607 2106 eum
638 2075 683 2108 ad
708 2078 857 2119 sagittae
883 2080 953 2107 tres
985 2077 1097 2108 iactus
1123 2076 1226 2119 quasi
1246 2076 1283 2107 in
1306 2087 1412 2107 unam
1435 2080 1566 2108 rectam
1589 2075 1724 2107 lineam

297 2119 494 2164 dispositae
529 2120 632 2154 ibant
658 2122 830 2154 militares
865 2123 999 2165 copiae.
1053 2122 1095 2152 In
1133 2121 1252 2153 medio
1277 2120 1380 2153 ibant
1410 2126 1584 2166 tagmata;
1618 2125 1654 2154 et
1683 2121 1723 2153 in

298 2167 376 2210 ipso
408 2167 548 2199 mediae
587 2167 677 2200 aciei
702 2168 907 2200 meditullio
939 2167 1143 2200 honestiora
1175 2172 1352 2210 tagmata·;
1384 2167 1576 2210 cingebant
1603 2171 1726 2200 autem

288 2224 358 2245 -eos
388 2212 568 2253 themata,
601 2218 701 2248 tanto
727 2224 892 2258 quaeque
923 2225 941 2245 a
974 2213 1191 2258 tagmatibus
1216 2214 1406 2258 propiora,
1439 2218 1574 2258 quanto
1605 2218 1725 2246 essent
1876 2239 1878 2250 2

296 2258 517 2295 honestiora,
563 2260 792 2305 Eorum‚-qui
820 2261 1021 2293 mansiones
1049 2265 1241 2292 castrenses
1268 2264 1304 2292 et
1327 2261 1401 2294 vias
1428 2271 1492 2304 per
1520 2265 1630 2293 terras
1655 2271 1723 2293 no·
1875 2263 1878 2286 ἒ

299 2310 393 2338 strae
420 2305 569 2338 ditionis
593 2306 816 2349 occupabant
838 2311 874 2339 et
896 2306 1094 2346 callebant,
1132 2318 1212 2350 pars
1239 2306 1404 2350 praeibat
1425 2314 1507 2339 cum
1529 2312 1627 2340 corte
1659 2318 1723 2338 seu
1873 2302 1878 2313 ⁵

298 2352 456 2386 tentorio
492 2357 640 2396 augusto
670 2357 708 2385 et
747 2364 827 2386 cum
864 2353 1042 2385 famulitio
1073 2353 1214 2386 culinae
1243 2352 1466 2394 dominicae3
1497 2364 1576 2397 pars
1603 2357 1725 2385 autem

301 2398 556 2442 praecurrebat
592 2409 710 2432 coram
737 2398 981 2439 thematibus,
1017 2399 1261 2432 demonstrans
1292 2399 1378 2443 ipsis
1414 2398 1502 2432 vada
1536 2399 1724 2432 fluviorum

299 2446 448 2489 viasque
475 2450 587 2478 rectas
603 2451 639 2478 et
661 2445 924 2478 consectandas.
971 2446 1060 2479 Viae
1079 2445 1242 2480 ductores
1264 2446 1303 2478 in
1325 2456 1544 2491 unoquoque
1565 2445 1724 2478 themate

299 2502 363 2524 seu
390 2491 554 2524 districtu
580 2490 728 2525 tenebat
754 2504 873 2525 secum
909 2491 1117 2536 drungarius
1148 2492 1316 2537 vigiliae3
1350 2492 1414 2525 sub
1442 2491 1542 2525 cuius
1567 2491 1725 2535 disposi-

300 2538 402 2571 tione
429 2538 538 2571 etiam
568 2537 733 2583 deputati
763 2538 963 2572 identidem
996 2538 1173 2572 obeundis
1209 2538 1247 2571 in
1281 2538 1460 2583 praetorio
1490 2537 1723 2571 excubiarum

298 2583 438 2616 vicibus
458 2584 615 2628 magistri
639 2585 795 2617 militum
815 2591 934 2626 crant,
960 2585 1069 2630 idque
1094 2585 1195 2626 ideo,
1231 2586 1315 2628 quia
1335 2585 1531 2629 Imperator
1551 2583 1637 2628 ipsis
1659 2594 1730 2628 per.

301 2629 533 2673 drungariuln
555 2631 700 2676 vigiliae
720 2631 870 2676 imperia
893 2643 955 2664 sua
978 2633 1176 2677 significare
1201 2631 1303 2665 solet.
1352 2631 1389 2664 Si
1408 2630 1505 2675 quod
1527 2632 1724 2674 Imperato-

301 2687 376 2708 rem
405 2677 524 2710 thcma
556 2689 618 2710 seu
647 2677 741 2721 legio
765 2679 993 2723 provincialis
1022 2691 1085 2723 pro
1112 2679 1224 2722 prima
1257 2679 1333 2711 vice
1362 2678 1555 2718 salutaret,
1587 2675 1724 2708 fiebant

300 2720 398 2756 haee.
447 2723 502 2756 Ad
533 2723 603 2758 duo
636 2730 750 2761 tresve
777 2726 925 2770 sagittae
946 2726 1058 2759 iactus
1085 2725 1242 2759 distabat
1263 2723 1356 2758 illud
1375 2723 1515 2765 thema,
1547 2722 1585 2757 in
1609 2721 1721 2755 aciem
