1884 3112
262 99 373 165 214
531 117 891 159 CONSTANTlNl
935 116 1424 159 PORPHYROGEMTI

256 217 461 276 τρικλίιτιι),
491 218 528 259 οἱ
554 218 785 274 σπαθάριοι
808 216 910 271 μετὰ
932 219 1152 272 διστράλια
1180 218 1464 274 ὄψικεύουσιν,
1492 219 1539 263 τὸ
1560 222 1606 263 δὲ
1629 218 1705 279 ἅρ-

255 302 318 339 μα
349 282 422 326 οὗκ
452 285 682 326 ἀκολουθεῖ
687 301 698 311 ·
754 285 794 326 εἰ
817 285 864 326 δὲ
896 286 967 326 ἐπι1
994 287 1076 327 τῶν
1103 285 1159 328 ιθ’
1191 287 1452 340 οἷκουβίτων,
1501 287 1579 330 οὔκ
1608 286 1707 342 ὄψι-ι

255 349 448 392 κεύουσιν
488 349 527 391 οἱ
552 349 787 405 σπαθάριοι
818 348 870 391 τὸ,
894 349 1086 394 σύνολον.
1142 351 1187 394 αἱ
1215 354 1263 395 δὲ
1287 353 1581 409 συγκλητικαί,
1626 350 1705 410 εἶφ’

254 411 305 458 οὗ
331 412 556 473 εἰσέλθῃῆ
587 415 799 469 αὖγούστα
829 411 914 458 ἀπὸ
945 418 1019 458 τοῦ
1045 418 1339 473 τριβουναλίου
1365 420 1426 470 εἰς
1450 419 1522 462 τὸν
1548 420 1704 475 αὔγου-

250 485 374 536 στέα,
413 480 671 538 εἰσέρχονται
697 481 771 524 καί
796 482 841 524 αἱ
871 488 1063 537 γυναῖκες
1097 482 1169 526 διὰ
1197 486 1276 526 τοῦ
1303 488 1511 542 τρικλίνου
1536 488 1621 529 τῶν
1647 486 1730 534 ιθ’5

53 562 117 596 Ed.
129 561 166 594 L.
186 546 484 602 ι26ἆκουβίτων
514 546 586 589 διὰ
615 550 687 603 τῆς
717 548 883 591 εἰσόδου
906 551 983 592 τοῦ
1003 551 1223 604 βασιλικοῦ
1251 550 1502 606 οἷκουβίτου,
1546 554 1620 594 καί
1651 552 1705 594 οἷ·-

247 617 475 670 πέρχονται
501 615 561 664 εἷς
588 611 660 656 τὸν
689 613 873 671 πόρτηκα
906 617 986 657 τοῦ
1014 613 1290 671 αὖγουστέως,
1311 615 1417 659 ἔνθα
1443 618 1652 674 κρέμαται
1677 617 1704 674 ἦ

247 681 431 736 κορτίνα.
488 682 562 723 καί
585 676 652 723 ὅτε
685 682 838 740 διέλθῃ
863 680 910 725 τὸ
942 681 1201 739 στεφάνωμα
1227 685 1286 732 εἷς
1311 681 1388 738 τὴν
1415 685 1581 741 χρυσῆν
1611 690 1704 738 χεῖ-

247 764 327 803 ρα,
360 748 627 804 εἰσέρχονται
655 745 701 790 αἱ
727 749 946 805 πατρίκιαι
972 747 1047 790 καί
1076 747 1123 791 αἱ
1150 751 1295 791 λοιπαί
1320 743 1495 792 ὄπισθεν
1520 751 1595 806 τῆς
1620 750 1703 792 αὖ·

245 810 426 869 γούστης
450 816 580 870 μέχρι
610 815 684 871 τῆς
709 815 924 872 γεφύρας,
953 814 1027 856 καὶ
1050 813 1095 857 αἱ
1114 819 1471 872 κλητωρευθεῖσαι
1493 812 1756 872 οἷπέρχον-ιο

245 896 319 922 ται
349 879 422 922 ἐπὶ
443 879 515 923 τὸν
541 880 715 936 κοχλιοὶν
738 883 814 938 τῆς
843 881 963 937 ἁγίας
993 882 1234 938 Χριστίνης,
1263 884 1336 924 καί
1357 880 1405 924 αἱ
1429 883 1576 924 λοιπαί
1594 879 1700 924 οἷνα-

244 947 473 1004 χωροῧσιν.
529 946 613 1004 χρὴ
649 950 695 990 δὲ
722 949 892 1002 εἰδέναι,
923 946 991 991 ὅτι
1019 946 1067 991 οὗ
1094 951 1299 1006 φοροῦσιν
1325 948 1371 991 αῖ
1394 949 1615 1005 πατρίκιαι
1640 949 1701 999 εἰς

244 1012 292 1056 τὸ
338 1015 600 1070 στεφάνωμα
642 1017 718 1070 τῆς
759 1015 998 1071 αὕγούστης
1041 1014 1328 1072 προπόλωμα.
1383 1012 1466 1071 χρὴ
1507 1015 1555 1056 δὲ
1577 1013 1701 1070 γινώ-

215 1093 229 1106 “
244 1096 370 1134 σκειν,
397 1078 461 1123 ὅτι
486 1080 618 1137 ὁρίζει
639 1080 661 1123 ὅ
692 1082 892 1136 βασιλεῦς
923 1084 969 1124 ἐκ
993 1080 1068 1131 τὰς
1092 1084 1327 1137 πατρικίοις,
1351 1083 1444 1130 οἵας
1471 1081 1600 1134 θέλει,
1629 1081 1700 1123 ἴνα

244 1148 492 1190 εἰσέλθωσιν
525 1150 585 1199 εἰς
615 1146 682 1191 τὸν
716 1145 951 1203 αὖγουστέα
982 1147 1052 1190 διὰ
1083 1151 1160 1190 τοῦ
1189 1146 1450 1201 ὄκταγώνου,
1482 1148 1555 1188 καί
1577 1146 1754 1198 ἴδωσιιό

244 1210 292 1255 τὸ
317 1215 524 1268 στέψιμον
557 1218 631 1270 τῆς
657 1213 913 1271 αὖγούστης.
969 1212 1125 1268 ὁμοίως
1162 1216 1236 1257 καί
1275 1217 1334 1263 εἰς
1363 1211 1410 1255 τὸ
1440 1207 1699 1270 στεφάνωμα

203 1280 376 1336 Βὸρίζει
406 1280 427 1322 ὁ
458 1279 680 1335 βασιλεῦς,
721 1282 790 1323 ἵνα
818 1283 986 1339 εἰσέλθῃ
1021 1280 1043 1322 ὅ
1068 1281 1372 1337 παράνυμφος,
1412 1278 1486 1321 καί
1506 1279 1699 1334 πατρικί-

246 1363 331 1400 ους,
368 1343 442 1396 οὓς
464 1347 637 1401 κελεύει,
673 1350 746 1390 καί
765 1345 833 1390 ὅτε
863 1349 1066 1405 πληρωθῇ
1086 1346 1131 1389 τὸ
1153 1345 1421 1403 στεφάνωμα,
1454 1346 1697 1401 ἐξέρχονται

245 1412 284 1455 οἱ
313 1413 440 1455 αὐτοὶ
466 1413 681 1470 πατρίκιοι
705 1413 780 1456 καί
801 1416 997 1457 ἵστανται
1029 1416 1088 1463 εἰς
1114 1413 1211 1464 τούς
1243 1414 1396 1462 τόπους
1425 1413 1565 1454 αὐτῶν
1591 1409 1694 1464 μετὰ

244 1482 319 1522 καί
345 1478 442 1530 τούς
466 1479 636 1531 λοιπούς
663 1482 925 1537 πατρικίους.
994 1483 1104 1538 (Ζ.)
1152 1480 1250 1536 Χρὴ
1276 1482 1322 1522 δὲ
1351 1477 1584 1534 γινώσκειν,
1629 1475 1750 1527 ὅτιῃο

242 1547 293 1602 τῇ
322 1548 436 1605 τρίτῃ
466 1551 544 1589 τοῦ
577 1550 775 1603 λουτροῦ,
832 1543 945 1596 ὅπως
976 1543 1132 1604 ὀφείλει
1160 1549 1357 1602 γενέσθαι
1391 1545 1416 1601 ἦ
1453 1542 1696 1596 ἀκολουθία,

71 1625 205 1673 Μ3,97,
220 1614 415 1660 αἳσταται
442 1611 489 1655 τὸ
514 1616 642 1669 μέρος
662 1615 746 1655 τῶν
763 1617 953 1656 Βενέτων
979 1615 1039 1663 εἷς
1059 1613 1134 1655 τὸν
1167 1611 1302 1664 δεξιὸν
1322 1610 1496 1666 ἔμβολον
1520 1611 1593 1666 τῆς
1611 1627 1695 1662 μα-

242 1677 485 1737 ναύρας,,ὅς
514 1682 630 1723 ἐστιν
651 1678 677 1737 ἦ
699 1680 808 1737 πύλη
833 1682 908 1723 τοῦ
933 1677 1207 1736 αὖγουστέως,
1243 1677 1294 1721 τὰ
1323 1677 1398 1721 ἴσα
1427 1679 1502 1720 τοῦ
1531 1675 1694 1726 πίνσου,

337 1795 368 1817 2.
395 1783 470 1816 τῶν
496 1781 532 1816 θ’
555 1782 610 1815 ed.
757 1783 808 1827 ¹4·
834 1784 899 1816 Pro
919 1780 998 1823 ὅτι,
1024 1781 1124 1827 quod
1149 1783 1186 1814 R.
1207 1780 1380 1820 inseruit,
1409 1779 1485 1812 cod.
1510 1783 1547 1811 et
1564 1778 1619 1810 ed.
1649 1788 1692 1810 cx

333 1829 638 1874 praecedentibus
662 1840 853 1875 perperam
868 1834 1055 1874 repetunt:
1080 1830 1133 1866 εἰς
1149 1828 1190 1862 τὸ
1207 1827 1403 1873 φοροῦσιν
1423 1827 1464 1859 αἱ
1484 1837 1554 1859 παι
1563 1827 1691 1871 ρίκιαι.

336 1878 390 1912 23.
418 1878 483 1910 Pro
511 1875 554 1915 ὅς
578 1876 655 1909 cod.
687 1878 756 1919 ὥς,
782 1876 878 1910 unde
901 1879 938 1910 R.
957 1877 1050 1909 coni.
1076 1875 1125 1912 ὦς
1149 1875 1186 1913 ἐς
1205 1868 1274 1917 τῆν
1290 1873 1423 1916 πύλην.

246 1971 442 2016 spatharios
473 1972 649 2007 dextralia
677 1974 846 2008 manibus
874 1974 1030 2007 ferentes
1056 1973 1234 2013 comitari,
1260 1983 1357 2005 arma
1382 1982 1466 2005 vero
1490 1981 1564 2004 non
1587 1969 1691 2014 sequi

247 2020 379 2054 solere:
432 2022 461 2054 si
486 2032 569 2054 vero
597 2021 642 2054 ad
672 2022 749 2055 xlx
776 2020 961 2054 accubitus
987 2020 1115 2060 abeat,
1153 2018 1351 2063 spatharios
1379 2029 1457 2051 eam
1485 2018 1592 2062 plane
1617 2027 1691 2049 non

248 2067 420 2104 comitari,
469 2067 572 2112 Quae
596 2073 786 2114 postquam
814 2080 831 2100 a
857 2067 1034 2100 tribunali
1058 2068 1097 2099 in
1123 2072 1330 2110 augusteum
1358 2065 1511 2109 ingressa
1537 2068 1607 2103 est,
1632 2073 1691 2095 se-

247 2118 410 2146 natorum
441 2126 569 2147 uxores
607 2126 669 2159 per
702 2115 902 2147 triclinium
936 2114 1015 2147 XIX
1051 2113 1281 2146 accubituum
1311 2123 1374 2156 per
1398 2112 1587 2144 introitum
1622 2109 1692 2142 im·-

245 2161 419 2204 peratorii
456 2159 644 2195 acc‘ubitus
679 2162 840 2200 intrant,
879 2165 916 2193 et
951 2160 997 2193 ad
1034 2160 1213 2204 porticum
1239 2158 1422 2203 augustei,
1459 2157 1523 2191 ubi
1551 2157 1690 2190 cortina

248 2217 417 2252 suspensa
446 2214 522 2248 est,
546 2208 691 2242 abeunt.
741 2208 831 2241 Cum
859 2207 1044 2240 coronatio
1081 2207 1118 2238 in
1143 2217 1251 2239 aurea
1281 2210 1388 2237 manu
1414 2209 1492 2237 acta
1516 2210 1590 2244 est,
1624 2214 1690 2248 pa-

247 2254 374 2286 triciae
398 2266 437 2288 ac
462 2261 602 2289 ceterae
626 2260 709 2300 post
734 2255 846 2299 ipsam
876 2265 990 2299 usque
1015 2251 1061 2286 ad
1085 2259 1232 2298 pontem
1249 2277 1258 2292 ‚
1283 2252 1328 2285 ad
1353 2252 1554 2285 convivium
1579 2261 1687 2287 voca-

246 2306 306 2333 tae
345 2312 456 2347 usque
494 2302 539 2335 ad
585 2301 770 2336 cochleam
808 2301 841 2333 S.
874 2300 1078 2334 Christinae
1102 2299 1260 2338 abeunt,
1284 2299 1448 2344 reliquae
1480 2296 1685 2334 discedunt.

246 2346 453 2381 Notandum
477 2361 621 2396 quoque
648 2354 714 2389 est,
739 2349 909 2393 patricias
935 2348 974 2380 in
999 2347 1232 2380 coronatione
1257 2345 1437 2390 Augustae
1463 2345 1688 2390 propoloma,

247 2393 360 2439 (quod
385 2394 509 2439 capitis
534 2401 781 2442 tegumentum
811 2395 902 2436 est‚)
925 2406 999 2427 non
1024 2399 1172 2438 gestare.
1229 2394 1335 2426 Porro
1362 2392 1564 2438 Imperator
1588 2389 1688 2424 ordi-

246 2442 364 2474 uarias
387 2443 552 2486 patricias
567 2469 578 2484 ‚
611 2453 699 2488 quas
723 2442 819 2483 vult,
857 2441 986 2486 deligit
1002 2467 1010 2481 ‚
1035 2446 1098 2480 ut,
1124 2443 1162 2473 in
1187 2446 1398 2486 augusteum
1426 2451 1490 2484 per
1513 2443 1687 2482 octangu-

246 2487 321 2520 lum
346 2488 536 2534 ingressae,
563 2490 742 2535 Augustae
768 2490 1039 2523 coronationem
1063 2487 1221 2521 videant.
1249 2487 1308 2520 Sic
1334 2487 1445 2520 etiam
1474 2485 1519 2519 ad
1543 2485 1687 2529 nuptias

247 2534 409 2576 ordinat,
445 2542 486 2569 ut
518 2536 778 2582 paranymphus
813 2541 849 2570 et
884 2535 1056 2580 patricii,
1081 2545 1316 2580 quoscunque
1352 2534 1452 2575 vult,
1485 2531 1658 2565 accedant
1677 2555 1687 2571 ‚

246 2583 309 2625 qui
324 2607 332 2619 ,
357 2583 508 2626 peractis
532 2585 690 2628 nuptiis,
715 2595 833 2616 rursus
859 2581 1091 2628 egrediuntur
1118 2586 1155 2614 et
1175 2591 1254 2615 cum
1279 2581 1430 2627 reliquis
1453 2579 1493 2613 in
1517 2578 1590 2612 suis
1615 2582 1688 2611 sta·

243 2628 408 2662 tionibus
433 2631 646 2668 consistunt,
693 2629 800 2676 (Vn.)
825 2630 893 2663 Die
920 2629 1026 2663 tertia
1049 2628 1195 2668 lavacri,
1220 2628 1362 2673 quando
1382 2625 1578 2661 cerimonia
1601 2636 1686 2669 per*

245 2676 299 2717 agi
339 2675 470 2715 debet,
504 2676 613 2711 factio
635 2678 775 2711 Veneta
799 2677 837 2710 in
873 2675 997 2710 dextra
1024 2676 1165 2720 porticu
1193 2685 1428 2719 magnaurae,
1466 2682 1559 2719 quae
1584 2674 1687 2715 porta

246 2724 412 2767 augustei
445 2729 519 2767 est,
551 2725 590 2759 in
623 2725 766 2759 modum
800 2724 896 2770 pilae
925 2723 1093 2764 maioris,
1131 2722 1270 2758 Prasiai
1301 2722 1340 2755 in
1364 2721 1532 2767 opposito
1571 2719 1685 2752 latere
