1884 3112
280 107 300 143 1
315 86 386 155 54
543 105 902 149 οοΝεΤΑΝΤιΝι
945 105 1431 148 PORPHYROGENJTI

270 210 404 251 ἐκεῖσε
427 207 509 250 ὑπὸ
542 209 832 264 σιλεντιαρίων
859 208 937 256 ἓως
965 207 1100 251 κάτω.
1158 208 1182 250 ὅ
1225 210 1271 251 δὲ
1297 207 1501 265 βασιλευς
1536 209 1711 262 ‹rsuram-

269 291 342 317 ται
369 274 476 328 μετὰ
501 277 646 329 ταῦτα,
675 274 732 322 ὡς
759 276 798 315 δ”
826 270 878 315 ἂν
903 271 1050 331 κελεύῃ
1080 277 1154 318 καί
1175 274 1390 331 βούληται.
1448 276 1551 332 (Z.)
1586 275 1715 316 Ἰστέ-

271 356 328 395 ον,
361 344 428 384 ὅτι
453 343 493 382 εἰ
511 342 589 394 μὲν
612 341 666 380 ου’
689 337 850 381 κελεύει
873 339 896 381 ὁ
916 339 1116 394 βασιλεύς
1148 345 1322 397 ποιῆσαι
1360 339 1437 396 τὴν
1465 342 1711 397 προέλευσιν

271 407 353 450 α’πὸ
383 410 460 450 τοῦ
479 402 565 448 ἄνω
586 409 806 461 παλατίου,
837 401 965 462 ἤγουν
983 406 1064 448 α’πὸ
1096 406 1170 450 τὸν
1198 406 1530 450 Ἀναστασιακὸν
1552 408 1710 462 τρίκλι-

90 485 253 532 Ed.L.91
269 490 360 528 νον,
397 478 577 515 τελεῖται
609 471 761 522 οὕτως.
819 471 1001 524 ἐξελθών
1026 473 1048 515 ὅ
1071 472 1272 528 βασιλεὺς
1305 471 1387 523 dud
1413 476 1488 515 τοῦ
1518 474 1738 520 κοιτῶνοςὸ

271 544 346 595 τῆς
378 539 498 594 ἁγίας
519 540 650 595 σοροῦ
684 540 962 594 η’λλαγμένος,
1020 541 1192 582 ἵσταται
1223 541 1268 583 ἐν
1298 542 1357 598 τῷ
1381 541 1456 596 τῆς
1491 540 1613 594 ἁγίας
1640 553 1714 580 σο-

273 608 354 663 ροῦ
373 606 583 663 τρικλήπιιι,
619 604 723 648 ἔνθα
750 604 801 648 τοὶ
827 609 938 662 βῆλα
961 607 1210 662 κρέμανται,
1244 602 1436 648 ἑστώτων
1456 606 1530 648 καί
1556 603 1712 661 ιῖρχόν·

271 689 356 715 των
380 674 458 714 τοῦ
483 672 800 726 κουβουκλείου,
838 672 913 715 καί
927 666 1103 715 ὄπισθεν
1129 673 1262 714 αὐτοῦ
1282 674 1468 715 ἵστανται
1493 675 1715 727 ona-90:90-

271 737 612 795 κουβικουλάριοι
641 737 716 780 καί
751 737 1111 796 κουβικουλάριοι,
1143 741 1218 782 καὶ
1254 730 1422 794 δέχεται
1457 739 1590 782 ἐκεῖσε
1617 736 1716 788 τούς

271 823 316 849 τε
339 808 585 862 πατρικίους
609 808 684 847 καί
703 805 980 862 στρατηγούς,
1013 806 1087 848 καί
1105 804 1464 862 προσκυνήσαντες
1492 803 1565 847 τὸν
1589 807 1768 858 βασι-10

271 875 371 927 λεά,
405 874 668 926 α’νίστανται,
703 872 845 927 λαβών
875 875 922 916 δὲ
954 878 1089 927 νεῦμα
1122 873 1144 915 ὁ
1182 869 1459 930 πραιπόσιτος
1493 869 1610 927 παρὰ
1639 873 1716 914 τοῦ

271 941 493 995 βασιλέως,
524 940 633 994 λέγει
662 937 965 993 „nificare-'³
1019 941 1142 982 αότοί
1164 940 1211 982 δὲ
1239 938 1286 982 τὸ
1317 939 1406 993 ,,εἷς
1434 936 1614 988 πολλοὺς
1645 937 1721 979 καὶ

274 1002 514 1061 ιίγαθούς.”
569 1004 592 1048 ὅ
621 1007 666 1047 δὲ
686 1004 887 1060 βασιλευς
913 1002 1232 1063 δηριγευόμενος
1257 1004 1332 1047 ὑπ’
1353 1006 1513 1058 αΰτῶν,
1553 1005 1720 1059 διέρχε-

272 1088 344 1114 ται
374 1070 446 1113 διὰ
471 1074 554 1114 τῶν
589 1073 817 1126 βαθμίδων
848 1074 931 1114 τῶν
963 1074 1278 1127 κατερχομένων
1313 1071 1396 1114 α’πὸ
1432 1069 1479 1115 τὸ
1509 1067 1719 1126 βανιάρινι

274 1137 349 1180 καὶ
369 1137 512 1180 ,ἐλθών
538 1141 598 1188 εἰς
620 1137 672 1181 τὰ
698 1136 846 1195 βάθρα
870 1141 944 1194 τῆς
972 1136 1083 1180 κάτω
1106 1135 1405 1194 προελεύσεως,
1445 1135 1550 1179 ἔνθα
1565 1168 1578 1190 ,
1615 1132 1773 1192 noo-15

277 1207 424 1248 κε’νσου
454 1207 671 1260 γινομένου
702 1206 747 1248 ἐν
770 1212 856 1255 τοῖς
883 1206 1031 1260 ἐκεῖσε,
1062 1206 1228 1247 ἵσταται
1251 1205 1277 1261 ἦ
1303 1205 1564 1261 προέλευσις,
1603 1203 1722 1245 ἵστα-

241 1283 348 1318 Βται
377 1271 400 1313 ὁ·
423 1270 649 1327 βασιλευς,
681 1272 720 1313 οἱ
744 1273 791 1314 δὲ
809 1273 1021 1328 πατρίκιοι
1051 1267 1271 1321 ἑνωθέντες
1288 1273 1340 1328 τῇ
1367 1266 1580 1327 συγκλήτῳ
1610 1266 1723 1310 ἁπά-

278 1355 353 1397 σῃ,
402 1340 602 1380 πίπτουσι
636 1336 763 1380 πάλιν
797 1342 887 1391 μετ’
920 1338 1081 1392 αὐτῶν,
1129 1337 1152 1379 ὅ
1188 1339 1236 1379 δὲ
1266 1333 1541 1393 πραιπόσιτος
1574 1335 1727 1376 δίδωσι.

277 1407 414 1459 νεῦμα
438 1407 496 1463 τῷ
519 1408 593 1460 τῆς
625 1403 937 1459 καταστάσεως,
971 1405 1045 1446 καί
1066 1406 1176 1460 λέγει
1202 1402 1491 1458 „nimiumve”
1548 1402 1725 1456 ἀποκρι-

279 1472 422 1521 θέντες
449 1473 496 1514 δὲ
519 1468 697 1521 ἅπαντες
721 1475 910 1526 λέγουσιν
938 1472 1027 1526 ,,εἷς
1053 1470 1232 1520 πολλοὺς
1253 1467 1482 1527 χρόνους·”
1528 1466 1550 1510 ὅ
1583 1468 1630 1510 δὲ
1649 1469 1778 1522 τῆςαο

280 1535 575 1588 καταστάσεως
589 1537 693 1580 κατὰ
718 1538 881 1594 βάθρον
898 1540 1009 1594 λέγει
1031 1535 1240 1592 ,,καπλάτε
1261 1533 1472 1592 Λόμηνι·”
1512 1535 1726 1577 ἐκτελοῦσι

283 1605 332 1648 δὲ
355 1603 439 1646 ἀπὸ
463 1606 547 1647 τῶν
567 1606 700 1647 ἐκεῖσε
722 1604 799 1660 τήν
825 1602 996 1648 ἅπασαν
1015 1602 1132 1658 τάξιν
1157 1606 1232 1659 τῆς
1255 1599 1564 1660 προελεύσεως,
1595 1599 1654 1650 ὥς
1673 1599 1726 1642 α’-

283 1673 448 1727 νωτέρω
469 1669 709 1728 εἰρήκαμεν.

379 1796 410 1844 4.
434 1796 511 1830 τῶν
532 1794 843 1832 ’Λναστασιακῶν
872 1796 1076 1842 τρικλίνων
1104 1795 1160 1829 ed.
1258 1794 1309 1839 14.
1340 1785 1381 1827 τό
1420 1790 1624 1840 βανιᾶριον
1649 1790 1726 1833 ed..

378 1846 448 1882 τοῦ
470 1845 663 1891 Φαναρίου
689 1844 782 1878 coni.
799 1842 921 1877 Lcich.
1024 1844 1078 1879 23.
1104 1841 1386 1891 προειρήκαμεν
1409 1838 1465 1874 ed.

289 1969 390 2015 cupit
422 1973 460 2002 et
482 1969 607 2010 lubet,
641 1968 694 2003 ibi
730 1973 930 2014 permanet.
988 1968 1096 2015 (VII.)
1135 1966 1329 2002 Sciendum
1368 1969 1442 2005 est,
1474 1964 1505 1996 si
1529 1964 1741 2007 Imperator—

287 2016 556 2062 processionem
588 2027 607 2049 c
642 2017 819 2061 superiori
852 2014 991 2061 palatio
1024 2026 1087 2048 seu
1122 2014 1283 2047 triclinio
1317 2011 1552 2046 Anastasiano
1585 2008 1732 2041 institui

289 2074 365 2097 non
389 2063 535 2106 iubeat,
567 2062 633 2096 hos
660 2063 750 2096 ritus
785 2062 981 2099 observari,
1028 2063 1228 2107 Imperator
1259 2071 1280 2092 a
1305 2058 1476 2092 cubiculo
1503 2057 1540 2090 S.
1564 2054 1729 2100 Sepulcri

291 2111 331 2143 in
355 2112 560 2144 mutatoriis
587 2121 769 2155 egressus,
794 2111 834 2142 in
857 2109 1032 2149 triclinio,
1057 2108 1158 2155 quod
1181 2107 1234 2140 ibi
1260 2111 1325 2147 est,
1350 2103 1535 2145 subsistit,
1560 2102 1626 2136 ubi
1649 2101 1731 2135 vela

293 2169 467 2203 suspensa
493 2163 600 2199 sunt,
626 2162 663 2190 et
686 2157 861 2202 praefecti
885 2156 1054 2189 cubiculo
1080 2161 1117 2188 et
1139 2165 1235 2200 pone
1260 2156 1516 2198 Imperatorem
1542 2148 1731 2196 spatharo-

294 2204 510 2240 cubicularii
529 2211 566 2239 et
584 2204 800 2238 cubicularii
813 2209 928 2236 stant:
948 2203 1002 2235 ibi
1026 2203 1197 2248 patricios
1222 2205 1260 2234 et
1283 2205 1455 2244 strategos
1482 2198 1629 2243 excipit,
1654 2196 1746 2242 qui‚.

291 2254 514 2298 Imperatore
534 2253 696 2294 adorato,
713 2257 876 2296 surgunt,
888 2251 1117 2296 praepositus
1134 2260 1233 2290 vero,
1254 2248 1355 2292 signo
1369 2245 1415 2278 ab
1431 2247 1652 2291 Imperatore
1673 2254 1733 2275 ac-

295 2305 414 2345 cepto,
438 2301 500 2334 ait:
525 2301 668 2343 Iubete3
694 2300 827 2332 ceteri:
856 2299 899 2332 ln
915 2298 1030 2332 multa
1044 2298 1211 2344 bonaque
1231 2306 1403 2341 tempora.
1429 2292 1483 2326 Ab
1502 2292 1558 2325 his
1578 2292 1733 2336 stipatus

295 2348 510 2392 Imperator,
533 2359 598 2394 per
623 2346 752 2392 gradus
778 2358 798 2378 a
823 2345 1014 2378 banniario
1034 2344 1205 2377 ducentes
1240 2340 1439 2382 descendit,
1465 2345 1503 2372 et
1537 2344 1732 2385 postquam

296 2394 344 2433 ad
360 2395 490 2439 gradus
508 2395 691 2428 inferioris
707 2393 946 2440 processionis
965 2392 1125 2432 accessit,
1150 2390 1215 2424 ubi
1240 2391 1303 2438 qui
1313 2387 1517 2434 processuri
1533 2391 1628 2425 sunt,
1647 2394 1734 2417 con-

298 2442 475 2484 veniunt,
507 2442 691 2484 subsistit,
720 2441 866 2486 patricii
898 2451 979 2472 cum
1004 2444 1130 2477 senatu
1156 2437 1340 2470 coniuncti
1366 2436 1516 2475 adsunt,
1546 2430 1735 2483 praeposit

297 2493 357 2523 tus
380 2499 487 2529 vero,
518 2490 620 2535 signo
645 2489 921 2522 cerimoniarum
945 2486 1114 2532 magistro
1140 2484 1224 2517 dato
1239 2510 1248 2526 ‚
1271 2484 1394 2519 Iubete
1419 2483 1490 2524 ait;
1516 2481 1575 2514 cui
1599 2479 1736 2523 reliqui

299 2547 443 2572 omnes:
467 2537 514 2571 1η
535 2537 650 2584 longa
673 2537 840 2583 bonaque
865 2543 1028 2581 tempora
1051 2532 1280 2577 respondent.
1314 2532 1495 2565 Postremo
1520 2525 1750 2561 cerimonia--

299 2584 375 2618 rius
401 2583 447 2617 ad
471 2583 600 2629 gradus
626 2584 855 2624 constitutus,
879 2583 951 2615 ait:
977 2581 1130 2632 Caplate
1155 2579 1330 2620 Domini,
1363 2583 1402 2612 et
1431 2577 1486 2612 sio
1513 2575 1560 2610 ab
1585 2584 1629 2611 eo
1653 2573 1734 2610 100⁰

301 2631 487 2674 solennem
510 2631 802 2684 processionem,
825 2634 867 2669 ut
891 2629 1047 2669 diximus
1061 2652 1072 2670 ‚
1095 2627 1302 2662 instituunt.
