1832 3112
303 105 372 162 28
589 121 943 168 CONSTANTlNI
986 119 1467 168 mammosa-Nm

297 224 397 275 τούς
425 222 636 273 δεσπότας.
693 225 766 268 καὶ
795 222 877 268 α’πὸ
906 226 991 268 τῶν
1023 227 1153 269 ἐκεῖσε
1191 229 1455 284 εἰσέρχονται
1481 228 1541 277 εἷς
1565 225 1618 270 τά
1639 223 1740 282 ἅγια

294 290 450 347 θύρια,
491 289 564 332 καὶ
594 290 664 333 διὰ
699 292 775 345 τῆς
807 292 978 346 τρισσῆς
1011 290 1118 344 μετὰ
1139 293 1223 334 τῶν
1253 293 1391 349 κηρῶν
1418 291 1743 349 προσκυνήσεως

265 352 666 412 (Ζᾶπευχαριστοῦσι
705 356 762 412 τῷ
789 355 904 412 Θεῷ,
949 358 1024 399 καί
1055 355 1106 398 τὰ
1145 355 1240 412 ἑξῆς
1271 356 1379 400 κατὰ
1403 357 1532 400 τύπον
1562 359 1743 399 τελοῦσι.

299 424 373 464 καί
403 418 487 464 εἶθ’
513 417 644 469 οὕτως
675 419 880 474 λαμβάνει
906 417 986 462 aad
1025 423 1181 478 χειρῶν
1211 424 1296 465 τοῦ
1325 426 1574 479 καστρησίου
1599 421 1623 464 ὅ
1660 439 1745 464 πα-

297 487 500 543 τριάρχης
520 484 591 528 τόν
613 483 841 539 θυμιατόν,
869 488 941 529 καί
967 487 1187 530 ἐπιδίδωσι
1207 489 1266 546 τῷ
1292 491 1480 543 βασιλεῖ’,
1509 488 1583 530 καί
1608 481 1772 545 θυμιᾷ5

301 548 323 593 ὅ
353 549 551 606 βασιλεὺς
579 552 698 605 πέριξ
720 552 792 607 τῆς
821 551 945 606 ἁγίας
967 555 1193 610 τραπέζης,
1237 553 1310 596 καὶ
1330 553 1437 608 μετὰ
1463 554 1510 596 τὸ
1535 554 1746 607 θυμιᾶσαι

299 618 469 659 ἵσταται
513 616 586 659 καί
623 614 645 657 ὃ
688 617 954 674 πατριάρχης
996 617 1068 660 καὶ
1102 616 1123 660 ὅ
1156 617 1353 672 βασιλεῦς
1402 618 1639 676 ἔμπροσθεν
1673 618 1747 674 τῆς

301 683 423 736 ἁγίας
446 683 674 738 τραπέζης,
715 681 788 724 καί
812 685 887 738 τῆς
909 681 1181 740 ἕκφωνὴσεως
1201 683 1318 740 παρὰ
1351 686 1425 727 τοῦ
1447 682 1746 741 ἅρχιδιακόνου

299 750 517 803 γενομένης
559 749 633 802 τῆς
666 763 713 790 τε
752 748 880 804 εὐχῆς
917 748 1031 804 παρὰ
1073 753 1147 792 τοῦ
1184 750 1445 807 πατριάρχου
1484 749 1748 804 τελουμένης,

299 815 373 855 καί
402 813 456 855 τὰ
486 811 579 869 ἑξῆς
605 814 680 865 τῆς
709 814 1051 870 ἐκκλησιαστικῆς
1082 816 1375 867 καταστάσεως
1408 818 1629 872 γενομένης
1665 813 1802 859 nei-xo

300 894 400 933 σης,
428 879 667 934 ἐξέρχονται
690 876 728 920 οἶ
752 877 948 922 δεσπόται
982 877 1071 934 ἅμα
1093 883 1151 938 τῷ
1183 882 1451 939 πατριάρχῃ,
1490 895 1750 938 προπορευο-

298 944 436 995 μένων
461 943 602 988 αὐτῶν
626 945 704 986 τοῦ
731 960 776 986 τε
797 947 983 1002 σταυροῦ
1002 945 1073 989 καὶ
1113 948 1188 989 τοῦ
1209 944 1466 1002 εὐαγγελίου.
1510 948 1753 1004 (ΚΓ)Καί

270 1009 365 1064 1)δὴ
391 1009 629 1065 ἐρχομένων
659 1010 801 1053 αῧτῶν
831 1004 1006 1054 ὄπισθεν
1033 1014 1111 1054 τοῦ
1136 1007 1348 1067 ἅμβωνος,
1393 1008 1520 1070 ἤγουν
1559 1010 1639 1069 πρὸ
1665 1014 1750 1055 τῶν

302 1076 492 1129 μεγάλων
515 1076 657 1119 πυλῶν
675 1109 689 1130 ,
733 1077 924 1119 ἵστανται
945 1079 1075 1119 ἐκεῖσε
1098 1079 1205 1120 οἵτε
1227 1078 1424 1121 δεσπόται
1451 1077 1524 1121 καί
1546 1077 1568 1122 ὅ
1598 1072 1752 1133 πατρι-

304 1142 439 1197 άρχης
464 1140 572 1194 μετά
601 1157 647 1184 τε
685 1144 761 1184 τοῦ
785 1145 973 1200 σταυροῦ·
998 1143 1072 1185 καὶ
1102 1146 1178 1186 τοῦ
1203 1140 1468 1199 εὗαγγελίου,
1505 1143 1579 1187 καὶ
1599 1142 1650 1200 δὴ
1679 1144 1804 1199 «ἔρ-15

304 1207 496 1260 χομένων
521 1207 687 1262 αὕτῶν,
730 1206 888 1262 γίνεται
917 1205 1082 1252 κάκεῖσε
1106 1208 1210 1266 εῧχῆ
1238 1209 1345 1253 κατὰ
1369 1209 1445 1266 τὴν
1468 1211 1752 1266 ἐκκλησιαστι-

307 1270 384 1327 κὴν
420 1272 693 1328 ἀκολουθίαν,
732 1272 806 1316 καί
839 1271 922 1316 εἶθ’
950 1271 1083 1324 οὕτως
1120 1278 1411 1332 συνεξέρχεται
1442 1275 1466 1319 ὅ
1491 1274 1754 1333 πατριάρχης

306 1341 392 1388 τοῖς
431 1336 650 1390 δεσπόταις
682 1337 756 1390 τὰς
780 1339 1004 1394 βασιλικάς
1040 1340 1196 1395 πύλας,
1237 1341 1310 1384 καί
1343 1338 1572 1394 ἀσπάζεται
1599 1339 1753 1390 αὐτοὺς

308 1405 498 1458 κάκεῖσε,
527 1404 600 1448 καί
619 1405 657 1448 οἶ
674 1407 752 1459 μὲν
780 1405 976 1449 δεσπόται
997 1408 1253 1464 εἰσέρχονται
1281 1409 1327 1450 ἐν
1349 1410 1409 1467 τῷ
1438 1410 1551 1467 βήλῳ
1579 1409 1638 1466 τῷ
1659 1422 1753 1463 κρε-

307 1471 480 1528 μαμένῳ
506 1471 552 1513 ἐν
573 1473 633 1529 τῷ
662 1469 855 1528 νάρθηκι,
882 1474 954 1515 καί
973 1474 1105 1515 ἐκεῖσε
1135 1474 1456 1528 σκεπαζόμενοι,
1487 1473 1613 1515 πάλιν
1637 1474 1807 1529 ε’ξέρ-αο.

309 1553 470 1590 χονται,
498 1535 572 1578 καὶ
597 1534 852 1589 ἀσπάζονται
877 1537 949 1581 τὸν
971 1537 1258 1595 πατριάρχην,
1286 1541 1357 1581 καί
1380 1539 1624 1581 ἄποκινοῦσι
1647 1538 1754 1593 μετὰ

311 1604 385 1657 τῆς
412 1602 566 1652 οἰκείας
595 1605 723 1659 λιτῆς,
751 1605 824 1646 καί
849 1601 1105 1661 ἀπέρχονται
1128 1606 1207 1654 ἕως
1224 1606 1299 1647 τοῦ
1324 1606 1545 1661 πορφυροῖ)
1567 1603 1753 1658 μεγάλου

135 1669 452 1718 Ed.1,.1ssm'ovo‹;
478 1670 553 1710 τοῦ
573 1666 732 1726 φόρου,
772 1669 847 1712 καί
866 1669 905 1712 οἱ
927 1673 1005 1724 μὲν
1037 1670 1234 1713 δεσπόται
1267 1672 1457 1713 ἵστανται
1486 1671 1533 1712 ἐν
1561 1675 1654 1719 ταῖς
1678 1670 1755 1712 τοῦ

310 1735 536 1791 πορφυροῢ
561 1735 746 1790 μεγάλου
783 1736 918 1786 κίονος
949 1732 1236 1793 ἆναβάθραις,
1279 1734 1319 1778 οἶ
1351 1737 1400 1778 δὲ
1435 1735 1658 1791 μάγιστροι
1683 1734 1758 1777 καὶ

312 1797 550 1844 ἀνθύπατοι
580 1804 653 1844 καί
686 1801 894 1858 πατρίκιοι
919 1803 992 1844 καί
1013 1804 1151 1844 λοιποί
1176 1801 1440 1858 συγκλητικοὶ
1463 1804 1510 1846 ἐν
1539 1805 1627 1850 τοῖς
1646 1802 1808 1851 &Eo-25

405 1903 436 1946 4.
449 1905 584 1950 χειρῶς
607 1902 683 1935 cod.
706 1901 802 1935 unde
831 1903 869 1935 R.
895 1902 988 1935 coni.
1010 1902 1168 1948 χειρῶν,
1187 1899 1318 1949 χειρὸς
1334 1900 1389 1935 ed.
1504 1902 1556 1936 13.
1581 1899 1752 1948 διερχομ.

405 1947 462 1981 ed.
602 1958 656 1982 21.
681 1947 936 1993 ἀποκρίνουσι
962 1947 1017 1983 ed.

315 2059 395 2082 cum
419 2050 532 2084 cereis
555 2050 764 2084 adoratione
789 2050 906 2091 facta,
944 2049 990 2083 ad
1014 2050 1130 2084 Deum
1155 2054 1350 2095 precantur
1372 2053 1562 2095 ceteraque
1586 2060 1653 2094 pro
1675 2059 1755 2083 mo-

313 2107 353 2129 rc
385 2102 569 2141 peragunt.
625 2098 752 2130 Postea
793 2102 980 2141 acceptum
1023 2107 1045 2128 a
1081 2098 1253 2130 castrensi
1290 2096 1518 2129 thuribulum
1553 2095 1755 2141 patriarcha

315 2143 528 2187 Imperatori
556 2143 679 2184 tradit,
707 2143 770 2189 qui
794 2155 932 2176 sacrum
956 2143 1069 2176 altare
1095 2143 1226 2176 circum
1250 2144 1431 2184 incensat,
1468 2154 1540 2188 quo
1565 2143 1658 2176 facto
1683 2153 1756 2187 pa-

316 2188 471 2222 triarcha
496 2196 531 2223 et
551 2191 748 2234 Imperator
773 2202 892 2223 coram
917 2201 1016 2223 sacro
1043 2190 1148 2223 altari
1176 2194 1284 2230 stant,
1318 2195 1355 2222 et
1377 2189 1605 2223 intonatione
1630 2189 1676 2222 ab
1695 2200 1755 2222 ar-

319 2235 551 2277 chidiacono,
591 2238 800 2282 precatione
823 2248 844 2269 a
873 2236 1075 2281 patriarcha
1106 2237 1201 2270 sacta
1225 2236 1464 2281 omnibusque
1504 2235 1755 2268 ecclesiasticis

320 2283 524 2316 cerimoniis
552 2283 684 2323 finitis,
720 2283 867 2316 Domini
893 2294 971 2316 cum
995 2283 1218 2326 patriarcha,
1260 2293 1363 2315 cruce
1387 2288 1424 2315 et
1446 2293 1544 2315 sacro
1569 2282 1754 2326 evangelio

320 2329 372 2362 eis
396 2330 579 2373 praelato,
621 2329 861 2375 egrediuntur.
923 2328 1078 2375 (xxm.)
1115 2331 1210 2363 Pone
1236 2328 1427 2362 ambonem
1462 2339 1546 2360 vero
1579 2339 1642 2361 seu
1670 2332 1754 2361 ante

319 2387 461 2420 magnas
487 2381 607 2421 portas
629 2382 857 2410 transeuntes
877 2375 1025 2409 Domini
1049 2382 1086 2409 et
1110 2375 1312 2420 patriarcha
1344 2386 1423 2407 cum
1457 2385 1559 2408 cruce
1582 2380 1619 2407 ct
1644 2385 1755 2408 evan-

321 2423 429 2467 gelio,
454 2423 676 2463 subsistunt,
701 2424 862 2469 ipsisque
885 2422 1182 2463 advenientibus,
1205 2422 1365 2466 precatio
1392 2421 1446 2454 ibi
1470 2420 1669 2455 secundum
1694 2431 1756 2453 ec-

321 2471 562 2504 clesiasticum
597 2471 707 2503 ritum
742 2470 963 2504 instituitur:
1006 2468 1138 2502 deinde
1163 2467 1367 2513 patriarcha
1392 2479 1471 2500 cum
1497 2468 1662 2502 Dominis
1690 2477 1757 2512 per

322 2517 568 2561 imperatorias
593 2522 711 2562 portas
737 2515 940 2560 egreditur,
972 2527 1105 2562 eosque
1128 2514 1183 2548 ibi
1208 2515 1407 2556 osculatur-3
1445 2517 1526 2559 p'ost
1561 2514 1680 2547 velum
1714 2512 1756 2546 in

321 2564 491 2597 narthece
514 2574 723 2609 suspensum
746 2564 906 2603 intrant,
942 2562 1069 2607 ibique
1093 2563 1208 2606 capite
1233 2566 1356 2606 operto
1374 2573 1495 2595 rursus
1513 2560 1757 2605 egrediuntur,

323 2615 360 2643 et
383 2610 621 2654 patriarcham
646 2610 851 2644 osculantur
866 2634 875 2650 ‚
913 2620 1067 2654 cumque
1091 2621 1154 2641 sua
1179 2609 1407 2653 processione
1431 2613 1468 2640 et
1492 2608 1664 2640 comitatu
1689 2605 1757 2639 ab·

324 2661 423 2696 eunt,
449 2663 485 2691 et
506 2657 551 2690 ad
577 2657 864 2702 porphyreticam
888 2667 1048 2701 magnam
1074 2655 1273 2688 columnam
1294 2656 1332 2687 in
1353 2655 1430 2687 soro
1452 2653 1662 2698 procedunt,
1691 2651 1756 2684 ubi

323 2703 393 2748 ipsi
419 2703 456 2740 in
481 2703 646 2749 gradibus
672 2714 820 2749 magnac
845 2704 922 2739 eius
949 2704 1143 2744 columnae,
1167 2702 1326 2746 magistri
1348 2707 1466 2735 autem
1481 2726 1491 2741 ,
1514 2698 1756 2744 proconsules,
