1878 3112
365 102 718 148 CONSTANTim
757 103 951 145 ponpa.
987 105 1058 144 DE
1099 101 1354 145 cmmoN.
1457 86 1568 159 497

147 203 389 263 στεφάνους,
419 207 491 248 ἕνα
518 207 598 259 μὲν
620 207 832 261 χρυσοῦν,
863 199 1013 252 ἄλλους
1039 204 1085 245 δὲ
1112 203 1192 246 ἀπὸ
1220 205 1413 260 δαφνῶν·
1468 203 1492 246 ὅ
1520 205 1568 248 δὲ
1605 254 1612 262 .

145 269 343 325 βασιλεύς
377 267 639 325 ἆντιδάῖωσιν
680 269 821 319 αὐτοῖς
855 271 1090 322 νομίσματα
1131 269 1236 324 ὖπὲρ
1286 271 1363 310 τοῦ
1399 271 1568 325 χρυσοῦ

146 335 375 392 στεφάνου,
424 332 527 377 ὥστε
552 333 612 389 μὴ
647 335 797 390 ζημίαν
826 333 984 382 αὕτούς
1010 334 1256 387 ὑπομεῖναι.
1286 327 1294 334 ’
1311 333 1387 376 ἐὰν
1414 335 1460 377 δὲ
1487 330 1570 376 ἇπό

141 399 302 454 Ἄσίας,
330 395 359 455 ἢ
383 398 608 452 Βιθυνίας,
637 395 664 455 ἢ
685 402 904 455 Περσικοῦ
929 401 1111 451 πολέμου
1140 399 1408 454 ἐπανέρχεται
1442 397 1467 441 ὅ
1492 403 1573 454 βα-

120 459 299 517 5σιλεῦς,
325 464 351 506 o‘
375 462 557 519 ἔπαρχος
583 466 653 519 τῆς
682 463 838 514 πόλεως
865 464 1030 521 ἀπαντᾷ
1058 463 1161 506 ἔνθα
1190 459 1242 506 ἂν
1268 465 1415 521 συνίδῃ
1442 464 1467 505 ὅ
1492 467 1574 518 βα·-

146 528 287 578 σιλειῖς
309 528 568 583 μεσάλλαγον
596 530 780 584 ποιῆσαι,
829 529 907 571 εἴτε
946 531 991 570 ἐν
1017 531 1075 585 τῷ
1100 529 1294 586 Σατύρῳ,
1335 527 1419 570 εἴτε
1445 530 1491 572 έν
1515 532 1574 588 τῷ
1611 546 1617 550 ’

145 595 389 652 Πολεατικιῇ
415 590 443 649 ἢ
469 595 514 636 ἐν
537 591 859 650 εΡοφηνισιναῖς,
885 590 914 650 ἦ
943 595 988 636 έν
1012 596 1062 651 τῇ
1084 594 1253 652 Ἱερείᾳ·
1307 595 1347 636 εἰ
1373 595 1419 635 δὲ
1445 593 1574 651 θελῆ-

144 674 211 702 σει
233 652 261 700 ‘6
306 657 506 713 βασιλεύς
545 658 616 700 διὰ
663 660 739 701 τοῦ
775 661 1018 715 στρατηγίου
1057 660 1268 711 dumea,
1326 658 1575 715 προλαμβά-

142 739 284 767 νουσιν
320 723 361 766 οἱ
397 725 656 779 συγκλητικοὶ
695 725 755 774 εἷς
790 723 862 767 τὸν
888 723 1020 781 φόρον
1043 726 1118 766 τοῦ
1143 724 1409 779 στρατηγίου,
1452 725 1577 766 κᾶκεϊ

93 788 238 839 ιοτοῦς
265 788 494 845 στεφάνους
531 791 863 846 προσφέρουσιν.
916 791 957 831 εἰ
983 791 1029 831 δὲ
1066 792 1180 845 πλοῷ
1213 786 1412 843 βούλεται
1439 790 1611 846 ὄρθοιι)

142 856 325 910 ποδῆσαι
349 855 408 903 εἰς
433 853 478 895 τὸ
504 852 716 908 παλάτισν,
743 856 910 897 ἵσταται
936 853 1094 909 ἐμπρὸς
1119 856 1191 909 τῆς
1218 853 1382 910 σκὰλης,
1411 857 1484 898 καί
1501 853 1570 899 ἔν-

141 922 203 960 θα
231 919 397 973 δέχεται
424 917 529 960 κατὰ
557 917 604 961 τὸ
633 919 731 968 ἔθος
757 917 829 961 τὸν
870 918 1054 975 ἔπαρχον
1088 921 1162 974 τῆς
1186 919 1344 968 πόλεως
1380 922 1453 962 καί
1494 919 1568 963 τὸν

143 984 366 1036 ἆπσμονέα,
395 983 468 1025 καί
496 982 595 1033 τούς
622 982 856 1040 στεφάνους
882 985 1190 1040 προσφέρουσιν
1217 980 1344 1042 αὐτῷ.
1399 982 1568 1029 ἑνδεκά-

139 1065 188 1106 τῃ
218 1050 355 1091 τοίνυν
378 1049 452 1090 τοῦ
477 1046 724 1103 Αὖγούστου
739 1049 882 1104 μηνὸς,
910 1049 1046 1105 ἡμέρᾳ
1072 1047 1122 1103 β’,
1151 1049 1269 1099 ἔτους
1296 1049 1401 1111 ,ςλγζ
1431 1053 1568 1107 εἰσῆλ-

91 1113 216 1155 ιόθεν
240 1112 262 1155 ὅ
289 1112 462 1168 εὐσεβὴς
487 1104 697 1167 samma!
708 1113 1014 1164 Ἰουστινιανὸς
1040 1115 1099 1163 εἷς
1124 1114 1567 1158 Κωνσταντινούπσλιν

138 1177 239 1234 περὶ
263 1174 378 1234 αῗραν
402 1176 439 1220 α’
478 1177 550 1220 διὰ
575 1181 648 1234 τῆς
674 1178 831 1236 πόρτης
855 1182 937 1222 τῶν
964 1180 1199 1236 Χαρισίου,
1241 1183 1324 1222 τῶν
1347 1186 1567 1236 συγκλητι-

137 1245 222 1286 κῶν
248 1245 321 1286 καί
345 1245 421 1286 τοῦ
446 1243 635 1299 ἐπάρχου
663 1246 734 1300 τῆς
762 1244 922 1295 πόλεως
949 1247 1081 1287 ἐκεῖσε
1119 1245 1438 1299 α’παντησάιτων
1465 1248 1562 1300 δίχα
1573 1258 1735 1294 Μ3.,8,.

137 1307 367 1366 στεφάνων,
394 1311 468 1351 καί
490 1308 626 1352 ἐλθών
653 1310 724 1351 ἐπὶ
743 1309 790 1352 τὸ
814 1309 1006 1366 δεύτερον
1022 1306 1173 1366 ηὔξατο
1195 1312 1240 1353 ἐν
1256 1316 1342 1361 τοῖς
1363 1309 1565 1355 Ἀποστό-

137 1377 236 1426 λοις,
276 1373 349 1416 καί
373 1369 482 1429 ἦψεν
507 1376 658 1431 κηροὺς
685 1376 744 1424 εἷς
769 1374 813 1417 τὸ
838 1378 981 1431 μνῆμα
1006 1378 1078 1431 τῆς
1107 1375 1345 1430 δεσποίνης,
1387 1378 1460 1418 καί
1485 1387 1754 1434 xa-Ed.1,.287

86 1430 290 1495 αοτῆλθεν
329 1439 400 1481 ἐπὶ
426 1439 472 1481 τό
511 1440 786 1483 καπετώλιον.
840 1441 896 1490 ὦς
935 1443 980 1483 δὲ
1021 1445 1209 1496 εἰσῆλθεν
1236 1443 1294 1489 εἰς
1319 1441 1394 1496 τὴν
1419 1443 1562 1496 μέσην,

124 1501 372 1563 ὑπήντησαν
400 1506 634 1559 δομέστικσι
661 1509 957 1562 πρωτίκτωρες,
1002 1505 1047 1548 αἱ
1074 1504 1175 1548 ἑπτὰ
1205 1508 1355 1561 σχολαὶ
1379 1506 1451 1550 καί
1474 1509 1560 1560 μετ’

137 1648 219 1682 dam
251 1650 291 1683 in
317 1650 539 1685 occidentem
566 1652 796 1696 expeditione
820 1652 943 1686 redeat
965 1653 1179 1698 Imperator,
1205 1653 1400 1686 occurritur
1426 1653 1495 1697 ipsi
1522 1653 1561 1687 in

137 1695 215 1729 foro
238 1695 459 1738 Theodosii,
494 1697 591 1743 quod
624 1699 762 1732 Taurus
799 1700 1012 1742 appellatur,
1038 1704 1075 1732 et
1098 1702 1252 1733 offerunt
1289 1700 1360 1744 ipsi
1386 1711 1559 1739 coronas,

136 1753 246 1774 unam
280 1742 428 1788 quidem
465 1755 628 1785 auream,
664 1746 751 1778 alias
775 1750 893 1778 autem
928 1757 948 1778 e
971 1746 1082 1783 lam-02
1129 1747 1192 1779 Pro
1208 1757 1314 1779 aurea
1332 1745 1452 1779 reddit
1470 1746 1559 1790 ipsis

132 1788 328 1832 Imperator
339 1801 490 1835 aequum
505 1790 543 1823 in
558 1792 710 1824 nummis
731 1792 898 1836 pretium,
922 1803 968 1825 ne
982 1798 1117 1824 sumtus
1132 1792 1177 1825 de
1203 1803 1267 1825 suo
1295 1792 1460 1825 faciendo
1493 1791 1560 1824 da-

132 1844 255 1867 mnum
274 1837 368 1880 passi
385 1835 582 1870 videantur.
608 1838 646 1870 Si
663 1842 782 1870 autem
809 1837 853 1870 ab
876 1839 957 1871 Asia
974 1837 1183 1881 Bithyniave
1193 1864 1203 1879 ,
1227 1844 1290 1872 aut
1305 1840 1444 1872 Persico
1461 1838 1559 1871 bello

131 1879 278 1921 redeat,
302 1883 456 1916 occurrit
490 1882 559 1927 ipsi
587 1884 788 1927 praefectus
813 1884 919 1917 Urbis
944 1885 1017 1925 ibi,
1054 1885 1117 1918 ubi
1146 1885 1346 1918 decreverit
1362 1887 1559 1929 Imperator

131 1927 363 1971 mesaliagum
387 1928 523 1969 facere,
555 1928 638 1974 [hoc
679 1936 754 1971 est,
791 1942 810 1963 e
842 1932 923 1964 navi
951 1942 1109 1976 egressus
1135 1933 1310 1976 tantisper
1343 1932 1380 1964 in
1398 1932 1556 1964 Asiatico

133 1973 288 2018 quodam
312 1975 446 2018 palatio
473 1976 627 2014 morari,
652 1975 766 2009 donec
784 1978 951 2019 vestitum
977 1979 1143 2010 viaticum
1169 1977 1413 2022 splendidiore
1438 1981 1558 2009 muta-

130 2019 256 2066 verit];
280 2021 354 2053 sive
378 2021 447 2054 iam
468 2022 507 2054 in
533 2021 659 2064 Satyro
684 2021 723 2054 id
753 2023 833 2062 fiat,
863 2024 938 2055 sive
966 2025 1006 2056 in
1025 2024 1226 2065 Poleatico,
1253 2027 1326 2058 sive
1343 2023 1382 2056 in
1398 2023 1558 2056 Rufinia-

131 2065 212 2105 nis‚
235 2064 308 2099 sive
330 2067 369 2099 in
394 2067 527 2100 Hieria.
584 2067 622 2100 Si
643 2078 750 2112 porro
775 2079 840 2113 per
866 2072 1073 2114 strategium
1097 2070 1288 2104 ascendere
1322 2071 1362 2102 in
1381 2070 1556 2113 palatium

131 2111 221 2144 velit
235 2113 456 2157 Imperator,
482 2118 712 2157 praevertunt
734 2119 915 2148 senatores
939 2115 977 2148 in
1007 2115 1124 2148 forum
1146 2116 1326 2160 strategii,
1349 2120 1386 2148 et
1412 2115 1464 2149 ibi
1491 2127 1556 2149 co·

131 2167 234 2190 ronas
261 2160 423 2192 offerunt.
472 2160 616 2193 sivero
642 2161 723 2193 navi
752 2166 849 2193 recta
882 2163 938 2194 via
961 2161 1086 2196 invehi
1126 2165 1165 2196 in
1199 2163 1375 2207 palatium
1415 2162 1552 2207 absque

132 2201 342 2249 diverticulo
377 2206 486 2242 velit,
511 2205 676 2239 consistit
699 2218 815 2240 coram
829 2208 921 2240 scala
945 2219 1007 2242 seu
1028 2219 1210 2249 exscemu,
1235 2213 1271 2242 et
1292 2208 1425 2242 salutat
1446 2220 1552 2251 prae·

132 2247 264 2282 fectum
286 2250 389 2284 Urbis
414 2257 451 2284 et
474 2262 710 2295 apomoneum
734 2265 797 2286 seu
821 2255 993 2286 vicarium
1023 2255 1178 2299 regium3
1206 2261 1242 2288 et
1265 2255 1396 2298 accipit
1412 2255 1550 2288 oblatas

132 2293 204 2327 sibi
223 2305 380 2333 coronas.
426 2297 584 2341 A'gedum
611 2300 794 2332 afferamus
813 2301 1015 2344 exemplum
1037 2302 1211 2345 ingressus
1235 2302 1323 2346 regii
1351 2301 1389 2334 iu
1410 2301 1551 2334 Urbem.

133 2339 328 2374 Undecimo
359 2353 488 2387 nempe
524 2345 584 2378 die
608 2345 758 2388 Augusti
790 2347 940 2387 mensis,
972 2347 1062 2380 feria
1093 2347 1268 2387 secunda,
1307 2358 1400 2379 anno
1425 2345 1553 2379 mundi

133 2387 223 2420 6033
238 2411 247 2426 ,
272 2386 428 2422 intrabat
443 2392 523 2433 pius
547 2392 745 2436 Imperator
767 2393 987 2426 Iustinianus
1016 2393 1055 2426 in
1093 2393 1434 2438 Constantinopolin
1458 2395 1553 2426 circa

133 2431 258 2465 horam
282 2433 431 2476 primam
451 2447 516 2479 per
551 2443 689 2481 portam
714 2440 922 2471 monasterii
939 2439 1141 2480 Charisiae,
1167 2440 1230 2473 ubi
1254 2439 1455 2484 praefectus
1481 2440 1552 2471 Ur-

131 2477 189 2511 bis
216 2483 253 2511 et
274 2481 444 2513 senatorii
464 2482 552 2525 ipsi,
574 2482 638 2515 sed
661 2484 796 2529 absque
831 2486 989 2526 coronis,
1026 2486 1267 2520 occurrebant.
1317 2485 1403 2518 Inde
1424 2484 1549 2517 abiens

132 2523 180 2555 ad
205 2523 390 2558 deuterum
416 2538 538 2571 preces
562 2529 719 2564 faciebat
745 2532 785 2563 in
811 2531 900 2564 aede
928 2532 987 2565 SS.
1016 2533 1286 2576 Apostolorum,
1314 2537 1350 2565 et
1374 2531 1549 2564 accende-

131 2570 197 2602 bat
228 2581 346 2604 cereos
381 2572 420 2604 in
443 2574 643 2608 conditorio
675 2578 886 2621 Despoenae
930 2589 993 2610 seu
1025 2579 1199 2612 Dominae
1237 2583 1376 2611 nostrae
1421 2577 1550 2610 beatae

130 2616 300 2660 Virginis.
346 2617 433 2651 Inde
457 2618 696 2655 descendebat
721 2625 760 2655 in
793 2623 1023 2668 Capitolium,
1080 2626 1122 2656 In
1145 2634 1265 2657 mesen
1295 2624 1486 2668 deinceps,
1509 2622 1551 2655 id

131 2663 358 2709 est-mediam
371 2689 382 2706 ‚
405 2665 497 2698 viam
523 2666 574 2700 sic
591 2668 742 2706 dictam,
767 2668 886 2702 delato
912 2670 982 2714 ipsi
998 2671 1232 2704 occurrebant
1253 2670 1442 2704 domestici
1461 2681 1548 2716 pro-

229 2732 489 2782 Cogzstantinus
511 2735 686 2780 Porphyr.
715 2737 790 2770 Vol.
815 2738 843 2771 Ι.
1243 2739 1288 2772 32
