1878 3112
267 115 380 190 766
537 131 896 174 CONSTANTiNl
939 131 1430 175 PORPHYROGENITI
1490 118 1493 123 '

263 235 455 292 βήματος
481 235 669 291 θεωρίαν
695 231 873 282 ἑαυτούς
901 233 1170 288 ἐπανάγουσι,
1198 237 1274 278 καί
1296 237 1369 292 τῆς
1396 239 1590 293 Χριστοῦ
1615 240 1717 297 ‹3227-
1861 244 1878 268 ¹

223 304 368 352 Βθοῦς
396 299 643 356 ἀγαπήσεως
673 298 748 342 τὸν
777 297 1004 353 ἆσπασμόν
1035 298 1338 356 ἐκμιμούμενοι
1376 302 1425 345 τὸ
1456 302 1641 361 ὑπήκοον
1664 305 1717 351 ἅ-
1863 303 1865 314 ⁵

260 386 345 412 παν
370 368 569 422 σχετικῶς
595 362 949 418 κατασπάζονται,
978 364 1054 407 καί
1079 361 1208 418 αὖθις
1237 367 1317 411 σὺν
1343 371 1395 426 τῇ
1422 373 1598 429 λαμπρᾷ
1613 388 1716 427 συγ-μ

261 433 392 492 κλήτῳ
421 431 628 489 πρός’τὴν
656 426 743 474 ἅνω
771 430 908 485 Σιών,
937 430 1012 487 τὴν
1042 435 1236 487 λζοιστοῦ
1264 435 1512 491 ἐκκλησίαν,
1543 438 1603 487 οὖς
1629 455 1716 492 μα-

259 499 408 557 θηταί,
436 497 540 553 μετά
572 495 696 553 δόξης
723 500 1016 554 συντρέχουσι.
1055 496 1132 553 τὴν
1162 497 1240 555 γὰρ
1270 502 1487 557 περίδοξον
1511 505 1583 559 τῆς
1611 503 1740 560 ‚jub-5

260 583 337 624 ρας
361 563 579 622 χαρμονὴν
606 562 913 617 ἐνδεικνύμενοι
941 567 1293 621 λαμπροφοροῦσι
1320 573 1415 618 τοῖς4
1435 565 1614 625 λεόροις,
1653 572 1715 620 εἰς

257 631 388 677 τύπον
415 633 497 674 τῶν
525 631 734 687 ἐνταφίων
762 633 959 684 Χριστοῦ
986 629 1237 687 σπαργάνων
1264 629 1444 685 ἑαυτούς
1471 635 1716 678 ἐνειλίττον-

257 716 337 749 τες.
394 697 460 741 διὸ
492 697 567 740 καὶ
604 698 649 739 ἐν
677 703 769 747 ταῖς
800 699 955 748 δεξιαῖς
982 696 1131 753 χερσίν
1159 694 1298 741 αὖτιὸν
1323 697 1370 741 τὸ
1399 700 1610 757 νικητικὸν
1637 702 1718 744 τοῦ

258 766 450 822 ’σταυροῦ
475 764 719 819 κατέχοντες
758 762 963 819 τρόπαιον
982 795 994 816 ,
1032 762 1108 818 τήν
1148 761 1424 815 ἐξανάστασιν
1467 769 1542 822 τῆς
1567 769 1716 824 χοϊκῆς

259 832 381 890 ἡμῶν
421 827 568 880 οὖσίας
610 830 657 873 ἒν
690 835 785 879 ταῖς
829 829 1067 883 εὐωνύμοις
1102 832 1352 885 κατέχουσι,
1389 834 1464 875 καί
1487 824 1566 889 τὴν
1590 835 1768 878 θείανιο

258 900 554 955 μυσταγωγίαν
578 898 634 954 τῷ
665 897 758 954 Θεῷ
786 891 1070 952 άναφέροντες
1104 894 1210 950 μετά
1252 895 1328 952 την
1362 899 1444 941 τῶν
1472 896 1602 954 ἁγίων
1629 916 1714 953 μυ-

261 966 445 1022 στηρίων
471 962 733 1019 μετάληψιν,
763 959 870 1019 πρὸς
897 960 1050 1016 σεμνὸν
1077 965 1223 1019 κρᾶμα
1248 962 1348 1013 τούς
1373 966 1448 1020 τῆς
1477 964 1712 1022 συγκλήτου

221 1032 535 1090 οπροκρίτους,
565 1027 623 1079 ὥς
662 1027 885 1078 κοινωνούς
921 1031 996 1083 τῆς
1031 1029 1234 1086 χάριτος,
1263 1031 1464 1087 ἐμφανῶς
1497 1035 1716 1087 προσλαμ.

259 1099 470 1155 βάνονται.
527 1098 602 1138 καί
629 1097 699 1137 δεῖ
720 1096 830 1151 ἡμᾶς
868 1095 1129 1152 εὐτρεπίζειν
1169 1097 1214 1138 ἐν
1241 1097 1291 1153 τῇ
1330 1097 1442 1157 αὐτῇ
1469 1094 1614 1154 κλήσει
1638 1099 1722 1140 τοῦ

259 1162 474 1222 κράματος
500 1165 575 1205 τοῦ
601 1164 853 1215 τελουμένου
893 1163 938 1204 ἐν
966 1164 1020 1217 τῇ
1049 1164 1242 1218 Χριστοῦ
1269 1165 1473 1221 καθολικῇ
1516 1164 1768 1222 ἐκκλησίᾳιὸ

259 1233 321 1281 εἷς
350 1231 622 1274 συνεστίασιν
648 1229 707 1285 τῷ
737 1230 911 1280 βασιλεῖ
935 1231 1087 1283 φίλους
1115 1223 1198 1268 ἀπὸ
1229 1229 1303 1283 τῆς
1330 1225 1487 1281 τάξεως
1513 1231 1599 1272 τῶν
1627 1247 1713 1284 μα-

259 1298 453 1354 γίστρων,
483 1291 754 1346 α’νθυπάτων,
785 1292 1030 1349 πατρικίων,
1061 1297 1307 1349 στρατηγῶν
1331 1310 1376 1336 τε
1401 1298 1476 1337 καί
1507 1297 1713 1352 ὀφφικια-

258 1366 375 1418 λίων,
396 1361 468 1405 τὸν
489 1358 676 1417 ἀριθμὸν
705 1359 771 1400 ιδ’·
803 1356 985 1414 εἰσάγειν
997 1360 1042 1400 δὲ
1057 1356 1212 1409 αὐτούς
1226 1361 1298 1402 ἐπί
1310 1361 1386 1415 τῆς
1412 1357 1546 1416 αὐτῆς
1557 1363 1712 1418 τραπέ-

265 1433 339 1486 ζης
376 1425 535 1478 οὕτως·
589 1424 690 1477 τούς
728 1427 808 1480 μὲν
845 1426 1124 1481 μαγίστρους,
1167 1419 1539 1476 ἆνθυπάτους·και“
1560 1444 1713 1484 πατρι-

263 1499 405 1550 κίους,
446 1493 546 1544 τούς
574 1490 737 1549 λώρους
764 1490 1081 1548 ἠμφιεσμένους
1105 1489 1212 1545 μετὰ
1242 1493 1327 1534 τῶν
1349 1495 1544 1549 χρυσέων
1572 1494 1767 1550 adraim)

263 1560 490 1620 θωρακίων
518 1558 590 1602 καὶ
632 1559 784 1613 μόνον,
828 1556 1064 1614 προκρίνειν
1092 1558 1140 1599 δὲ
1168 1559 1214 1600 ἐν
1240 1559 1294 1615 τῇ
1329 1557 1502 1618 τοιαύτῃ
1526 1561 1712 1620 καθέδρᾳ

265 1628 367 1680 τούς
394 1626 454 1671 τά
470 1624 667 1683 θωράκια
691 1621 1006 1682 ἠμφιεσμένους
1025 1623 1132 1681 ὑπὲρ
1161 1622 1262 1674 τούς
1288 1619 1441 1675 ἄλλους
1466 1625 1712 1682 πατρικίους

264 1696 366 1747 τοὺς
391 1693 444 1738 τά
473 1695 606 1737 οἰκεῖα
636 1693 813 1747 καμίσια
842 1692 1099 1750 φοροῦντας,
1137 1685 1215 1733 κᾶν
1250 1688 1364 1746 τάχα
1392 1689 1565 1746 τύχοιεν
1591 1689 1711 1754 ἐλάττ

266 1843 539 1889 ascenduntque
565 1852 610 1875 ex
638 1839 876 1874 inferioribus
901 1837 1079 1873 sedilibus
1103 1837 1151 1870 ad
1186 1838 1367 1872 excelsum
1399 1842 1438 1872 et
1465 1837 1709 1883 perhonorifi-

266 1904 349 1926 cum
374 1890 567 1924 tribunalis
592 1887 838 1934 spectaculum
864 1892 902 1920 et
925 1885 1181 1919 salutationem
1204 1885 1410 1928 imitantes,
1449 1896 1521 1932 qua
1546 1885 1708 1920 Christus

267 1950 352 1973 suos
386 1938 585 1983 discipulos
616 1947 661 1969 ex
683 1946 767 1969 vero
793 1944 914 1968 amore
945 1933 1088 1974 beavit,
1123 1943 1247 1966 omnes
1272 1943 1337 1966 suo
1361 1933 1516 1979 imperio
1541 1937 1710 1979 parentes

267 1985 479 2019 cordialiter
517 1984 693 2023 salutant,
734 1986 772 2014 et
804 1991 926 2015 rursus
961 1991 1042 2014 cum
1075 1979 1269 2025 splendido
1305 1985 1434 2014 senatu
1469 1976 1517 2014 sd
1540 1979 1711 2023 Sionem,

267 2043 364 2079 quae
390 2042 544 2076 superne
566 2035 641 2071 est,
668 2028 803 2062 Christi
824 2029 965 2062 scilicet
981 2026 1188 2068 ecclesiam,
1212 2033 1255 2060 ut
1273 2026 1465 2072 discipuli,
1489 2031 1711 2062 concurrunt

268 2081 310 2112 in
335 2080 458 2124 gloria.
508 2076 699 2112 ostensuri
728 2076 825 2108 enim
853 2074 1049 2119 gloriosum
1074 2075 1152 2107 cius
1177 2073 1252 2106 diei
1276 2073 1468 2119 gaudium,
1500 2077 1710 2118 comparent

264 2125 461 2172 splendide
484 2126 628 2164 vestiti,
651 2123 739 2156 loris
764 2122 942 2161 involuti,
965 2120 1011 2154 ad
1034 2121 1146 2154 instar
1165 2121 1358 2154 fasciarum
1367 2120 1503 2154 Christi
1524 2119 1710 2164 sepulcra»

268 2173 372 2207 lium.
420 2173 650 2218 Quapropter
675 2169 786 2203 etiam
810 2169 849 2201 in
868 2167 1002 2201 dextris
1019 2172 1224 2212 tropaeum,
1249 2167 1423 2200 victoriae
1441 2166 1603 2212 signum,
1627 2178 1710 2200 cru-

268 2231 348 2254 cem
371 2220 520 2260 scilicet,
545 2222 737 2263 gestantes,
762 2216 802 2248 in
826 2215 981 2249 sinistris
1008 2212 1188 2260 [acaciam,
1213 2221 1354 2247 saccum
1369 2212 1518 2259 pulvere
1538 2211 1702 2260 plenum]

270 2271 438 2302 terrenae
468 2271 612 2299 nostrae
646 2262 871 2297 substantiae
909 2261 1207 2295 resurrectionem
1245 2259 1310 2307 [id
1344 2266 1401 2294 est
1430 2256 1706 2298 resurrectionis

270 2311 491 2360 symbolum]
516 2316 660 2352 tenent3
683 2309 921 2354 divinumque
946 2307 1107 2341 officium
1131 2307 1328 2341 offerentes
1357 2307 1436 2342 Deo
1470 2313 1554 2353 post
1567 2303 1707 2349 assum-

269 2363 411 2396 tionem
444 2370 559 2394 sacrae
589 2367 721 2392 coenae
754 2355 952 2390 admittunt
982 2355 1103 2400 palam
1135 2353 1294 2393 delectos
1317 2353 1363 2388 de
1387 2360 1515 2389 senatu
1538 2364 1706 2400 proceres

272 2407 322 2442 ad
344 2407 551 2442 venerabile
576 2415 692 2440 emma
720 2402 798 2451 [seu
821 2400 1056 2448 ientaculum]
1072 2427 1081 2443 ‚
1103 2406 1147 2435 ut
1170 2400 1293 2446 gaudii
1317 2397 1534 2446 participes(
1572 2401 1614 2435 In
1638 2399 1706 2434 ma

271 2457 352 2502 ipsa
379 2453 426 2488 ad
460 2464 579 2489 crama
611 2452 822 2486 evocatione
854 2449 920 2496 (fit
952 2454 1072 2483 autem
1102 2449 1141 2482 in
1164 2448 1342 2482 catholica
1365 2448 1500 2483 Christi
1526 2446 1706 2493 ecclesia)

271 2507 419 2548 oportet
440 2512 506 2535 nos
530 2501 578 2535 ad
604 2498 864 2535 convivandum
892 2498 1103 2542 Imperatori
1126 2497 1258 2529 amicos
1289 2496 1468 2537 invitare,
1497 2494 1543 2529 de
1577 2493 1706 2530 ordine

269 2550 546 2596 magistrorum,
566 2546 821 2593 proconsulum
843 2544 1098 2590 patriciorum,
1126 2547 1200 2575 tam
1226 2547 1485 2588 strategorum‚
1511 2552 1619 2588 quam
1646 2539 1704 2583 off·

268 2594 462 2638 {icialium3
498 2596 538 2628 in
574 2595 783 2629 universum
813 2601 964 2625 nurnero
997 2589 1285 2637 quatuordecim3
1323 2596 1361 2625 et
1383 2590 1447 2624 hos
1473 2588 1520 2622 ad
1543 2598 1703 2630 mensam

266 2643 323 2676 ibi
347 2645 503 2689 positam
527 2640 759 2675 introducere
783 2638 852 2672 hoc
875 2638 993 2672 modo.
1041 2637 1224 2682 Magistri,
1257 2637 1489 2682 proconsules
1522 2641 1559 2670 et
1583 2636 1704 2680 patri-

267 2692 316 2723 cii
339 2691 476 2724 intrant
500 2687 726 2724 solummodo
750 2687 837 2719 loris
863 2691 899 2718 et
923 2685 1042 2718 aureis
1072 2686 1145 2718 suis
1176 2683 1383 2719 thoracibus
1415 2683 1549 2720 induti,
1595 2682 1702 2715 Prae-

268 2739 439 2774 feruntur‘
469 2741 589 2771 autem
621 2734 741 2783 quoad
763 2733 961 2767 sessionem
985 2732 1128 2780 patricii
1153 2730 1506 2766 thoracibus-induti
1530 2729 1612 2764 aliis
1636 2740 1701 2774 pa-
