1878 3112
864 0 897 34 0

297 78 405 135 562
579 95 939 139 coNsrANTml
969 94 1455 154 PORPHYROGENJTl

299 198 542 255 οἷρχόντων,
572 199 623 254 τῇ
651 196 812 239 τούτων
839 195 1025 238 κελεύσει
1052 198 1395 254 συνεισέρχονται
1423 197 1567 248 αὖτοῖς
1584 199 1652 248 ἐἰς
1677 197 1748 241 τὸν

102 268 164 302 Ms,
188 266 501 321 ι9ο-Βδρόμονα.
553 266 658 318 μηνί
682 264 952 318 Σεπτεμβρίῳ
981 260 1056 311 σις’.
1079 296 1083 299 .
1111 265 1270 318 ἰστέον,
1321 261 1387 306 ὅτι
1426 262 1578 317 ὁμοίως
1614 265 1748 307 ἔπιτε-

293 335 428 373 λεῖται
455 329 528 372 καί
555 329 581 385 ἦ
609 330 751 384 μνήμη
778 330 857 370 τοῦ
895 328 1017 383 ἁγίου
1042 327 1238 373 Ἰωάννου
1279 333 1358 372 τοῦ
1389 329 1622 384 Θεολόγου,
1663 331 1747 372 τῶν

253 398 508 438 Βδεσποτῶν
548 394 759 437 ἀπιόντων
801 395 847 436 ἐν
887 395 947 452 τῷ
980 397 1194 454 σεβασμίῳ
1237 395 1372 439 affro&
1407 397 1495 454 ναῷ
1523 397 1580 453 τῷ
1617 396 1662 437 ἐν
1688 395 1748 452 τῷ

296 460 481 519 διϊππίῳ.
540 461 643 516 μηνί
669 462 896 517 Νοεμβρίῳ
927 459 981 502 α’.
1039 461 1195 515 ἰστέον,
1224 458 1291 503 ὅτι
1320 458 1474 523 ὁμοίως
1501 455 1777 504 ἑπιτελεῖται5

261 524 263 526 ’
293 527 366 569 καί
392 527 416 582 ἧ
438 525 587 582 μνήμη
615 527 696 568 τῶν
726 525 856 580 ἁγίων
880 523 1164 582 Ἀναργύρων,
1190 529 1274 570 τῶν
1302 528 1511 570 δεσποτῶν
1539 523 1750 569 ἐπιόντων

294 594 354 643 εἰς
381 592 453 636 τὸν
482 590 601 648 ἅγιον
629 587 769 634 αὐτῶν
812 590 915 635 ναὸν
941 593 1000 642 εἰς
1039 590 1090 635 τὰ
1120 595 1392 636 Βασιλίσκου.
1447 594 1552 648 μηνί
1577 588 1751 647 Λῦγοό..

301 675 383 718 στῳ
412 658 491 701 23'.
548 658 708 711 ἰστέον,
747 654 814 700 ὅτι
843 657 996 712 ὁμοίως
1023 659 1273 701 ἐπιτελεῖται
1301 658 1374 702 καὶ
1398 658 1426 715 ἧ
1455 655 1647 714 ἇποτομὴ
1675 659 1751 700 τοῦ

102 726 285 762 ΕΜΔ-325
302 728 429 783 ἁγίου
447 725 643 768 Ἰωάννου
673 726 748 768 τοῦ
777 723 1061 781 Προδρόμου,
1109 728 1195 768 τῶν
1222 727 1434 768 δεσποτῶν
1475 723 1677 767 ἀπιόντων
1704 725 1751 766 ἐν

298 795 355 851 τῷ
382 790 485 850 ἁγίῳ
516 787 649 833 αὐτοῦ’
678 790 765 849 ναῷ
792 792 851 841 εἰς
877 789 929 833 τοὶ
957 790 1161 834 Στουδίου
1199 791 1305 834 κατὰ
1344 789 1419 834 τὸν
1457 790 1814 848 προρῥηθένταιο

309 858 443 901 τύπον
490 859 534 900 έν
571 859 623 914 τῇ
657 855 801 915 μνήμῃ
847 859 924 899 τοῦ
963 857 1084 912 ἁγίου
1113 857 1477 913 Παντελεὴμονος.
1531 859 1584 916 τῇ
1622 859 1755 899 ἕωθεν

300 922 384 980 γάρ
412 925 664 978 προέρχεται
693 925 808 965 πᾶσα
837 921 862 979 ἦ
892 921 1119 979 σύγκλητος
1147 921 1230 966 dud
1261 923 1596 981 σκαραμαγγίων
1614 923 1675 974 εἰς
1700 921 1754 964 τὰ

303 991 521 1032 Στουδίου.
578 990 652 1031 καί
681 988 718 1030 οἱ
746 991 824 1042 μὲν
851 988 1077 1046 μα’γιστροι
1105 989 1178 1032 καί
1209 989 1431 1046 πατρίκιοι
1450 993 1524 1032 καί
1550 986 1758 1046 ὄφφικιά-

300 1059 385 1098 λιοι
424 1057 615 1098 ἵστανται
657 1054 737 1107 ἔξω
774 1056 850 1110 τῆς
889 1054 995 1110 πρὸς
1034 1055 1258 1098 θάλασσαν
1296 1054 1476 1112 πόρτης·
1530 1053 1568 1098 οἱ
1608 1056 1655 1097 δὲ
1680 1053 1757 1097 τοῦ

300 1120 598 1175 κουβουκλείου
627 1119 700 1161 καί
726 1119 765 1163 οἱ
793 1122 1007 1174 βασιλικοί
1033 1120 1106 1163 καί
1140 1122 1178 1163 οἱ
1206 1123 1282 1164 τοῦ
1307 1123 1544 1177 μαγλαβίου
1573 1120 1648 1164 καὶ
1684 1119 1810 1176 τῆςιό

298 1185 511 1243 ἑταιρείας
552 1184 626 1228 καί
656 1184 710 1228 τοὶ
738 1184 1154 1242 ἀρχοντογεννὴματα
1198 1189 1259 1236 εἰς
1287 1185 1360 1230 τὸν
1403 1184 1555 1242 ὅρμον,
1595 1185 1703 1229 ἔνθα
1731 1185 1757 1228 ὅ

301 1251 467 1309 δρόμων
496 1249 631 1310 ὅρμᾷ.
687 1253 841 1305 ἰστέον,
891 1249 959 1294 ὅτι
997 1251 1036 1294 οἱ
1072 1255 1149 1308 τῆς
1187 1254 1320 1308 μονῆς
1361 1251 1550 1307 ἆββιὶδες
1576 1250 1658 1294 ἀπὸ
1687 1254 1759 1309 τῆς

301 1317 456 1375 πόρτης
484 1322 563 1368 ἕως
597 1321 673 1360 τοῦ
714 1316 849 1374 ὅρμου
886 1318 1078 1361 ἵστανται
1107 1316 1306 1374 στιχηδόν
1350 1319 1467 1376 δεξιᾷ
1493 1320 1567 1360 καί
1593 1318 1761 1374 ἄριστε-

298 1379 380 1441 ρᾷ
411 1386 493 1427 τῶν
523 1386 569 1427 δὲ
598 1386 807 1427 δεσποτῶν
836 1386 938 1427 πλοῒ
961 1385 1199 1438 ἐρχομένων
1226 1382 1333 1427 κατὰ
1361 1382 1434 1426 τὸν
1461 1381 1758 1440 προῤῥηθέντα

271 1451 441 1492 Βτύπον
461 1451 538 1492 τοῦ
561 1450 681 1504 ἁγίου
703 1449 1049 1506 Παντελεὴμονος
1075 1449 1150 1492 καὶ
1175 1452 1251 1506 τῆς
1270 1448 1368 1505 νηὸς
1391 1447 1612 1504 ἐκβάντων,
1641 1449 1813 1505 δηρι-αο

302 1515 496 1567 γεύονται
523 1513 606 1557 ὑπό
629 1531 674 1557 τε
702 1517 780 1557 τοῦ
797 1517 1093 1569 κουβουκλείου
1108 1517 1183 1558 καί
1193 1518 1276 1557 τῶν
1301 1516 1573 1570 μαγλαβιτῶν
1590 1516 1664 1558 καί
1678 1515 1760 1558 τῶν

300 1583 375 1638 τῆς
401 1579 628 1637 ἑταιρείας,
677 1579 869 1637 δηλονότι
894 1583 971 1624 τοῦ
996 1581 1229 1637 ἡγουμένου
1257 1582 1625 1638 προπορευομένου
1651 1585 1758 1635 μετὰ

302 1649 518 1703 θυμιατοῦ
544 1647 618 1691 καί
648 1645 850 1703 οἷββάδων
876 1646 986 1703 μετὰ
1015 1649 1164 1705 κηρῶν.
1193 1649 1275 1691 τῶν
1289 1646 1352 1690 ’δὲ
1372 1649 1586 1690 δεσποτῶν
1611 1650 1761 1704 πλησι-

305 1801 355 1834 sis
381 1798 603 1846 Septembris
641 1797 704 1832 die
739 1798 914 1844 vigesimo
947 1802 1050 1832 sexto
1094 1798 1264 1833 similiter
1296 1798 1502 1833 celebratur
1519 1797 1703 1837 'memoria'
1725 1797 1762 1832 S.

305 1849 454 1881 loannis
482 1846 683 1890 Theologi,
707 1845 875 1879 Dominis
908 1857 952 1879 eo
977 1846 1038 1879 die
1081 1846 1128 1880 ad
1151 1845 1396 1879 venerabilem
1433 1846 1510 1880 eius
1541 1846 1730 1880 ecclesiam
1748 1869 1760 1886 ‚

307 1905 402 1941 quae
441 1895 480 1927 in
519 1893 687 1938 ‹lihippio
729 1899 808 1934 est,
864 1891 1099 1930 abeuntibus,
1165 1892 1335 1926 Calendis
1377 1893 1509 1926 mensis
1547 1892 1760 1926 Novembris

306 1942 492 1986 peragitur
516 1940 628 1973 simili
654 1939 761 1974 modo
788 1939 961 1973 memoria
997 1940 1058 1975 SS.
1083 1940 1358 1985 Anargyrorum‚
1387 1939 1552 1972 Dominis
1574 1938 1620 1972 ad
1645 1948 1761 1972 vene·-

308 1987 462 2021 rabilem
495 1997 620 2020 eorum
652 1987 864 2028 ecclesiam,
897 1997 990 2032 quae
1023 1987 1062 2019 in
1092 1992 1208 2020 tractu
1243 1987 1302 2019 vel
1338 1987 1557 2019 monasterio
1593 1984 1759 2018 Basilisci

309 2040 388 2074 cst,
415 2032 647 2067 abeuntibus.
697 2033 832 2066 Mensis
858 2033 1010 2078 Augusti
1036 2034 1097 2066 die
1132 2033 1304 2077 vigesimo
1340 2042 1439 2066 nono
1468 2031 1636 2065 similiter
1662 2033 1760 2066 cele-

307 2080 435 2113 bratur
467 2081 640 2112 memoria
673 2079 952 2123 decapitationis
979 2081 1014 2113 S.
1041 2081 1186 2112 Ioannis
1211 2079 1476 2119 praecursoris,
1508 2078 1675 2112 Dominis
1711 2077 1759 2111 ad

307 2126 548 2159 venerandam
578 2126 655 2159 eius
690 2125 837 2166 aedem,
862 2137 954 2170 quae
980 2126 1020 2158 in
1057 2127 1277 2159 monasterio
1307 2123 1428 2158 studii
1465 2131 1546 2166 est,
1588 2124 1760 2159 abeunti—

309 2172 378 2206 bus
422 2173 551 2206 eodem
597 2172 694 2213 ritu,
731 2183 839 2217 quem
874 2174 915 2205 in
959 2173 1130 2205 memoria
1167 2183 1232 2204 seu
1264 2172 1356 2204 festo
1394 2171 1428 2204 S.
1469 2172 1759 2206 Panteleemonin
1805 2205 1808 2207 Α

310 2231 418 2264 supra
451 2219 692 2264 exposuimus.
753 2217 843 2251 Nam
895 2223 992 2251 totus
1027 2224 1172 2252 senatus
1205 2219 1244 2251 in
1289 2219 1542 2264 scaramangiis
1589 2218 1761 2252 convenit

309 2277 416 2300 mane
449 2267 488 2298 iu
523 2264 778 2298 monasterium
813 2263 955 2307 Studii;
993 2265 1226 2310 magistrique
1258 2269 1296 2298 et
1327 2265 1472 2309 patricii
1515 2271 1553 2299 et
1591 2265 1758 2299 officiales

311 2317 410 2347 stant
434 2318 534 2346 extra
558 2317 719 2356 portam,
745 2322 838 2356 quae
863 2311 910 2344 ad
933 2322 1030 2344 mare
1057 2312 1226 2356 respicit3
1264 2310 1470 2344 cubiculum
1494 2317 1615 2346 autem
1639 2318 1678 2346 et
1693 2311 1763 2346 ha—

311 2359 407 2393 silici
431 2365 469 2393 ct
482 2357 697 2404 maglabitae
722 2363 758 2391 et
770 2357 928 2391 hetaeria
954 2364 991 2392 et
1014 2357 1403 2403 archontogennemata
1424 2363 1522 2393 stant
1553 2358 1594 2393 in
1623 2363 1732 2404 portu
1749 2383 1761 2400 ,

310 2407 377 2440 nbi
404 2406 529 2439 dromo
568 2405 735 2450 appellit.
794 2404 964 2438 Monachi
995 2410 1114 2438 autem
1147 2405 1248 2438 illius
1277 2405 1487 2438 monasterii
1513 2410 1610 2439 stant
1635 2406 1675 2438 in
1700 2415 1760 2438 se-

310 2454 366 2487 rie
391 2453 556 2498 gemina,
582 2451 708 2484 dextra
741 2451 981 2497 sinistraque,
1007 2451 1052 2484 ab
1077 2452 1141 2484 illa
1167 2452 1253 2486 inde
1278 2453 1412 2485 extima
1438 2457 1544 2497 porta
1573 2463 1690 2499 usque
1714 2451 1762 2485 ad

309 2506 467 2546 portum,
491 2501 532 2532 In
547 2509 618 2545 quo
635 2498 859 2543 appellentes
874 2498 1021 2531 Domini
1040 2510 1119 2532 cum
1133 2498 1259 2532 eodem
1274 2499 1447 2532 comitatu
1465 2504 1502 2533 et
1519 2499 1646 2532 eodem
1661 2497 1761 2531 ordi-

310 2559 370 2586 ne,
393 2558 498 2592 quem
512 2547 549 2578 in
568 2545 737 2579 memoria
755 2545 789 2578 S.
811 2546 1097 2579 Panteleemonis
1114 2546 1284 2586 diximus,
1299 2547 1504 2592 egressique
1520 2557 1540 2579 e
1558 2556 1661 2584 nave,
1674 2554 1760 2590 pvo-

312 2593 445 2627 cedunt
462 2595 500 2626 in
514 2593 691 2637 obsequio
713 2590 874 2625 cubiculi
894 2598 931 2626 et
948 2593 1221 2638 maglabitarum
1241 2598 1278 2625 et
1294 2593 1490 2634 hetaeriae,
1509 2590 1760 2637 praecedenti-

313 2641 379 2681 bus
395 2640 603 2673 monasterii
623 2638 790 2672 Studiani
805 2637 1006 2683 hegumeno
1020 2639 1245 2672 thuribulum
1265 2641 1405 2672 sumans
1417 2644 1562 2684 gerente
1582 2644 1620 2673 et
1634 2648 1762 2671 mona-

313 2687 390 2721 chis
415 2699 494 2720 cum
522 2686 634 2720 cercis
660 2685 883 2721 ardentibus.
934 2686 1121 2729 Dominos,
1149 2691 1189 2720 ut
1220 2687 1264 2721 ad
1289 2687 1367 2722 cam
1394 2692 1534 2733 portam
1561 2685 1758 2734 appropin-
