1878 3112
321 156 392 196 m:
430 152 684 196 nmmos.
722 152 899 194 Annus
935 152 1156 193 BYzANr.
1197 154 1249 194 u.
1277 153 1318 198 5.
1426 131 1529 188 531

122 259 204 309 λον,
229 257 304 296 καί
329 257 618 306 προσκαλεῖται
643 250 742 300 τούς
767 252 1069 306 μητροπολίτας
1094 253 1165 294 καὶ
1190 247 1573 307 ἇρχιεπισκόπουςῦ

119 319 220 368 τούς
247 318 350 361 κατὰ
379 317 452 359 τὸν
477 316 566 359 τότε
594 314 738 370 καιρὸν
767 317 1046 370 ἐνδημοῦντας
1072 319 1123 373 τῇ
1153 314 1292 369 πόλει,
1332 314 1405 357 καί
1432 315 1614 368 λέγειΜε.
1627 323 1735 361 180.b

123 382 228 439 πρὸς
253 375 427 430 αὐτούς·
481 380 533 432 ,,ὁ
558 378 753 433 βασιλεὺς
782 379 906 435 η’μῶν
935 379 958 420 ὅ
988 378 1104 435 ἅγιος
1141 381 1292 423 θεόθεν
1330 379 1546 435 ὁδηγηθείς

122 451 266 490 τοῦτον
297 445 542 502 προεβάλετο
570 446 837 498 σύγκελλον·”
904 448 977 487 καί
1017 447 1358 501 άπευχαριστῶσι
1399 445 1545 494 πάντες

99 511 198 554 Evocat
226 511 474 566 ἐξέρχονται.
530 506 619 551 εἶτα
648 509 802 552 κελεύει
829 509 852 553 ὅ
878 510 1141 566 πατριάρχης
1171 512 1344 565 τεθῆναι
1372 508 1546 563 σκαμνί-

123 593 168 620 ον
202 574 348 631 μικρὸν
382 576 442 624 εἷς
479 573 525 616 τὸ
577 572 791 628 εὐώνυμον
849 576 984 618 αὑτοῦ
1020 578 1148 630 μέρος
1198 573 1429 617 ἄποκοπτὸν
1463 575 1546 616 τῶν

122 641 316 693 σκάμνων
347 641 427 682 τῶν
454 642 790 695 μητροπολιτῶν.
846 641 887 682 εἰ
922 642 968 681 δὲ
995 640 1101 696 τύχῃ
1147 638 1252 682 εἶναι
1279 642 1417 694 ἕτερον
1443 638 1547 693 σύγ-

122 710 250 758 κελον,
278 707 438 746 τίθεται
465 704 512 746 τὸ
542 707 730 746 τοιοῦτον
751 706 950 758 σκαμνίον
968 707 1027 754 εἰς
1053 704 1099 746 τὸ
1131 703 1265 756 δεξιὸν
1290 707 1417 759 μέρος
1442 701 1547 745 εἶπο-

121 768 292 827 κοπτόν.
345 767 414 811 ἆεί
435 767 513 824 γάρ
548 767 586 810 οἱ
606 769 802 823 γσύγκελοι
829 772 1169 826 προεισέρχονται
1195 771 1278 812 τῶν
1300 773 1549 827 μητροπολιρ

77 827 293 884 ιοτῶνείς
316 833 361 876 τὸ
395 840 696 890 πατριαρχεῖον
728 836 802 876 καί
831 838 1074 887 καθέζονται
1110 834 1347 877 α’ποκοπτοί.
1398 835 1590 887 lot-{omn

126 895 191 942 ὅτι
230 901 276 941 ἐν
314 905 405 947 ταῖς
442 897 643 954 μεγάλαις
680 899 968 954 προελεύσεσιν
1001 897 1076 941 οὖκ
1113 902 1173 949 εἰς
1206 898 1339 955 μικρά
1368 899 1549 952 σκαμνία

127 965 371 1014 καθέζονται
398 962 435 1004 οἱ
460 962 662 1017 σόγκελοι,
691 960 780 1006 ἀλλ’
807 966 853 1006 έν
881 971 967 1013 τοῖς
994 966 1115 1013 ἰδίοις
1141 964 1330 1016 σελλίοις,
1359 964 1551 1018 δηλονότι

122 1031 167 1072 ἐν
195 1035 281 1076 τοῖς
307 1029 383 1069 τοῦ
410 1026 671 1084 πατριάρχου
699 1031 916 1085 σεκρέτοις,
950 1029 1051 1083 ούχί
1076 1031 1122 1071 δὲ
1150 1031 1227 1071 τοῦ
1247 1029 1452 1082 βασιλέως
1468 1046 1551 1070 πα·-

122 1093 272 1150 ρόντος.
327 1092 398 1134 ἐπὶ
416 1091 494 1148 γάρ
523 1095 732 1150 παρουσίᾳ
758 1096 964 1149 βασιλέως
992 1093 1178 1137 κάτωθεν
1204 1097 1286 1135 τῶν
1310 1092 1550 1149 μαγίστρων

76 1151 371 1209 ι5κα9έζονται
399 1159 443 1199 ἐν
469 1163 554 1208 τοῖς
578 1161 940 1213 μακροσκαμνίοις.
985 1161 1059 1201 καί
1084 1162 1129 1201 ἐν
1153 1161 1210 1216 τῷ
1233 1159 1400 1211 μέλλειν
1425 1158 1551 1200 εἰσιέ-

122 1239 193 1266 ναι
218 1222 316 1272 τούς
344 1225 647 1278 μητροπολίτας
673 1222 748 1278 τὴν
774 1226 847 1266 τοῦ
880 1226 1075 1280 σεκρέτου
1102 1224 1260 1279 πύλην,
1308 1219 1551 1264 ἀνίστανται

122 1290 204 1330 ταῖν
230 1288 424 1340 σκάμνων
457 1286 496 1329 οἱ
525 1285 739 1342 σύγκελοι,
767 1291 840 1331 καί
865 1291 950 1331 τῶν
973 1290 1284 1346 μητροπολιτῶν
1310 1289 1551 1343 εἰσερχομέ-

122 1369 227 1406 mv,
264 1350 525 1408 εὑρίσκουσιν
563 1352 722 1402 αὐτούς
758 1354 913 1406 ἐκεῖσε,
949 1354 1022 1396 καί
1054 1354 1209 1395 κελεύει
1238 1352 1260 1394 ὅ
1288 1354 1550 1408 πατριάρχης

122 1418 379 1473 καθεσθῆναι
413 1417 510 1466 τούς
549 1419 798 1472 συγκέλους.
851 1418 924 1460 καί
956 1419 1082 1460 πάλιν
1116 1421 1373 1472 εἰσέρχονται
1400 1418 1438 1458 οἱ
1463 1434 1547 1471 μη-

71 1485 360 1537 ποτροπολῖται
388 1485 459 1523 καί
484 1481 523 1523 οἱ
549 1479 862 1537 ἇρχιεπιῖτκοποι
887 1483 989 1525 κατὰ
1019 1482 1067 1524 τὸ
1097 1481 1246 1530 εἰωθὸς
1275 1484 1328 1538 τῇ
1357 1483 1542 1535 έκκλησι-
1550 1493 1613 1527 1311.
1624 1494 1660 1528 L,
1674 1497 1738 1540 ³⁰7

126 1547 275 1603 αστικῇ
309 1544 580 1592 καταστάσει,
635 1550 718 1588 τῶν
749 1548 796 1588 δὲ
832 1550 1149 1603 μητροπολιτῶν
1184 1545 1259 1600 τήν
1303 1546 1436 1600 πύλην
1475 1547 1549 1588 τοῦ

126 1611 315 1668 σεκρέτου
341 1608 576 1663 μελλόντων
603 1612 797 1665 εἰσιέναι,
847 1612 1086 1654 ἀνίστανται
1129 1609 1209 1653 ἆπὸ
1238 1612 1319 1652 τῶν
1353 1610 1548 1663 σκάμνων

127 1674 167 1718 οἶ
191 1675 427 1730 σύγκελλοι,
456 1675 529 1717 καὶ
554 1677 751 1718 ἵστανται·
805 1680 879 1718 καί
904 1678 1161 1732 εἰσέρχονται
1186 1676 1356 1728 πάντες,
1382 1675 1457 1717 καί
1480 1692 1548 1717 κε-

127 1734 264 1785 λεύσει
290 1743 367 1782 τοῦ
393 1741 657 1796 πατριάρχου
685 1741 927 1792 καθέζονται
951 1743 995 1783 οἵ
1017 1757 1060 1783 τε
1092 1740 1278 1795 σύγκελοι
1305 1742 1378 1783 καί
1402 1739 1441 1782 οἱ
1466 1758 1547 1796 μη·-

215 1827 249 1861 5.
273 1823 430 1870 τέθῆναι
453 1829 545 1862 coni.
571 1831 635 1871 R„
658 1833 808 1864 τεθεῖνα
830 1830 908 1864 cod.

126 1896 374 1941 significatque
403 1896 489 1940 ipsis
510 1910 519 1927 :
549 1897 774 1931 Venerabilis
799 1907 834 1932 et
872 1906 1017 1932 sanctus
1051 1898 1252 1943 Imperator
1272 1907 1396 1932 noster
1415 1911 1439 1932 a
1468 1898 1544 1933 Deo

125 1941 288 1976 directus
309 1950 344 1976 ιι
374 1943 604 1977 illuminatus
631 1943 727 1978 hunc
757 1946 871 1977 virum
901 1946 1099 1986 syncellum
1123 1946 1276 1978 creavit.
1323 1944 1364 1976 Id
1390 1943 1545 1976 audien-

126 1993 180 2022 tes
203 1999 326 2022 omnes
351 1989 561 2033 Imperatori
590 1991 720 2033 gratias
744 1997 853 2034 agunt
875 1996 912 2023 et
941 1996 1080 2027 exeunt.
1141 1990 1281 2024 Deinde
1306 1989 1411 2023 iubet
1433 1992 1545 2035 patri-

127 2034 233 2067 archa
268 2045 445 2068 scamnum
476 2046 624 2080 parvum
657 2035 702 2068 ad
729 2047 828 2070 suam
876 2038 1055 2073 sinistram
1091 2036 1258 2070 collocari
1293 2042 1495 2081 separatum
1522 2048 1544 2069 a

129 2081 279 2113 scamnis
322 2082 640 2126 metropolitarum.
697 2082 836 2126 Quodsi
869 2095 951 2117 vero
986 2082 1103 2115 adhuc
1123 2082 1215 2115 alius
1241 2082 1334 2114 adsit
1364 2082 1542 2125 syncellus

132 2124 291 2172 [alterius
315 2128 564 2174 patriai-chael,
589 2129 784 2162 collocatur
808 2129 901 2163 illud
924 2139 1104 2162 scamnum
1119 2141 1139 2162 a
1164 2128 1285 2162 dextra
1318 2127 1541 2172 patriarchae

130 2173 284 2205 seorsim.
333 2174 479 2218 Semper
506 2176 627 2214 enim,
657 2180 698 2207 ut
726 2177 826 2220 prius
857 2176 1108 2219 ingrediuntur
1142 2176 1290 2217 syncelli
1319 2176 1359 2207 in
1389 2177 1542 2220 patriar-

130 2216 251 2258 chale,
275 2230 380 2264 quam
402 2221 676 2264 metropolitae,
699 2221 750 2254 ita
774 2223 882 2255 etiam
911 2221 1037 2255 sedent
1061 2221 1106 2254 ab
1137 2221 1181 2253 iis
1205 2222 1364 2257 seorsim,
1403 2222 1562 2265 Magni&

130 2263 169 2294 in
191 2265 474 2306 processionibus
499 2265 655 2300 resident
680 2268 827 2310 syncelli
851 2279 923 2300 non
946 2269 983 2301 in
1001 2267 1115 2312 parvis
1138 2269 1299 2307 scamnis,
1321 2267 1384 2300 sed
1406 2268 1445 2298 in
1467 2267 1540 2299 suis

130 2308 249 2352 sellis;
272 2311 407 2344 seilicet
429 2312 468 2344 in
492 2314 638 2346 secretis
661 2313 883 2358 patriarchae
908 2319 1069 2354 tantum,
1092 2314 1307 2359 Imperatore
1335 2324 1407 2345 non
1434 2324 1540 2356 prae-

131 2359 241 2387 sente.
294 2355 341 2387 At
365 2367 407 2390 eo
426 2364 625 2402 praesente,
648 2360 775 2393 sedent
796 2361 889 2393 infra
913 2361 1096 2404 magistros
1120 2362 1159 2393 in
1183 2359 1451 2392 macroscamnis
1482 2357 1540 2390 vel

130 2399 245 2444 longis
266 2403 426 2435 scamnis.
470 2404 515 2436 Et
546 2405 686 2450 quando
722 2408 760 2438 in
788 2417 830 2440 eo
863 2412 946 2440 sunt
977 2406 1250 2450 metropolitae,
1279 2410 1320 2437 ut
1355 2407 1393 2437 in
1424 2414 1540 2437 secre-

131 2451 204 2478 tum
228 2448 398 2487 veniant,
429 2456 576 2494 surgunt
601 2451 749 2494 syncelli
774 2463 793 2485 e
817 2453 966 2486 scamnis
991 2453 1083 2492 suis,
1114 2457 1150 2484 et
1182 2456 1371 2485 occurrunt
1399 2451 1539 2482 intran-

129 2491 227 2524 tibus
253 2493 489 2536 metropolitis
512 2495 549 2528 in
573 2497 660 2541 ipsis
682 2497 816 2531 foribus
841 2499 967 2531 secreti
986 2523 997 2539 ,
1022 2502 1059 2531 et
1082 2497 1250 2540 deinceps
1275 2508 1393 2528 rursus
1430 2506 1449 2527 a
1474 2505 1539 2538 pa-

129 2537 284 2570 triarcha
304 2538 392 2571 iussi
416 2540 610 2575 consident.
656 2543 701 2576 Et
724 2544 891 2588 deinceps
912 2556 1031 2577 rursus
1054 2544 1263 2588 ingressuris
1285 2540 1538 2583 metropolitis,

131 2583 193 2616 sed
222 2584 327 2616 simul
362 2596 442 2617 cum
480 2586 754 2632 archiepiscopis
795 2590 989 2623 secundum
1023 2589 1185 2622 ordinem
1217 2587 1537 2621 ecclesiasticarum

130 2629 438 2670 constitutionum,
455 2639 641 2676 assurgunt
689 2635 806 2667 uidem
833 2635 979 2678 syncelli
1005 2647 1025 2668 e
1040 2635 1204 2674 scamnis,
1230 2633 1315 2679 [non
1335 2637 1455 2665 autem
1473 2643 1536 2664 oc-

131 2681 279 2710 currunt
303 2675 408 2720 ipsi8‚
435 2676 498 2710 sed
524 2689 590 2710 sno
614 2679 652 2711 in
663 2647 765 2727 Ἱοεο]
790 2681 1003 2725 persistunt,
1026 2680 1151 2720 donec,
1166 2679 1331 2713 omnibus
1354 2678 1536 2722 ingressis,

90 2722 94 2726 '
130 2720 331 2766 patriarcha
356 2721 542 2757 considere
566 2734 685 2759 omnes
713 2726 868 2763 iusserit,
913 2727 960 2760 Ut
990 2726 1159 2771 deinceps
1194 2723 1431 2758 consederunt
1467 2736 1534 2770 pa-
