1832 3112
239 115 311 171 56
518 133 879 176 CONSTANTlNl
922 132 1408 176 PORPHYROGENITI

201 238 314 278 Βτοῦ
358 235 494 291 δήμου
529 237 608 277 τοῦ
643 235 808 277 λευκοῦ.
857 234 962 290 δοχὴ
994 235 1030 277 δ’
1059 238 1105 278 ἐν
1142 238 1199 294 τῷ
1229 235 1481 297 ζΕξακιονιίρ.
1523 239 1694 294 δέχεὲαι

237 305 368 346 ἐκεῖσε
399 299 420 343 ὃ
451 301 669 359 δήμαρχος
695 302 779 343 τῶν
807 303 1043 357 Πρασι’νων
1082 301 1190 356 μετὰ
1219 306 1293 346 τοῦ
1322 303 1457 359 δήμου
1485 306 1563 346 τοῦ
1590 304 1693 363 ῥου-

236 367 344 411 σιόυ.
395 367 498 423 δοχῆ
528 369 549 410 ε’
577 367 637 416 εἷς
663 364 736 409 τὸν
766 364 1012 424 Ξηρόλοφον
1042 367 1213 424 ἀντικρὺ
1251 370 1330 411 τοῦ
1366 369 1594 426 εῦκτηρίου
1619 372 1695 413 τοῦ

239 435 360 490 ἁγίου
391 434 663 476 Καλλινίκου.
701 434 874 487 δέχεται
903 430 1067 476 κάκεῖσε
1097 433 1120 476 5
1152 434 1372 492 δήμαρχος
1399 437 1484 477 τῶν
1500 437 1695 478 Βενέτων

237 501 342 556 μετὰ
371 499 443 541 καί
468 501 547 540 τοῦ
573 499 708 554 δήμου
746 500 824 540 τοῦ
850 501 1017 542 λευκοῦ.
1062 499 1166 556 ὃοχὴ
1202 501 1234 549 ς’
1265 503 1325 551 εἰς
1351 500 1423 544 τὸν
1449 503 1580 544 Βοῦν.
1627 503 1723 554 θεέ-5

236 584 361 621 χεται
388 567 519 608 ἐκεῖσε
546 564 566 608 5
598 563 862 621 δημοκράτης
888 567 971 608 τῶν
999 568 1259 623 Πρασίνων,
1287 562 1418 622 ἤγουν
1449 567 1471 609 5
1502 569 1698 621 ὃομέστι-

238 648 310 683 κος
337 634 418 675 τῶν
445 631 737 686 ἑκσκουβιῑτων.
780 630 885 688 δοχὴ
917 631 949 684 ζ’
979 633 1039 682 εἰς
1067 632 1121 675 τὰ
1158 629 1485 690 Ἀμαστριανοῦ.
1530 636 1698 688 δέχεται

239 701 373 743 ἐκεῖσε
402 697 424 740 5
455 695 715 754 ὃημοκράτης
756 698 840 740 τῶν
880 700 1097 754 Βενέτων,
1139 693 1271 755 ἤγουν
1299 699 1320 742 5
1349 700 1585 754 δομέστικος
1612 701 1697 742 τῶν

239 768 418 821 σχολῶν.
458 763 562 820 ὃοχὴ
590 763 616 820 ή
647 766 707 813 εἰς
745 763 793 806 τὸ
825 766 1126 821 Φιλαδέλφιον.
1169 763 1540 823 ὑποστρεφόμενος
1567 766 1590 808 5
1622 766 1696 821 ‹525-

240 848 408 888 μαρχος
426 832 509 873 τῶν
525 831 715 873 ,Βενέτων
736 829 844 885 μετὰ
866 833 941 873 τοῦ
966 831 1104 887 δήμου
1131 834 1208 874 τοῦ
1238 833 1402 886 λευκοῦ,
1430 837 1548 875 ποιεῖ
1565 834 1750 882 ἐκεῖσειο

241 897 389 954 δοχήν.
440 895 547 953 δοχῆ
575 896 614 938 θ’
645 897 704 946 εἰς
728 895 802 940 τὸν
836 898 1015 954 Ταῦρον.
1064 899 1236 953 δέχεται
1264 900 1396 942 ἐκεῖσε
1425 898 1448 942 5
1480 898 1699 955 δήμαρχος

242 967 327 1008 τῶν
355 964 587 1022 Πρασίνων
612 962 718 1016 μετὰ
754 965 830 1006 τοῦ
869 962 1004 1019 δήμου
1034 966 1109 1006 τοῦ
1137 964 1329 1021 ῥουσιόυ.
1389 964 1495 1021 δοχὴ
1525 966 1548 1007 ι’
1570 966 1617 1008 ἐν
1642 967 1701 1023 τῷ

244 1032 460 1090 φουρνικῷ
487 1031 574 1073 τῶν
604 1030 878 1088 ἄρτοπωλῶν.
918 1029 1286 1089 ὑποστρεφόμενος
1315 1031 1339 1074 5
1371 1030 1589 1087 δήμαρχος
1615 1033 1701 1074 τῶν

207 1098 484 1154 οΠρασι’νων
510 1095 616 1151 μετά
647 1099 724 1139 τοῦ
752 1094 887 1153 δῆμον
917 1099 994 1139 τοῦ
1023 1095 1217 1154 ῥουσιόυ,
1260 1103 1376 1140 ποιεῖ
1396 1099 1528 1141 ἐκεῖσε
1557 1097 1702 1153 δοχὴν.

243 1162 348 1219 ὃοχὴ
379 1162 424 1205 td
454 1164 499 1206 ἐν
526 1164 582 1221 τῷ
611 1162 745 1222 φόρῳ.
773 1162 1136 1220 ὖποστρεφό,ιιενος
1165 1162 1188 1206 5
1219 1162 1435 1221 δήμαρχος
1463 1165 1548 1206 τῶν
1570 1167 1754 1218 Hya-15

242 1233 370 1273 σι’νων
395 1228 504 1284 μετὰ
530 1232 609 1271 τοῦ
636 1228 772 1285 δήμου
805 1231 882 1272 τοῦ
908 1228 1080 1286 ῥουσιόυ
1111 1236 1227 1272 ποιεῖ
1246 1231 1379 1273 ἐκεῖσε
1407 1229 1553 1284 ὃοχήν.
1592 1227 1694 1284 δοχῆ

247 1297 297 1351 ιβ’
328 1297 372 1338 ἐν
400 1297 458 1354 τῷ
487 1296 743 1355 πραιτωρίῳ.
795 1297 963 1350 δέχεται
991 1298 1124 1339 ἐκεῖσε
1153 1295 1174 1339 5
1205 1295 1423 1353 δήμαρχος
1461 1297 1545 1337 τῶν
1570 1295 1701 1337 Rem}-

248 1379 334 1406 των
361 1360 463 1415 μετὰ
502 1362 580 1404 τοῦ
608 1361 745 1418 δήμου
780 1365 856 1405 τοῦ
883 1365 1043 1405 λευκοῦ.
1097 1361 1200 1418 ὃοχὴ
1242 1362 1290 1417 ιγ’
1322 1364 1367 1404 ἓν
1402 1363 1458 1420 τῷ
1487 1361 1701 1418 φουρνικῷ

241 1433 320 1472 τοῦ
349 1428 530 1471 Μιλίου.
566 1428 934 1485 ὖποστρεφόμενος
963 1426 983 1470 5
1012 1428 1227 1484 δήμαρχος
1261 1429 1344 1471 τῶν
1370 1430 1562 1471 Βενέτων
1588 1426 1697 1481 μετὰ

242 1498 320 1537 τοῦ
349 1494 486 1551 δήμου
527 1496 603 1536 τοῦ
632 1498 807 1549 λευκοῦ,
851 1501 966 1537 ποιεῖ
989 1496 1120 1537 ἐκεῖσε
1149 1487 1295 1550 ὃοχήν.
1343 1497 1416 1537 καί
1441 1494 1566 1536 πάλιν
1592 1490 1754 1546 μετὰαο
1804 1535 1805 1538 ,

241 1559 395 1615 μικρὸν
433 1563 508 1618 τῆς
543 1562 738 1618 τοιαύτης
767 1562 893 1618 δοχῆς
921 1563 1091 1616 δέχεται
1118 1560 1140 1603 5
1170 1560 1431 1617 ὃημοκράτης
1458 1562 1543 1603 τῶν
1571 1563 1702 1614 Πρα-

245 1630 393 1681 σίνων,
422 1623 548 1684 ἤγουν
577 1626 598 1670 5
627 1626 918 1683 ἐκσκούβιτος,
951 1626 1058 1682 μετὰ
1087 1629 1162 1670 τοῦ
1190 1629 1420 1684 περατικοῦ
1447 1625 1583 1681 δήμου
1614 1626 1705 1667 τῶν

67 1695 495 1752 Με.4ο.1)Πρασι’νων.
522 1695 595 1736 καί
628 1691 752 1737 πάλιν
778 1692 885 1748 μετὰ
912 1692 1064 1751 μικρὸν
1090 1691 1456 1751 ὖποστρεφόμενος
1485 1691 1508 1735 5
1539 1689 1703 1748 δήμαρ-

210 1772 242 1806 D
254 1778 332 1818 χος
358 1763 442 1803 τῶν
476 1761 709 1817 Πρασίνων
740 1760 848 1815 μετὰ
876 1763 954 1804 τοῦ
988 1760 1125 1817 δήμου
1163 1763 1241 1803 τοῦ
1269 1758 1466 1818 ῥουσίου,
1512 1759 1704 1801 ποιοῦσιν
1802 1812 1806 1816 ἢ

244 1831 380 1874 ἐκεῖσε
416 1827 548 1884 δοχὴν
591 1826 765 1883 ἀντικρύ
804 1831 880 1871 τοῦ
924 1828 1154 1884 Ἀχιλλέως
1191 1826 1298 1886 πρὸς
1336 1825 1413 1882 τὴν
1454 1823 1589 1882 πύλην
1627 1825 1755 1881 τῆςαό

340 1920 372 1954 7.
397 1907 450 1947 εἰς
464 1904 508 1942 τὰ
525 1909 577 1950 R„
602 1907 655 1946 εἰς
669 1907 746 1945 cod.
759 1919 932 1954 superscr.
943 1919 975 1949 τ,
1000 1908 1054 1945 εἰς
1077 1900 1145 1943 τὸν
1171 1907 1227 1941 ed.
1281 1907 1332 1942 13.
1348 1904 1598 1953 α’ρτοπωλίων
1621 1904 1701 1940 cod.
1772 1884 1774 1890 ³

1780 816 1793 831 ρ
1828 816 1832 826 ‘-

1828 835 1832 845 ι

1822 875 1832 929 Ὶε

1822 937 1832 990 z

247 2001 374 2035 Tertia
398 2001 438 2034 in
464 1999 497 2033 S.
523 1999 635 2033 Mocii
651 2025 660 2039 ‚
687 1999 751 2033 ubi
767 1999 988 2033 Venetorum
1013 1998 1182 2033 tribunus
1210 2010 1290 2032 cum
1314 1998 1451 2044 populo
1477 1997 1561 2032 albo
1587 1996 1704 2034 adest,

249 2047 390 2093 Quarta
417 2048 457 2080 in
482 2047 701 2087 Exaeionio‚
726 2046 791 2080 ubi
824 2046 991 2079 tribunus
1016 2046 1242 2080 prasinorum
1278 2057 1358 2078 cum
1394 2045 1554 2079 factione
1590 2055 1701 2078 tussa.

250 2094 392 2139 Quinta
419 2095 458 2127 in
483 2093 691 2138 Xerolopho
722 2106 741 2127 e
765 2095 910 2138 regione
936 2094 1060 2126 sacelli
1084 2092 1118 2126 S.
1132 2092 1320 2126 Callinici:
1345 2097 1418 2126 stat
1441 2092 1495 2126 ibi
1518 2091 1702 2124 Tribunus

248 2140 479 2175 Prasinorum
506 2152 584 2173 cum
606 2141 741 2185 populo
767 2140 864 2173 albo.
914 2140 1022 2173 Sexta
1047 2141 1086 2172 in
1111 2139 1189 2173 foro
1204 2139 1331 2174 Bovis:
1361 2140 1414 2172 ibi
1432 2140 1602 2184 princeps
1617 2137 1703 2170 Pra-

251 2187 414 2221 sinorum
441 2199 503 2221 seu
533 2186 751 2221 domesticus
776 2186 1046 2220 Excubitorum.
1096 2186 1257 2231 Septima
1284 2188 1323 2220 in
1348 2187 1428 2220 foro
1452 2184 1703 2220 Amastriano:

250 2239 323 2268 stat
347 2233 400 2267 ibi
425 2233 647 2267 Venetorum
676 2234 843 2279 princeps
869 2245 931 2266 seu
963 2233 1180 2267 domesticus
1218 2233 1432 2266 scholarum.
1494 2232 1628 2265 Octava
1662 2231 1704 2264 in

250 2279 528 2325 Philadelphio:
573 2287 755 2314 revertens
791 2281 1014 2314 Venetorum
1044 2280 1212 2314 tribunus
1248 2291 1329 2313 cum
1363 2279 1499 2324 populo
1527 2278 1611 2311 albo
1647 2277 1704 2311 ibi

252 2328 437 2373 Principes
475 2327 622 2374 excipit.
679 2327 784 2361 Nona
817 2328 856 2360 in
883 2328 1025 2361 Tauro:
1069 2326 1132 2360 ubi
1160 2326 1328 2360 tribunus
1362 2327 1589 2360 prasinorum
1623 2335 1704 2357 cum

251 2375 391 2421 populo
416 2386 516 2408 russo
545 2373 657 2413 adest,
704 2374 852 2408 Decima
879 2374 918 2407 in
945 2374 1084 2408 fornice
1104 2373 1301 2419 pistorum:
1327 2377 1508 2407 revertens
1534 2372 1704 2405 tribunus

253 2422 506 2462 prasinorum,
533 2433 612 2454 cum
636 2421 772 2466 populo
800 2433 901 2454 russo
933 2421 1114 2467 Principes
1142 2421 1288 2465 excipit.
1320 2420 1515 2453 Undecima
1541 2420 1580 2452 in
1604 2418 1703 2451 foro:

254 2475 438 2502 revertens
457 2469 682 2502 Prasinorum
695 2468 880 2510 tribunus,
905 2479 984 2501 cum
1007 2468 1143 2513 populo
1169 2478 1269 2500 russo
1294 2473 1438 2512 praesto
1463 2471 1527 2499 est.
1553 2463 1705 2498 Duode-

256 2516 351 2549 cima
383 2516 423 2549 in
455 2516 657 2560 praetorio:
695 2520 767 2549 stat
804 2514 857 2548 ibi
890 2515 1059 2548 tribunus
1083 2514 1306 2548 Venetorum
1333 2525 1412 2547 cum
1438 2512 1576 2558 populo
1607 2510 1703 2545 albo.

254 2563 406 2596 Decima
430 2563 537 2596 tertia
569 2562 605 2594 in
632 2562 771 2595 fornice
808 2561 925 2595 Milii:
960 2566 1140 2596 revertens
1175 2560 1345 2594 tribunus
1368 2561 1591 2594 Venetorum
1624 2569 1706 2591 cum

255 2609 393 2656 populo
420 2609 504 2643 albo
526 2609 708 2655 principes
734 2609 878 2652 excipit.
926 2609 1008 2642 Non
1033 2609 1159 2654 procul
1173 2608 1259 2641 inde
1278 2609 1446 2652 princeps
1467 2606 1705 2645 prasinorum,

258 2666 321 2698 seu
352 2656 562 2697 excubitor,
600 2667 678 2689 cum
707 2656 916 2689 transitoria
940 2656 1099 2689 factione
1124 2655 1291 2695 prasina,
1325 2666 1392 2688 nec
1424 2664 1552 2698 magno
1587 2652 1704 2697 spatio

259 2703 451 2736 interiecto
486 2707 667 2736 revertens
706 2703 932 2736 prasinorum
966 2703 1134 2736 tribunus
1167 2713 1247 2735 cum
1283 2701 1418 2745 populo
1458 2711 1580 2739 ruSSO,
1620 2703 1704 2730 ante

261 2749 437 2784 Achilleas
462 2749 620 2785 thermas
645 2749 688 2784 ad
713 2755 853 2795 portam
878 2750 1031 2784 Melctes
1056 2748 1169 2783 adest.
1219 2748 1440 2782 Venetorum
1461 2751 1579 2780 autem
1599 2746 1705 2790 prin-
