1884 3112
291 109 402 184 274
552 125 915 169 CONSTANTINI
957 122 1444 177 PORPHYROGENITI

615 222 686 239 «ΙΙ

287 232 550 287 σιλεντιαρίω
578 245 633 270 τω
662 244 751 269 οντι
793 223 1059 284 ἑβδομαρίω,
1100 221 1211 276 όπως
1247 225 1444 268 ἀπελθών
1472 226 1518 268 ἐν
1551 227 1609 284 τῷ
1637 224 1734 284 οἴκῳ

93 298 361 343 Ed.1,.160wv
391 293 617 350 ὑπάρχου,
657 294 833 350 παραδῶ
861 292 974 351 αὐτῷ
1001 308 1250 346 συμπονου·Δ
1292 290 1444 346 ὁμοίως
1470 293 1543 335 καί
1569 290 1590 333 ὅ
1621 296 1737 347 λογο-

289 363 413 417 θέτης
438 362 514 402 τοῦ
542 358 797 415 πραιτωριόυ
834 375 963 409 ουτως
990 356 1295 415 προβάλλεται,
1331 357 1390 416 μὴ
1428 356 1539 414 ἔχων
1565 356 1738 400 ἀκολου-

290 428 391 469 θίαν
415 420 441 482 ἢ
469 425 583 475 τάξιν
609 425 737 468 πλείω
767 419 794 481 ἢ
823 420 1001 468 ἐλάσσω.

891 536 1031 578 ΚΕΦ.
1059 534 1135 591 νη’.
1737 532 1764 574 5

698 623 783 662 Ἐπὶ
806 626 1015 673 προαγωγῇ
1044 623 1322 673 ἀντιγραφέως.

399 716 665 759 Κελεύουσιν
693 713 732 758 οἱ
773 713 981 757 δεσπόται
1000 715 1058 773 τῷ
1085 713 1366 775 πραιποσίτῳ,
1413 714 1488 759 καὶ
1524 718 1738 774 ἐξέρχεται

290 781 363 826 καὶ
391 785 508 839 ζητεῖ·
531 780 836 836 σιλεντιάριον,
866 783 940 823 καί
965 782 1237 835 ἀποστέλλει,
1267 784 1336 825 ἵνα
1362 779 1457 842 ἴδῃ,
1485 780 1561 826 ἐὰν
1588 785 1741 839 προῆλ-

289 849 401 892 θενό
431 851 668 904 κοιαίστωρ,
698 847 770 891 καί
791 846 868 890 ἐὰν
895 848 1067 906 εὑρεθῇ,
1086 847 1294 903 λαμβάνει
1315 845 1545 906 ἀπόκρισιν
1566 848 1591 891 ὅ
1611 866 1739 904 πραι-

291 913 484 968 πόσιτος,
524 917 597 957 καί
634 911 878 970 ἀναγγέλλει
904 920 990 964 τοῖς
1019 915 1263 968 δεσπόταις,
1313 917 1387 958 καί
1413 915 1792 973 παραλαμβάνειιο

253 979 406 1037 Βπαρὰ
435 983 519 1024 τῶν
547 983 756 1024 δεσποτῶν
784 979 858 1024 τὸν
892 979 1113 1038 ὀφείλοντα
1143 985 1432 1039 προβληθῆναι
1457 982 1740 1040 α’ντιγραφέα,

290 1048 366 1090 καί
399 1049 615 1103 ἐξέρχεται
660 1045 982 1102 ὄψικευόμενος,
1023 1046 1166 1097 καθώς
1204 1044 1399 1105 ἀνωτέρω
1438 1047 1624 1105 εἴρηται,
1671 1051 1744 1091 καί

89 1125 239 1172 Ms.117.
258 1118 413 1171 ὺζητεΐ
437 1113 509 1157 τὸν
537 1116 790 1170 κοιαίστωρα
818 1117 862 1157 ἐν
890 1116 946 1172 τῷ
973 1114 1224 1173 ἦμικυκλύιυ,
1265 1116 1339 1158 καί
1375 1117 1640 1171 παραδίδωσι
1668 1113 1743 1156 τὸν

291 1178 581 1238 οἷντιγραφὲα,
625 1175 703 1223 κᾶν
731 1197 776 1222 τε
805 1177 865 1230 εἷς
904 1183 1018 1234 ἐστι,
1060 1177 1137 1223 κᾶν
1165 1197 1210 1223 τε
1239 1179 1340 1234 δυό,
1379 1183 1453 1224 καί
1491 1178 1743 1235 ἐπεύχονται

289 1253 378 1297 τοῖς
407 1245 648 1301 δεσπόταις,
678 1249 750 1289 καί
765 1248 1004 1303 ἐξέρχονται
1032 1249 1076 1289 ἐν
1103 1248 1155 1304 τῇ
1183 1246 1440 1304 προελεύσει.
1494 1247 1534 1289 εἰ
1561 1248 1607 1290 δὲ
1628 1250 1792 1300 συμ-ι5

289 1316 346 1372 βῇ
372 1313 431 1370 μὴ
474 1313 702 1370 εὑρεθῆναι
730 1312 804 1356 τὸν
843 1316 1097 1369 κοιαίστωρα
1132 1315 1176 1355 ἐν
1213 1312 1342 1371 ταύτῃ
1367 1316 1431 1372 -τῇ
1475 1309 1745 1369 προελεύσει,

294 1382 480 1436 ζητεῖται
524 1379 640 1436 παρὰ
683 1381 760 1422 τοῦ
789 1381 1102 1462 διατρέχοντος,
1145 1380 1416 1434 πεμπομένου
1456 1376 1587 1422 αὐτοῦ
1626 1374 1742 1435 παρὰ

292 1447 372 1490 τοῦ
408 1449 713 1502 πραιποσίτου,
751 1445 826 1488 καί
861 1448 900 1490 εἰ
923 1449 1002 1500 μὲν
1029 1445 1131 1505 ἔλθῃ
1160 1445 1239 1503 πρὸ
1266 1449 1344 1489 τοῦ
1375 1442 1656 1501 ἆκουμβίσαι,
1695 1446 1747 1487 α’-

296 1515 511 1568 ναγγέλλει
547 1510 568 1555 ὁ
595 1511 874 1569 πραιπόσιτος
900 1520 987 1563 τοῖς
1028 1510 1269 1567 δεσπόταις,
1315 1514 1386 1555 καί
1427 1509 1634 1566 λαμβάνει
1673 1510 1746 1553 τὸν

296 1572 516 1640 ὀφείλοντα
546 1581 857 1636 προβληθῆναι,
889 1582 960 1621 καί
986 1581 1105 1634 ζητεῖ
1126 1577 1198 1621 τὸν
1226 1578 1480 1635 κοιαίστωρα
1507 1579 1553 1620 ἐν
1571 1578 1622 1634 τῇ
1639 1580 1800 1632 θερ-αο

258 1645 487 1706 Ομάστρρί,
527 1646 599 1689 καί
623 1647 915 1702 παραδίδωσιν
944 1647 1059 1704 αὐτῷ
1086 1645 1158 1688 τὸν
1198 1646 1486 1702 ἇντιγραφέα,
1527 1643 1600 1686 καί
1625 1644 1748 1686 ἐπεύ-

300 1729 450 1769 χονται
489 1719 575 1763 τοῖς
619 1710 842 1762 δεσπόταις
881 1711 954 1754 καί
995 1713 1305 1769 α’ναχωροῦσιν.
1359 1713 1399 1753 εἰ
1434 1713 1481 1754 δὲ
1521 1710 1664 1768 συμβῇ
1703 1710 1748 1752 ἐν

303 1875 365 1911 ut,
389 1871 516 1904 abiens
534 1871 579 1904 ad
602 1870 777 1916 praefecti
794 1869 961 1912 domum,
984 1879 1198 1903 assessorem
1209 1879 1280 1915 ipsi
1302 1869 1432 1902 tradat·
1478 1868 1616 1903 Eodem
1640 1867 1748 1901 modo

305 1923 343 1950 et
358 1919 531 1971 praetorii
550 1917 734 1962 logotheta
756 1918 1012 1958 constituitur,
1044 1918 1181 1963 quippe
1211 1916 1276 1963 qui
1301 1915 1491 1964 aequalem
1516 1916 1651 1961 plane,
1683 1925 1749 1948 nec

303 1965 478 1997 maiorem
502 1965 722 1999 minoremve
747 1964 961 2010 dignitatem
983 1943 1106 1997 h’abet.

931 2063 1024 2100 CAP.
1048 2066 1103 2100 58.

656 2147 703 2182 In
726 2147 914 2183 creatione
938 2146 1109 2191 magistri
1141 2145 1372 2188 scriniorum.

400 2236 456 2271 Ad
478 2236 687 2270 mandatum
703 2238 942 2271 Dominorum
959 2246 1118 2282 egressus
1134 2237 1363 2290 praepositus
1381 2235 1622 2270 silentiarium
1639 2247 1753 2282 quae-

308 2284 377 2326 rst,
401 2295 558 2330 eumque
583 2284 719 2326 mittit,
743 2290 784 2318 ut
807 2285 950 2326 videat,
975 2295 1021 2317 an
1037 2284 1251 2329 processerit
1270 2288 1440 2329 quaestor
1455 2308 1465 2325 ‚
1490 2295 1562 2338 quo
1585 2289 1727 2329 reperto
1742 2310 1752 2326 ‚

309 2342 521 2386 responsum
547 2331 678 2376 accipit
699 2329 947 2377 praepositus,
979 2331 1017 2364 id
1044 2331 1209 2364 Dominis
1228 2331 1393 2371 nuntiat,
1419 2331 1602 2377 sumitque
1625 2330 1671 2363 ab
1695 2330 1753 2364 his

310 2378 526 2411 scriniorum
557 2379 766 2423 magistrum
801 2378 1104 2434 promovendum,
1134 2383 1171 2410 et
1205 2378 1244 2411 in
1277 2378 1454 2432 obsequ-io
1498 2389 1682 2424 egressus,
1713 2382 1756 2411 ut

312 2425 449 2458 dictum
486 2430 559 2467 est,
590 2432 818 2471 quaestoiem
856 2426 894 2458 in
926 2425 1138 2470 hemicyclio
1164 2426 1327 2470 quaerit,
1362 2426 1421 2458 cui
1442 2424 1597 2458 scribam
1620 2424 1756 2466 tradit,

313 2484 407 2506 unus
434 2473 551 2506 ‹luove
568 2474 652 2513 sint,
673 2478 711 2506 et
735 2473 856 2506 felicia
883 2472 1047 2506 Dominis
1073 2472 1268 2517 apprecati,
1292 2473 1331 2505 in
1357 2473 1587 2517 processione
1613 2471 1756 2516 egredi-

309 2525 433 2566 untur.
460 2519 498 2554 Si
522 2530 605 2555 vero
630 2499 774 2561 a⁷ccidit‚
799 2525 841 2553 ut
861 2526 1030 2575 quaestor
1053 2521 1092 2552 in
1112 2519 1177 2551 illa
1188 2519 1417 2564 processione
1442 2530 1517 2552 non
1541 2520 1756 2564 reperiatur,

309 2577 376 2612 per
400 2564 580 2600 cursorem
607 2577 628 2599 a
651 2568 859 2613 praeposito
884 2567 1033 2601 missum
1058 2567 1264 2613 quaeritur,
1289 2571 1326 2599 et
1357 2568 1387 2599 si
1414 2566 1535 2607 adest,
1558 2571 1756 2611 antequam

309 2624 458 2648 mensae
494 2613 742 2648 accubuerunt
765 2615 934 2656 Domini,
965 2614 1034 2648 hoc
1068 2614 1296 2668 praepositus
1321 2614 1410 2658 ipsis
1437 2613 1602 2654 nuntiat,
1626 2614 1756 2645 sumit-

314 2671 387 2714 que
411 2661 719 2706 promovendum,
745 2666 782 2695 ct
816 2663 999 2708 quaestori
1024 2662 1063 2695 in
1087 2661 1228 2694 camino
1250 2661 1417 2706 quaesito
1441 2659 1654 2693 scriniorum
1678 2669 1755 2691 ma-

313 2706 464 2752 gistrum
492 2709 624 2752 tradit,
644 2687 840 2756 faustaque
864 2710 1049 2756 apprecati
1062 2708 1247 2751 Dominis,
1275 2707 1474 2742 discedunt.
1524 2706 1588 2742 Sin
1613 2705 1755 2741 contin-
