1832 3112
249 148 323 189 DE
362 145 491 190 VITA
526 146 595 188 ET
631 145 802 188 REBUS
841 146 1022 189 GESTIS
1060 145 1438 190 CONSTANTINI.
1515 150 1569 191 m

132 253 328 291 stantinus
356 251 583 290 Romanum
603 248 748 299 filium,
777 263 926 290 corona
955 251 1141 304 imposita
1154 281 1167 302 ,
1194 252 1239 291 in
1265 259 1422 305 partem
1449 266 1568 293 cura-

131 319 224 344 rum
252 307 434 356 vocavit,
463 312 511 345 ut
538 318 631 344 eum
665 307 884 358 temperius
916 313 956 345 et
979 306 1056 346 sibi
1086 313 1127 346 et
1154 309 1379 361 posteritati
1409 309 1569 348 consor-

131 368 261 400 maret
287 362 330 412 ¹).
616 390 619 392 -
1568 396 1573 397 ⁷

239 416 315 455 IX.
369 415 466 454 Una
496 421 584 453 tum
610 415 847 469 Imperatori
880 429 976 454 cura
1007 422 1118 466 erat,
1157 423 1205 455 ut
1238 431 1406 470 regnum
1434 431 1459 457 a
1482 433 1568 458 ma-

129 470 283 510 iuribus
320 469 503 510 relictum
521 500 534 519 ‚
573 472 689 509 avitis
735 471 954 523 patriisque
995 470 1213 510 virtutibus
1258 479 1414 526 regeret
1430 503 1442 523 ,
1496 488 1570 513 nec

131 526 305 564 extrema
345 538 369 564 a
404 524 586 564 barbaris
617 525 986 564 dehonestarentur.
1053 525 1345 578 Cappadociam
1384 530 1490 566 enim
1531 537 1572 569 et

129 579 375 619 nobilissima
392 581 559 618 minoris
585 579 705 618 Asiae
730 579 877 632 oppida
900 580 1103 629 Saraceni,
1137 581 1311 620 'sarsum
1336 583 1570 635 incolentes,

129 641 359 685 vastarunt,
388 633 538 687 praeda
559 634 753 673 immensa
776 643 815 674 et
834 636 1002 687 captivis
1038 634 1222 686 plurimis
1249 636 1447 687 abductis,
1467 652 1571 691 quos

129 691 255 743 pactis
282 690 451 728 induciis
475 689 697 740 Imperator
725 691 874 742 recepit
894 691 936 739 ²).
992 689 1204 728 Interiecto
1231 697 1430 744 tempore,
1455 707 1567 744 cum,

127 758 236 783 nova
270 744 396 783 classe
424 745 632 793 instructa,
666 745 817 783 Graeca
848 743 983 782 littora
1016 744 1271 795 obsiderent,
1299 747 1468 786 Basilius
1505 762 1568 787 se-

128 799 261 838 cundo
288 799 437 851 praelio
462 811 528 836 eos
548 800 766 850 prostravit
779 827 792 848 ,
823 797 874 836 de
897 798 1064 836 ducibus
1085 801 1253 851 captivis
1282 801 1568 842 Constantinus

128 853 379 906 triumphum
415 854 546 905 prisco
580 867 693 891 more
726 854 806 905 egit
837 852 885 902 ³).
956 853 994 890 N
998 867 1041 891 ec
1093 855 1251 892 minora
1285 854 1380 894 belli
1421 857 1567 897 decora

70 923 73 925 ·
129 909 277 947 Leonis
298 915 338 947 et
363 907 597 960 Nicephori,
626 907 787 946 Phocae
807 907 976 959 Bardae,
1010 910 1185 960 supremi
1211 909 1324 948 ducis
1350 913 1562 962 exercitus,

129 962 323 1013 filiorum,
348 962 468 1002 suere.
537 962 641 1013 Qui,
673 976 766 1001 cum
800 969 915 1015 pater
928 992 941 1012 ‚
981 964 1095 1002 annis
1136 964 1367 1018 morbisque
1402 969 1537 1019 gravis
1551 997 1564 1016 ,

128 1017 235 1058 hosti
270 1024 354 1056 tam
382 1017 531 1066 feroci,
572 1023 656 1055 tam
696 1017 840 1056 callido
854 1046 865 1067 ,
899 1018 1032 1070 impar
1062 1026 1164 1057 esset
1177 1049 1190 1069 ,
1219 1019 1314 1058 belli
1352 1020 1568 1061 discrimen

127 1073 286 1111 subiere
298 1100 311 1123 ,
339 1078 379 1111 et
408 1071 559 1110 domito
584 1071 750 1111 Chalebi
778 1072 993 1125 praefecto,
1025 1072 1168 1112 urbem
1190 1075 1483 1127 triumphantes
1512 1079 1570 1116 in·

125 1133 285 1166 tras-unt
311 1126 362 1178 ⁴).
426 1127 630 1166 Victoriae
660 1127 815 1166 fructus
853 1127 950 1166 urbs
981 1127 1188 1168 Samosata
1220 1129 1318 1179 fuit,
1360 1145 1384 1169 a
1417 1131 1563 1171 Basilio

125 1182 170 1220 in
203 1181 395 1221 ditionem
427 1182 603 1223 redacta.
658 1181 814 1221 Eodem
851 1189 1053 1235 tempore,
1093 1197 1138 1223 re
1165 1183 1333 1223 feliciter
1370 1187 1412 1224 in
1447 1186 1561 1225 Afri-

126 1250 175 1275 ca
198 1243 333 1290 gesta,
379 1250 426 1275 ex
463 1236 649 1290 Aegypto
699 1245 739 1276 et
775 1237 914 1277 Persia
953 1237 1071 1290 legati
1085 1267 1098 1290 ‚
1136 1253 1334 1279 renovare
1385 1241 1559 1289 dextras,

126 1298 175 1330 ut
218 1305 325 1331 nova
368 1291 530 1330 ibedera
572 1306 813 1346 componere
862 1293 1065 1345 cupientes
1081 1323 1094 1342 ,
1131 1307 1301 1344 venere,
1342 1295 1451 1348 quod
1480 1297 1557 1335 sibi

126 1347 380 1399 magnificum
393 1377 405 1396 ‚
445 1353 492 1385 ut
540 1354 625 1386 erat
641 1377 654 1397 ‚
698 1349 920 1400 Imperator
951 1347 1063 1386 duxit
1089 1349 1133 1399 ⁵).
1198 1349 1345 1388 Postea
1396 1351 1564 1390 turbare

125 1402 287 1440 fixi-tuna
315 1402 458 1454 coepit.
525 1401 562 1440 E
594 1402 714 1441 Creta
749 1405 856 1442 enim
892 1402 1046 1451 insula,
1088 1418 1233 1457 magna
1271 1405 1562 1445 Saracenorum

123 1456 245 1495 turba
288 1470 525 1510 erumpens,
560 1459 742 1510 navigia,
777 1472 879 1511 quae
918 1458 1060 1496 Graeci
1096 1458 1341 1500 validissima
1370 1462 1412 1498 in
1450 1475 1562 1499 mare

124 1511 391 1561 deduxerant,
419 1518 489 1550 aut
525 1514 685 1562 mersit,
713 1520 783 1551 aut
810 1514 1004 1552 cremavit
1018 1527 1030 1551 :
1061 1527 1201 1552 caussa
1227 1514 1462 1554 calamitatis
1492 1516 1563 1554 du·

125 1580 220 1606 eum
246 1565 484 1619 negligentia
511 1574 551 1605 et
590 1568 790 1619 imperitia
830 1568 918 1608 suit.
972 1567 1010 1605 N
1013 1582 1057 1606 ec
1095 1571 1239 1608 amissa
1276 1570 1562 1609 Constantinus

125 1620 328 1674 Gongylas
365 1623 586 1674 reparavit,
623 1623 721 1674 quin
751 1624 884 1674 potius
917 1623 959 1660 in
994 1637 1196 1661 summum
1232 1624 1444 1662 discrimen
1472 1639 1561 1663 rem

127 1676 374 1714 Graecorum
416 1677 535 1714 traxit
571 1674 615 1726 ⁶).
684 1676 894 1715 Postremo
932 1677 1182 1728 Nicephorus
1220 1677 1378 1716 Phocas
1411 1693 1562 1718 novam

128 1729 294 1769 classem
321 1729 501 1778 molitus,
530 1731 573 1767 in
608 1730 770 1769 Cretam
798 1731 942 1778 solvit,
972 1730 1069 1769 fusis
1104 1731 1310 1782 hostibus,
1338 1746 1448 1771 arces
1476 1747 1562 1772 mu-

127 1786 360 1833 nitissimas,
386 1785 429 1823 in
458 1784 521 1823 his
551 1783 804 1823 Chandacem
821 1815 834 1834 ,
866 1786 1110 1823 tutissimum
1137 1788 1264 1838 gentis
1292 1787 1560 1838 praesidium,

129 1839 296 1889 excidit,
322 1838 465 1888 urbes,
493 1838 702 1891 praefectis
730 1839 961 1892 subiugum
989 1841 1138 1889 missis,
1177 1842 1350 1894 recepit,
1391 1848 1437 1880 ut
1474 1857 1562 1881 me-

126 1893 323 1934 tuendum
352 1900 453 1944 esset
459 1923 473 1945 ,
500 1907 552 1932 ne
579 1900 690 1934 tanto
725 1907 909 1934 successu
936 1908 1074 1934 rerum
1116 1894 1266 1946 elatus,
1300 1909 1470 1950 regnum
1499 1897 1560 1936 af-

188 2002 223 2050 ι)
237 2003 397 2084 toMissere
438 2002 501 2038 hic
541 2004 822 2086 omniagturbat
859 2005 1128 2086 etccopfundTiltl:
1165 2004 1369 2086 Ellilnacinns
1408 2005 1447 2038 in
1461 2003 1560 2087 5Ηίί3-

217 2061 236 2083 s
276 2062 303 2084 r.
353 2061 492 2085 aracen.
542 2061 697 2087 a.2i.
838 2064 857 2086 2
929 2064 1044 2086 Onln.
1132 2062 1174 2085 eo
1228 2063 1284 2085 an.
1335 2063 1432 2086 a.2
1483 2077 1491 2085 .
1548 2076 1556 2085 .

217 2096 256 2142 3)
290 2095 389 2131 Idem
418 2109 498 2143 pag.
514 2062 615 2134 P28ga.
672 2098 758 2132 Eius
795 2051 968 2143 triu)mphi
1012 2063 1241 2143 splendor-lem
1276 2063 1476 2144 Ῑιξρξταιὲι·
1515 2100 1556 2132 in

217 2154 329 2188 opere
365 2143 411 2177 de
445 2143 658 2179 cerimoniis
690 2145 834 2188 Byzant.
869 2144 1059 2190 descripsit
1088 2145 1153 2179 sol.
1181 2147 1260 2179 206.
1286 2145 1321 2179 b.
1348 2155 1401 2191 sq.
1518 2145 1556 2190 4)

215 2190 413 2223 Avaritiam
448 2189 581 2224 Bardae
620 2190 778 2232 Phocae,
823 2193 983 2237 supremi
1020 2191 1195 2225 exercitus
1234 2192 1358 2232 ducis,
1390 2193 1430 2225 in
1464 2191 1557 2224 ulti-

215 2246 310 2269 mam
332 2237 530 2280 perniciem
553 2248 628 2271 rem
653 2238 870 2272 Graecorum
894 2239 1063 2278 traxisse,
1098 2238 1283 2272 Cedrenus
1307 2239 1379 2278 ait,
1403 2249 1437 2282 p.
1461 2238 1556 2282 637„

216 2281 262 2315 de
290 2293 362 2329 quo
384 2283 494 2317 silent
519 2283 663 2318 Contin.
691 2283 945 2329 Theophanis,
971 2283 1209 2330 Logothetes,
1238 2285 1367 2324 ceteri,
1394 2285 1459 2329 qui
1485 2283 1554 2316 Ni-

215 2328 373 2373 cephoro
410 2330 647 2374 triumphalia
688 2336 898 2364 ornamenta
940 2342 960 2364 a
993 2331 1232 2365 constantino
1270 2331 1413 2364 decreta
1452 2339 1556 2369 esse,

213 2375 450 2410 tradiderunt.
499 2376 700 2418 Cedrenus,
740 2378 861 2421 ipsum
902 2377 1160 2422 Imperatorem
1197 2376 1242 2410 de
1286 2376 1481 2410 Chabdano
1514 2381 1554 2409 et

215 2422 366 2467 captivis
391 2423 578 2457 Saracenis
615 2423 839 2468 triumphum
870 2424 1005 2468 egisse,
1042 2423 1174 2463 refert,
1206 2422 1305 2468 quod
1334 2433 1477 2460 verum,
1512 2425 1551 2454 et

215 2468 257 2500 in
289 2479 398 2513 opere
431 2469 477 2503 de
511 2470 690 2503 Cei-imon.
720 2470 744 2503 t.
774 2482 852 2514 207.
888 2469 1072 2512 proditum
1105 2474 1159 2503 est
1190 2470 1394 2502 memoriae.
1445 2467 1548 2500 Conf-

216 2512 381 2558 Theoph.
411 2515 556 2550 Contin.
586 2527 620 2561 p.
648 2518 726 2552 288.
820 2517 856 2560 5)
879 2516 1025 2550 Contin.
1059 2515 1223 2559 Theoph.
1260 2526 1292 2558 p.
1326 2514 1404 2556 284.
1439 2513 1550 2546 etiam

217 2559 340 2594 Gallos
370 2560 416 2594 ad
450 2561 727 2596 constantinum
754 2562 889 2607 legatos
920 2568 958 2595 et
987 2563 1134 2596 obsides
1165 2563 1325 2600 misisse,
1350 2560 1444 2593 idem
1463 2570 1551 2604 pro·

214 2604 272 2639 ‹lit
298 2617 332 2651 p.
359 2609 438 2642 283.
482 2609 538 2641 Ab
565 2609 693 2642 Italiae
716 2620 821 2654 rege,
847 2609 1084 2654 Berengario,
1107 2607 1348 2653 Luitprandus
1375 2606 1550 2639 Ticinen·

215 2653 285 2691 δῖ’,
316 2658 455 2694 orator,
497 2654 838 2700 Constantinopolin
873 2655 1055 2700 profectus
1092 2660 1154 2688 est.
1202 2653 1243 2685 V.
1267 2652 1345 2685 Lib.
1373 2652 1432 2687 VI.
1461 2662 1491 2685 c.
1519 2663 1546 2684 ι.

214 2698 254 2743 6)
276 2699 427 2733 Zonaras
449 2711 483 2745 p.
516 2702 589 2746 ¹95.
636 2701 821 2736 Cedrenus
845 2711 879 2746 p.
905 2701 986 2745 640.
1033 2700 1179 2735 Contin.
1218 2697 1383 2744 Theoph.
1407 2710 1444 2744 p.
1468 2709 1549 2744 ²97·
