1878 3112
260 160 333 200 DE
369 155 630 202 (ammon.
666 154 847 197 AULAE
874 153 1097 198 nrzmr.
1123 157 1177 196 11.
1201 155 1269 200 51.
1427 153 1530 209 701

94 261 230 318 παντᾷ
269 258 386 317 αὕτῷ
412 259 558 315 φορῶν
591 257 739 300 λευκὸν
776 256 994 312 χλανίδιον
1036 257 1058 300 ὅ
1096 254 1227 313 κόμης
1263 256 1346 299 τῶν
1388 251 1542 312 ὄρῥίων

96 327 171 368 καί
198 323 275 368 σύν
302 321 418 382 αὐτῷ
445 323 467 366 ὅ
497 323 788 380 νουμερᾰριος,
816 325 890 365 καί
918 325 1162 366 ἐπιδίδωσιν
1186 323 1313 381 »αὐτῷ
1337 322 1410 378 τήν
1434 324 1557 377 γνῶ--4

97 407 165 434 σιν
191 392 269 432 τοῦ
299 390 570 442 ἀποκειμένου
600 388 739 442 σίτου,
768 388 842 430 καὶ
864 390 1132 445 περιέρχεται
1149 422 1162 442 ,
1191 388 1265 431 καὶ
1290 387 1369 447 6ρᾷ
1394 388 1542 430 πάντα.

98 457 168 498 δεῖ
190 458 236 499 δὲ
264 458 594 512 παρακολουθεῖν
620 456 677 512 τῷ
705 458 878 509 βασιλεῖ’
896 454 970 496 καὶ
995 456 1303 510 ἅρχιτέκτωνα,
1339 455 1433 508 ἵνα,
1462 452 1577 507 ἐάνο

71 520 252 579 ὅθελήσῃ
295 522 696 576 πληροφορηθῆναι,
734 521 775 562 εἷ
810 526 900 569 ταῖς
936 521 1157 576 ἀληθείαις
1194 521 1392 569 τοσοῦτος
1427 522 1542 570 σίτος

95 583 332 640 ἇπόκειται,
369 586 552 643 μετρήσῃ
582 583 604 626 ὅ
633 582 888 641 ἀρχιτέκτων
916 586 1016 635 τούς
1043 585 1224 642 τόπους,
1256 583 1329 635 οὓς
1357 581 1408 627 ἂν
1437 603 1542 628 συν-

95 653 166 710 ίδῃ
205 651 231 695 ὅ
256 650 483 707 βασιλεὺς,
523 650 595 693 καί
633 650 727 708 εἴπῃ
769 647 886 709 αὐτῷ
924 650 970 694 τὸ
1000 651 1169 707 ἀληθές.
1224 651 1296 694 καί
1320 649 1567 708 ε”ξερχόμε-·.

38 715 43 719 ’
96 733 165 767 νος
192 719 341 760 δίδωσι
378 719 436 776 τῷ
474 717 623 773 κόμητι
650 719 733 759 τῶν
768 715 924 774 ὄρῥώιιν
950 716 1213 773 τετραγόνιον
1240 719 1391 773 λιτρῶν
1417 719 1541 770 δέκα,

95 782 169 824 καί
191 782 431 839 ὄλοσὴρικον
459 780 699 839 στιχάριον,
732 783 806 824 καί
834 784 892 840 τῷ
919 782 1181 840 νουμεραρίῳ
1209 781 1260 825 τά
1291 779 1415 825 abui.
1469 782 1545 826 καὶ
1576 786 1581 790 '

50 849 261 892 ιοέκεῖθεν
288 846 470 899 ἐξελθών
497 845 720 903 ἀνέρχεται
749 849 808 897 εἷς
833 846 882 890 τὸ
913 843 1068 903 ὄχημα,
1097 850 1170 890 καί
1194 847 1318 890 πάλιν
1345 848 1386 890 οἱ
1413 847 1544 905 ἔπαρ-

92 930 165 968 χοι
191 915 475 969 συγκάθηνται
501 913 551 955 τοὶ
582 911 707 966 ὅμοια
734 915 972 967 ποιοῦντες,
1001 913 1082 957 εἴτε
1115 916 1163 956 δὲ
1193 912 1293 972 δόξῃ
1323 914 1439 973 αὐτῷ
1468 914 1540 956 διὰ

94 981 170 1020 τοῦ
209 980 378 1033 δεκίμου
417 978 702 1035 ὑποστρέψαι,
744 979 827 1021 εἴτε
868 978 937 1021 διὰ
967 981 1041 1035 τῆς
1067 979 1331 1035 βαλνιαρίας.
1387 978 1429 1022 οἱ
1457 981 1577 1035 μὲνῃ

94 1042 271 1100 κόμητες
307 1044 380 1087 καὶ
422 1045 462 1086 οἱ
488 1047 700 1100 τριβοῦνοι
740 1043 821 1097 ἔξω
846 1047 922 1087 τοῦ
946 1045 1129 1100 μεγάλου
1166 1045 1374 1102 τρικλίνου
1413 1046 1542 1088 ἄκου’-

95 1125 238 1152 ουσινε
265 1127 374 1152 ιοοο
390 1143 403 1164 ,
433 1108 472 1153 οἱ
500 1112 546 1153 δὲ
574 1105 693 1152 ἄλλοι
720 1105 922 1166 ἄρχοντες
947 1111 1221 1166 εἰσέρχονται.
1275 1112 1350 1152 καί
1370 1108 1392 1152 ὅ
1421 1111 1542 1168 ἔπαρ.

47 1179 173 1229 ι5χος
200 1177 273 1230 τῆς
312 1173 469 1226 πόλεως
493 1172 522 1231 ἢ
549 1174 589 1217 οἱ
616 1174 796 1232 ἔπαρχοι
831 1174 1126 1218 συντάττονται
1155 1177 1254 1218 ἐκεῖ.
1311 1175 1351 1218 οἷ
1372 1178 1420 1219 δὲ
1458 1195 1541 1219 πα·-

92 1240 241 1295 τρίκιοι
268 1242 626 1296 συνεισέρχοιται,
653 1243 728 1283 καί
753 1239 891 1284 πάντα
918 1240 1027 1284 κατὰ
1055 1240 1156 1291 ἔθος
1179 1243 1358 1297 γίνεται,
1387 1241 1460 1286 καί
1480 1244 1540 1286 δί-

92 1306 237 1348 δονται
262 1307 415 1360 μίσσαι
441 1308 516 1348 τοῦ
557 1308 776 1349 σιλεντίου.

189 1419 241 1443 12.
259 1409 412 1461 ιΣΧΟΛ.
438 1410 508 1442 τοῦ
531 1387 699 1444 δεκάτου.
795 1411 847 1455 14.
871 1412 1023 1446 ΣΧΟΛ.
1049 1411 1163 1457 τόπῳ.

95 1509 193 1538 rum,
219 1509 346 1543 gerens
373 1498 563 1532 candidam
587 1501 770 1540 tunicam,
807 1505 844 1533 et
876 1512 955 1533 cum
980 1512 1023 1534 eo
1048 1496 1296 1541 numerarius.⁴
1329 1500 1463 1535 Nactus
1487 1502 1534 1535 ab

95 1555 139 1577 eo
165 1545 297 1577 comite
325 1546 524 1589 Imperator
546 1547 718 1579 notitiam
751 1546 925 1580 frumenti
950 1548 990 1580 in
1012 1546 1151 1581 horreis
1176 1547 1333 1592 depositi
1357 1554 1394 1582 et
1417 1559 1533 1581 asser-

93 1590 186 1632 vati,
214 1592 511 1625 circumambulat
539 1596 576 1626 et
597 1592 727 1626 lustrat
750 1594 891 1634 omnia,
927 1604 1046 1627 secum
1070 1594 1209 1627 habens
1233 1594 1393 1640 aliquem
1417 1593 1535 1628 archi-

93 1642 254 1678 tectum,
291 1639 374 1683 qui,
402 1638 557 1672 Domino
588 1639 758 1684 cupiente
787 1645 884 1673 certo
910 1640 1116 1684 explorare,
1141 1651 1227 1673 num
1251 1651 1290 1674 re
1318 1651 1400 1674 vera
1429 1646 1532 1676 tanta

94 1683 213 1724 adsit,
236 1689 371 1729 quanta
393 1684 631 1728 perhibetur,
671 1686 845 1720 frumenti
871 1686 998 1731 copia,
1035 1687 1260 1727 conditoria,
1294 1698 1386 1732 quae
1411 1688 1530 1721 iussus

93 1742 114 1764 a
138 1730 294 1764 Domino
317 1729 448 1772 fuerit,
473 1731 705 1773 dimetiatur,
728 1738 765 1766 et
789 1738 921 1765 certam
944 1733 996 1766 rei
1039 1733 1214 1767 rationem
1248 1733 1294 1766 ad
1331 1745 1412 1767 eum
1437 1734 1532 1768 refe-

92 1781 159 1810 rat.
207 1777 339 1810 Exiens
364 1788 484 1811 rursus
510 1789 555 1812 ex
579 1779 718 1812 horreis
732 1779 932 1824 Imperator
948 1779 1011 1812 dat
1034 1781 1160 1814 comiti
1181 1779 1391 1814 horreorum
1415 1786 1530 1814 tetra-

88 1822 256 1868 gonium,
298 1823 367 1856 hoc
390 1829 445 1857 est
470 1825 744 1869 apocombium‚
772 1827 925 1860 sericum
940 1826 1169 1868 fasciculum,
1192 1827 1329 1861 formae
1343 1827 1529 1872 quadran-

87 1870 242 1915 gularis]
294 1881 392 1903 ecem
414 1872 492 1904 auri
520 1872 592 1906 litr.
619 1871 808 1906 continens
833 1878 870 1906 et
894 1872 1105 1907 sticharium
1126 1872 1378 1913 holosericum,
1422 1874 1527 1907 Idem

90 1927 238 1961 quoque
263 1915 398 1950 donum
426 1918 559 1962 accipit
582 1918 817 1952 numerarius.
866 1919 992 1953 Postea
1010 1931 1130 1953 rursus
1152 1920 1314 1954 ascendit
1327 1922 1528 1966 Imperator

90 1963 131 1995 in
154 1973 319 2007 currum;
346 1969 383 1997 et
403 1965 601 2008 praefecti,
627 1966 691 2011 qui
719 1964 919 1998 identidem
942 1967 982 2000 in
1003 1967 1070 2000 tali
1093 1971 1254 2012 tempore
1281 1967 1432 2012 singulis
1453 1968 1526 2000 Im-

88 2009 315 2054 peratoribus
332 2009 456 2044 adesse
479 2011 609 2053 solent,
635 2012 775 2046 faciunt
791 2011 928 2053 eadem,
954 2023 1047 2058 quae
1057 2014 1222 2058 superius
1243 2015 1404 2059 exposita
1430 2019 1526 2052 sunt.

89 2054 242 2089 Reditur
253 2057 292 2090 in
315 2057 509 2101 palatium,
543 2064 652 2104 prout
675 2059 790 2092 visum
820 2059 975 2093 Domino
1001 2060 1130 2101 fuerit,
1153 2065 1215 2094 aut
1236 2071 1302 2105 per
1324 2061 1525 2100 decimum,

92 2100 193 2149 [circi
205 2114 285 2148 pars
311 2103 403 2150 est‚]
431 2110 496 2138 aut
517 2116 582 2149 per
605 2104 788 2139 balneum.
834 2106 880 2139 Et
904 2106 1050 2140 comites
1077 2107 1226 2152 quidem
1251 2113 1361 2154 atque
1384 2106 1525 2141 tribuni

91 2160 107 2181 s
134 2147 292 2183 bsistunt
316 2155 414 2184 extra
429 2162 596 2197 magnum
608 2152 815 2194 triclinium,
841 2152 966 2186 audita
976 2153 1281 2198 proclamatione:
1305 2156 1414 2195 Loco,
1438 2152 1524 2210 [qua

91 2195 130 2226 iu
155 2195 264 2229 'entur
285 2196 325 2230 in
349 2197 477 2231 eodem
512 2198 592 2232 loco
627 2199 840 2240 consistere,
864 2211 983 2245 neque
1006 2200 1157 2234 ulterius
1177 2199 1400 2248 procedereJ.
1449 2201 1520 2232 Le-

91 2242 162 2274 teri
186 2247 304 2275 autem
329 2255 492 2288 proceres
533 2245 786 2291 ingrediuntur
812 2246 852 2280 in
873 2245 1091 2288 triclinium;
1127 2252 1164 2281 et
1189 2249 1389 2293 praefectus
1414 2246 1520 2280 Urbis

90 2287 151 2320 vel
173 2291 210 2320 et
230 2290 405 2332 praefecti
429 2292 538 2325 ceteri
565 2292 839 2340 [praetoriorum
866 2292 1008 2340 nempe]
1037 2294 1116 2327 vale
1141 2293 1197 2328 ibi
1222 2295 1346 2328 dicunt
1359 2295 1519 2338 Impera·

91 2333 186 2373 tori,
220 2340 329 2381 atque
353 2336 509 2382 abeunt3
557 2338 705 2384 patricii
743 2345 866 2373 autem
895 2351 975 2372 cum
1009 2341 1088 2386 ipso
1121 2340 1258 2376 intrant
1290 2342 1329 2374 in
1352 2350 1519 2384 magnum

91 2379 312 2421 triclinium,
348 2389 385 2416 et
409 2385 501 2418 fiunt
538 2387 659 2420 omnia
684 2396 790 2430 porro
824 2385 1022 2421 secundm
1054 2393 1265 2425 consuetum
1288 2397 1446 2428 morem,
1481 2390 1519 2421 et

94 2425 241 2461 tandem
265 2425 397 2464 dantur
418 2431 545 2466 missae
567 2432 717 2467 silentii.
