1878 3112
918 0 951 28 U

276 67 315 136 4
327 88 390 124 ιο
560 88 920 132 cousnmnm
955 89 1441 136 PORPHYROGENm

276 205 370 243 νεν,
407 188 481 232 καί
514 193 693 244 πέμπειν
721 187 835 250 ‹mnf›
864 190 939 233 καὶ
964 193 1097 248 μέρη,
1144 194 1219 236 καί
1245 194 1292 236 ἕν
1315 199 1409 244 ταῖς
1445 192 1613 253 ἑορταῖς
1638 203 1734 248 ταῖς

274 256 499 312 ἡμετέραις
536 255 612 298 καὶ
645 262 736 306 ταῖς
779 253 910 299 αὐτοῦ
952 262 1056 310 ταῖς
1077 258 1300 316 ἐπισήμοις
1328 261 1467 317 ξένια,
1507 262 1583 307 καὶ
1604 268 1735 308 πολυ-

277 321 437 379 τρόπως
464 320 593 365 αὐτὸν
620 319 892 379 θεραπεύειν.

867 437 1007 479 ΚΕΦ.
1027 435 1111 480 ‘ia'-

426 522 698 573 ’Λναγόρευσις
720 525 889 564 Λέοντος
910 527 1096 571 βασιλέως
1117 527 1186 562 τοῦ
1209 529 1275 573 τῆς
1297 530 1407 568 θείας
1430 527 1575 574 λήξεως.
1762 515 1789 560 5

235 626 266 660 c
387 612 721 671 Τελευτήσαντος
759 617 1023 672 ΖΙΙαρκιανοῦ
1059 619 1138 660 τοῦ
1173 619 1247 673 τῆς
1283 621 1408 669 θείας
1435 621 1614 677 λήξεως,
1635 623 1711 663 καί

271 681 350 722 τοῦ
386 682 664 737 ψηφισματος
703 682 764 733 εἷς
799 684 971 726 Λέοντα
998 681 1072 726 τὸν
1096 685 1172 739 τῆς
1209 684 1413 739 επῖσεβοῦς
1439 687 1594 742 λήξεως
1622 702 1734 741 γινο-

269 748 397 800 μένου
427 746 545 804 παρὰ
575 748 651 803 τῆς
678 746 938 805 συγκλήτου,
979 751 1188 806 συνῆλθον
1216 750 1370 802 πάντες
1395 753 1440 795 ἕν
1469 754 1530 812 τῷ
1556 754 1732 810 κόμπῳ,

269 813 396 854 τοῦτο
415 815 494 867 μὲν
522 811 562 855 οἱ
589 809 793 870 ἄρχοντες
820 817 895 858 καί
922 814 966 858 αἱ
995 818 1148 871 σχολαὶ
1174 817 1247 859 καί
1274 815 1314 859 οἱ
1334 820 1606 874 στρατιῶται,
1634 821 1735 860 τοῦ-

267 895 316 921 το
346 881 394 922 δὲ
422 881 496 922 καί
517 876 759 931 Ἀνατόλιος
807 881 833 922 ὅ
861 878 1193 938 ἇρχιεπίσκοπος
1221 882 1786 937 Κωνσταντινουπόλεως,ιο

272 948 550 1002 Μαρτιαλίου
605 942 724 998 ὄντος
759 948 1026 1005 μαγίστρου·
1062 948 1137 992 καί
1171 952 1257 993 τῶν
1294 950 1495 1007 λαβάρων
1535 951 1610 992 καί
1649 951 1734 992 τῶν

271 1014 425 1067 σι’γνων
461 1015 525 1055 ἐπ’
565 1013 754 1071 ἐδάφους
793 1016 1024 1069 κειμένων,
1066 1011 1247 1073 ἤρξαντο
1282 1017 1436 1066 πάντες
1462 1015 1632 1072 κράζειν
1659 1013 1735 1058 οὕ-

271 1091 377 1128 τως·
433 1078 733 1134 ,,ει’σα’κουσον,
776 1081 802 1123 ὅ
837 1079 972 1136 Θεὸς,
1002 1083 1051 1125 σὲ
1079 1084 1416 1138 παρακαλοῦμεν.
1481 1080 1733 1137 ἐπάκουσον,

269 1144 293 1187 ὅ
323 1146 459 1196 Θεός·
513 1149 670 1190 Λέοντι
699 1146 797 1204 ζωή.
825 1149 1105 1202 εἰσάκουσον,
1136 1146 1158 1189 ὁ
1191 1147 1323 1198 Θεός·
1379 1149 1508 1192 Λέων
1534 1148 1734 1203 βασιλεύ-

259 1217 351 1254 σει.
407 1212 490 1255 Θεὲ
518 1211 825 1269 φιλάνθρωπε,
883 1215 1056 1257 Λέοντα
1097 1217 1277 1269 βασιλέα
1304 1212 1351 1256 τό
1381 1214 1556 1270 πρᾶγμα
1582 1212 1630 1256 τὸ
1658 1214 1788 1270 <5q-15

228 1277 421 1332 ῃμόσιον
463 1280 596 1322 αἰτεῖ·
639 1277 663 1321 ὅ
692 1278 870 1336 στρατὸς
898 1279 1070 1322 Λέοντα
1098 1281 1280 1334 βασιλέα
1308 1282 1438 1324 αἰτεῖ·
1495 1281 1665 1324 Λέοντα
1694 1278 1734 1322 οἱ

75 1342 398 1397 Με.ι61.1)νόμοι
437 1345 710 1399 ἑκδέχονται’
765 1347 935 1388 Λέοντα
969 1344 1015 1389 τὸ
1036 1345 1262 1394 Ἴπαλάτιον
1297 1348 1547 1402 ἐκδέχεται·
1601 1339 1734 1388 αὗται

271 1411 406 1466 εὔχαί
430 1413 508 1453 τοῦ
535 1410 767 1454 παλατίου·
807 1406 937 1455 αὗται
963 1411 1170 1463 ἐντεύξεις
1198 1414 1277 1454 τοῦ
1303 1413 1611 1469 στρατοπέδου·
1654 1404 1733 1454 αὗ-

270 1494 341 1521 ται
369 1474 500 1532 εὖχαί
532 1480 609 1534 τῆς
646 1478 904 1535 συγκλήτου·
959 1471 1090 1522 αὗται
1117 1477 1247 1534 εὐχαὶ
1269 1480 1348 1521 τοῦ
1374 1480 1507 1522 λαοῦ·
1562 1479 1732 1522 Λέοντα

365 1580 401 1604 2.
425 1568 584 1617 ἡμέραις
608 1569 687 1603 cod.
712 1579 779 1616 pro
809 1568 1020 1617 ἡμετέραις.

270 1651 312 1683 in
336 1649 433 1690 illis,
458 1660 551 1696 quos
576 1650 703 1683 Persae
729 1661 795 1683 suo
820 1661 921 1684 more
947 1655 984 1685 et
1008 1661 1054 1684 ex
1078 1649 1257 1696 religione
1281 1660 1347 1684 sua
1371 1650 1540 1686 hilariter
1559 1648 1726 1684 celebra-

271 1707 310 1730 re
335 1697 479 1737 solent,
502 1698 718 1730 munuscula
745 1696 944 1742 hospitalia
968 1697 1117 1741 mittat,
1139 1697 1340 1745 multisque
1366 1703 1404 1733 et
1426 1697 1622 1746 exquisitis
1646 1707 1730 1731 mo-

271 1743 327 1778 dis
353 1754 437 1778 eum
461 1744 558 1777 colat
582 1748 695 1791 atque
721 1743 961 1780 demereatur.

910 1835 1007 1871 CAP.
1032 1848 1090 1883 9¹·

318 1903 564 1940 Renuntiatio
589 1903 728 1940 Leonis
752 1906 839 1952 Imp.
864 1904 1023 1942 divinae
1046 1906 1182 1951 sor-tim
1206 1917 1282 1946 seu,
1306 1905 1438 1952 quihus
1463 1903 1679 1941 cerimoniis

705 1963 779 1999 Leo
804 1962 923 1998 dictus
948 1965 1154 2007 Imperator·
1163 1964 1301 2012 suerit.

363 2032 549 2066 Marciano
575 2031 721 2067 divinae
732 2034 841 2067 sortis
868 2034 944 2066 vita
974 2033 1170 2075 defuncto,
1198 2032 1437 2079 suffragioque
1464 2036 1612 2066 senatus
1631 2030 1728 2064 Leo-

271 2088 356 2112 nem
384 2080 467 2124 piae
488 2079 594 2113 sortis
618 2081 876 2125 Imperatorem
895 2080 1101 2125 flagitante,
1130 2080 1398 2116 conveniebant
1422 2089 1546 2112 omnes
1573 2078 1613 2111 in
1630 2088 1729 2110 cam·
1771 2106 1774 2108 .

272 2136 341 2170 po,
371 2130 445 2159 tam
466 2125 656 2160 archontes
683 2125 759 2171 [seu
784 2132 939 2160 rectores
965 2127 1024 2161 vel
1052 2127 1251 2174 honorati]
1303 2132 1341 2160 et
1368 2125 1512 2160 scholae
1555 2123 1631 2170 [seu
1663 2134 1729 2156 ve-

272 2172 483 2206 xillationes
503 2173 769 2220 comitatenses]
809 2179 847 2206 et
880 2173 1041 2219 denique
1070 2174 1217 2215 milites,
1250 2184 1359 2219 quam
1384 2173 1496 2206 etiam
1517 2171 1731 2211 Anatolius,

273 2224 351 2253 tum
374 2219 668 2265 archiepiscopus
706 2219 1133 2264 constantinopolitanus
1149 2246 1159 2262 ‚
1196 2226 1233 2254 et
1258 2220 1435 2253 Martialis
1462 2217 1731 2264 magister31a-

273 2266 446 2312 bar-isque
470 2272 509 2300 et
525 2267 636 2312 signis
657 2266 760 2300 humi
780 2266 1001 2308 iacentibus,
1022 2266 1249 2312 incipiebant
1275 2278 1398 2300 omnes
1419 2267 1588 2300 clamare:
1613 2263 1731 2303 Audi,

274 2326 297 2348 o
320 2314 441 2356 Deus,
470 2322 505 2348 te
529 2326 710 2360 rogamus.
756 2312 925 2354 Exaudi,
949 2326 971 2348 ο
998 2314 1114 2357 Deus‚·
1137 2314 1274 2349 Leonis
1302 2313 1420 2348 vitam
1444 2311 1606 2358 indulge.
1631 2309 1732 2346 Audi

275 2373 298 2394 ο
313 2361 435 2404 Deus;
450 2359 524 2394 Leo
543 2362 702 2407 imperet.
731 2362 760 2395 Ο
773 2362 870 2396 Deus
885 2359 1094 2395 hominihus
1108 2361 1280 2407 benigne;
1299 2361 1456 2395 Leonem
1467 2362 1731 2405 Imperatorem

275 2419 334 2442 res
358 2408 508 2453 publica
522 2408 705 2454 flagitat,·
729 2407 912 2442 exercitus
929 2407 1086 2442 Leonem
1105 2408 1368 2453 Imperatorem
1377 2408 1560 2453 flagitat5
1573 2406 1731 2440 Leonem

275 2455 480 2500 respiciunt
500 2455 621 2499 legas,-
641 2455 796 2490 Leonem
811 2463 996 2499 exspectat
1013 2456 1208 2500 palatium.
1229 2455 1336 2488 Haec
1356 2463 1440 2488 sunt
1453 2462 1542 2488 vota
1567 2451 1729 2498 palatii,-

274 2501 344 2535 hae
369 2510 453 2535 sunt
476 2502 764 2547 supplicationes
785 2510 990 2536 castrorum
1001 2515 1015 2544 ;
1034 2501 1124 2536 haec
1145 2510 1230 2536 sunt
1242 2500 1429 2535 desideria
1442 2507 1590 2534 senatus
1601 2512 1615 2542 ;
1638 2497 1732 2532 haec

273 2557 358 2581 sunt
372 2557 464 2582 vota
482 2549 621 2594 popult'.
649 2549 803 2584 Leonem
822 2548 920 2582 orbis
939 2557 1124 2591 terrarum
1143 2557 1327 2594 exspectat
1341 2562 1353 2591 ,-
1370 2549 1526 2582 Leonem
1543 2546 1729 2580 exercitus

275 2604 471 2640 exspectat.
501 2596 695 2631 Commune
709 2594 833 2635 decus,
846 2596 931 2635 Leo,
947 2596 1086 2629 veniat.
1115 2596 1307 2630 Commune
1325 2596 1471 2634 bonum,
1486 2594 1573 2633 Leo,
1586 2599 1727 2638 regnet.

274 2641 430 2676 Exaudi
444 2654 485 2684 ,o
505 2642 616 2684 Deus,
641 2650 677 2677 te
700 2655 883 2689 rogamus.
928 2643 973 2675 Et
998 2642 1164 2686 protinus
1182 2641 1431 2674 adducebatur
1450 2642 1536 2679 Leo,
1561 2639 1624 2683 qui
1643 2643 1730 2670 tunc

277 2699 395 2722 comes
422 2696 459 2724 et
475 2688 646 2724 tribunus
676 2690 947 2725 Mattiariorum
976 2695 1076 2731 erat,
1102 2689 1211 2736 eique
1234 2690 1273 2722 in
1293 2688 1458 2722 tribunal
1490 2687 1591 2721 cuiso
1610 2685 1729 2730 impo-
