1884 3112
869 0 903 36 1

263 109 299 146 -2
308 89 386 144 26
549 98 908 150 cousTAN'nm
960 99 1444 151 Poammoomm

220 209 341 256 1)καὶ
367 209 586 264 ἐκδέχεται
611 208 710 257 τούς
730 205 948 262 δεσπότας,
986 208 1060 251 καί
1086 211 1330 266 ἐξέρχονται
1353 208 1406 252 τὰ
1428 211 1555 268 σκεύη
1577 207 1716 266 mina

263 277 337 320 καί
357 274 380 317 ὅ
398 272 574 330 σταυρὸς
604 275 650 316 ἐν
674 275 732 331 τῷ
760 275 1039 334 τριβουναλίῳ
1065 278 1145 318 τῶν
1173 276 1227 317 aff
1257 276 1519 331 οἶκουβίτων,
1563 278 1716 333 ὁμοίως

263 343 336 384 καί
364 339 416 383 τὰ
444 340 553 394 μέρη
584 338 658 382 καί
690 337 728 381 οἱ
765 341 838 395 τῆς
871 340 1031 390 πόλεως
1061 343 1134 383 καί
1163 339 1216 383 τὰ
1241 342 1555 398 στρατεύματα·
1612 343 1633 387 ὅ
1667 348 1714 389 δὲ

261 404 334 464 τῆς
354 405 646 455 καταστάσεως
669 404 905 462 εὐτρεπίζει
934 404 987 447 τοὶ
1012 408 1120 462 βῆλα
1146 407 1204 456 εἷς
1232 406 1304 450 τὸν
1328 407 1516 464 πόρτηκα
1543 412 1627 454 τῶν
1656 411 1712 455 ιέῖ

262 470 518 526 οἷκουβίτων,
551 470 608 521 ὥς
635 470 723 525 ἔχει
746 472 771 528 ἦ
792 471 1023 527 συνήθεια,
1060 474 1134 514 καί
1168 475 1413 525 καθέζονται
1447 474 1485 517 οἱ
1511 477 1738 527 δεσπόται5

261 540 321 588 εἷς
351 535 420 580 τόν
453 533 579 579 αὐτὸν
603 537 806 593 τρίκλινον
835 539 880 580 ἐν
901 538 1099 592 σελλίοις,
1150 541 1379 596 φοροῦντες
1405 538 1457 584 τά
1490 542 1716 599 διβητήσια

261 602 334 646 καί
361 602 437 653 τιὶς
459 603 686 658 χλαμύδας
705 603 777 646 καί
801 602 852 646 τοὶ
873 606 1106 658 στέμματα,
1136 604 1209 647 καί
1226 602 1286 657 εἷς
1313 612 1465 664 καῖσαρ
1491 610 1718 661 καθέζεται

260 672 307 713 ἔκ
327 671 472 720 δεξιῶν
498 671 573 711 καί
593 666 653 720 εἷς
680 673 725 722 ἐξ
746 666 990 724 εὐωνύμων,
1022 669 1097 713 καὶ
1124 672 1316 716 νεύουσιν
1347 670 1387 715 οἱ
1423 673 1620 716 δεσπόται
1658 665 1717 732 τῷ

260 734 540 794 πραιποσίτῳ,
592 737 665 778 καί
688 738 904 792 ἐξέρχεται
932 735 1042 790 μετὰ
1070 730 1296 795 ὅστιαρίων
1325 738 1400 782 καί
1418 745 1715 796 προσκαλεῖται

65 804 387 858 Ει1.1,.ι33βῆλον
417 800 456 855 ά,
476 797 546 844 τὸν
576 801 918 859 κουροπαλάτην·
975 801 1190 859 δεύτερον,
1217 803 1499 862 μαγίστρους·
1539 804 1589 862 γ’,
1617 805 1768 858 toi-§10

260 869 517 926 πατρικώυς,
549 868 622 910 καί
647 869 700 911 τὰ
729 867 854 911 λοιπὰ
882 871 993 925 βῆλα
1024 869 1126 912 κατὰ
1156 872 1298 924 τάξιν,
1327 871 1384 923 ὦς
1412 871 1502 927 ἔχει
1528 873 1554 929 ἢ
1584 874 1715 929 συνή-

259 937 374 977 θεια.
428 936 502 976 καί
528 930 592 977 ὅτε
621 937 828 992 πληρωθῇ
855 933 990 978 πάντα
1017 935 1066 979 τὰ
1095 938 1204 993 βῆλα
1234 937 1307 980 καί
1332 941 1469 997 σταθῇ
1496 938 1542 982 τὸ
1570 941 1714 996 σέκρε-

260 1017 332 1045 τον
360 997 480 1055 ὅλον,
523 1000 763 1045 κελεύουσιν
802 1000 841 1044 οἱ
878 1001 1078 1045 δεσπόται
1117 1006 1299 1061 λαλῆσαι
1337 1003 1493 1055 αὖτοὺς
1527 1004 1580 1049 τὰ
1616 1005 1716 1062 περὶ

259 1071 338 1112 τοῦ
361 1068 660 1124 νωβελησίμου,
690 1067 764 1111 καί
785 1068 830 1112 εἴ
850 1087 892 1111 τι
916 1069 1149 1123 βούλονται,
1179 1071 1559 1127 ἄνταποκρίνονται.
1619 1073 1710 1131 (Β.)

260 1135 353 1178 Καὶ
378 1132 569 1178 νεύουσιν
601 1135 638 1177 οἱ
666 1135 862 1178 δεσπόται
890 1139 946 1194 τῷ
984 1139 1240 1195 πραιποσίτῳ
1255 1172 1268 1191 ,
1308 1140 1380 1180 καί
1406 1140 1515 1193 λέγει
1538 1137 1766 1191 „zelai—15

261 1202 413 1246 σατε·”
468 1199 542 1243 καί
577 1200 851 1256 ἐπευχόμενοι
893 1204 1160 1258 ἐξέρχονται,
1214 1205 1288 1245 καί
1314 1205 1528 1258 ἐξέρχεται
1556 1205 1582 1261 ἡ
1610 1203 1709 1259 σύγ·

261 1272 404 1324 κλητος
431 1269 504 1310 καί
530 1269 698 1310 ἵσταται
739 1269 798 1319 εἷς
838 1268 889 1311 τοὶ
916 1269 1122 1326 γραδήλια
1149 1272 1225 1312 τοῦ
1266 1270 1561 1326 τριβουναλίου
1591 1270 1712 1314 ἔνθεν

262 1331 454 1377 κᾶκεΐθεν
481 1337 557 1376 τοῦ
586 1334 772 1391 ἡλιακοῦ.
819 1333 858 1377 οἱ
886 1336 932 1378 δὲ
959 1337 1173 1392 πατρίκιοι
1201 1338 1390 1379 ἵστανται
1419 1338 1480 1387 εἷς
1507 1335 1581 1380 τὸν
1607 1335 1712 1393 πόρ-

261 1418 366 1457 τηκα
393 1403 478 1443 τῶν
507 1399 561 1442 ιθ·’
591 1400 826 1456 οἶκουβίτων
861 1400 1173 1458 κονσιστώριον,
1215 1402 1288 1444 καί
1324 1400 1482 1454 εὐθέως
1520 1404 1712 1459 ἐξέρχον-

263 1484 335 1510 -ται
363 1466 401 1509 οἱ
430 1465 625 1510 δεσπόται
653 1464 742 1522 ἅμα
771 1470 855 1511 τῶν
885 1468 1097 1525 καισάρων
1125 1467 1198 1511 καὶ
1223 1471 1299 1511 τοῦ
1326 1467 1611 1525 πατριάρχου,
1640 1469 1765 1514 naim>

220 1543 247 1577 Β
264 1535 459 1588 δέχονται
488 1533 614 1576 αὐτόν
643 1534 681 1576 οἷ
709 1536 920 1589 πατρίκιοι
947 1536 991 1577 ἐν
1019 1536 1077 1594 τῷ
1102 1532 1316 1594 πορτὴκῳ,
1359 1537 1430 1578 καί
1455 1531 1614 1585 εὗθέως
1642 1537 1711 1577 πί-

264 1617 438 1655 πτουσι,
486 1602 559 1643 καί
585 1603 694 1655 λέγει
722 1599 745 1643 ὅ
776 1603 850 1658 τῆς
879 1599 1171 1652 καταστάσεως
1197 1603 1491 1656 „ueneficam”
1546 1601 1620 1644 καί
1645 1602 1712 1652 ἐξ·

265 1669 463 1724 ἔρχονται
503 1666 578 1709 καί
613 1668 806 1710 ἵστανται
846 1668 906 1718 εἷς
954 1666 1006 1709 τὰ
1049 1669 1255 1724 γραδὴλια
1300 1669 1377 1710 τοῦ
1414 1667 1710 1723 τριβουναλίου

266 1730 387 1775 ἔνθεν
424 1728 636 1775 κᾶκεῖθεν’
695 1733 735 1776 οῖ
774 1734 821 1776 δὲ
867 1732 1064 1776 δεσπόται
1090 1733 1333 1789 ἐξέρχονται
1361 1733 1432 1775 διὰ
1461 1734 1544 1776 τῶν
1569 1735 1710 1787 μέσων

317 1835 368 1858 ιο.
395 1822 674 1872 κουροπαλοέτιν
703 1824 794 1867 cod.,
810 1825 1120 1871 κουροπαλάτιον
1131 1824 1185 1858 cd.
1241 1827 1291 1863 13.
1308 1815 1458 1862 αὔτοῦς.
1484 1825 1547 1858 καὶ
1564 1820 1609 1857 τὰ
1631 1822 1709 1856 cod.

268 1914 338 1950 que
378 1903 558 1949 daphnem
592 1905 636 1940 ad
678 1905 712 1939 S.
760 1904 938 1950 Stephani
969 1905 1107 1950 pergit,
1141 1904 1316 1938 Dominos
1358 1903 1515 1948 excipit,
1548 1914 1631 1936 vasa
1668 1913 1711 1935 o-

267 1951 366 1984 mnia
399 1962 472 1984 una
509 1963 588 1986 cum
623 1963 725 1986 cruce
761 1952 807 1986 ad
843 1952 1005 1985 tribunal
1042 1952 1120 1985 xlx
1147 1952 1376 1984 accubituum
1404 1950 1625 1996 procedunt,
1654 1948 1709 1981 faa

269 1998 427 2038 ctiones,
463 1999 558 2031 cives
583 2024 592 2039 ‚
637 1999 813 2032 exercitus
863 2003 1072 2044 sequuntur.
1130 1998 1411 2031 Cerimouiarius
1445 1997 1521 2030 vela
1553 1997 1591 2029 in
1622 2006 1710 2040 por-

268 2044 344 2077 ticu
370 2044 451 2077 XIX
493 2045 723 2078 accubituum
765 2057 831 2090 pro
877 2056 976 2078 more
1025 2044 1193 2084 ordinat,
1236 2044 1436 2089 sedentque
1478 2042 1627 2075 Domini
1669 2042 1708 2075 in

271 2090 401 2128 ,eodem
431 2091 592 2125 triclinio
627 2092 666 2125 in
698 2093 817 2133 sellis,
859 2091 1039 2125 (libetesia
1070 2097 1108 2124 et
1148 2089 1352 2133 chlamydes
1376 2094 1429 2137 *et
1470 2099 1618 2123 coronas
1651 2089 1709 2122 fc-

269 2142 414 2172 rentes:
448 2149 540 2171 unus
577 2138 707 2172 Caesar
747 2138 791 2172 ad
829 2137 1016 2179 dextram,
1053 2137 1144 2170 alter
1167 2136 1221 2170 'ad
1254 2137 1436 2170 sinistram
1468 2134 1594 2176 sedet,
1633 2136 1709 2169 Do-

268 2185 362 2223 mini
393 2185 598 2230 praeposito
632 2191 814 2227 annuunt,
851 2186 915 2232 qui
949 2196 1027 2218 cum
1062 2185 1218 2217 ostiariis
1253 2183 1433 2228 egressus,
1470 2181 1588 2216 velum
1629 2183 1709 2228 pri-

269 2236 390 2273 mum,
413 2231 678 2278 curopalatem3
704 2232 922 2274 secundum,
945 2231 1151 2277 magistr033
1176 2230 1346 2270 tertium,
1370 2229 1563 2275 patricios,
1587 2241 1628 2263 ac
1648 2240 1708 2263 re·-

269 2278 372 2324 liqua
403 2279 481 2313 vela
515 2279 665 2320 ordine,
702 2284 745 2312 ut
780 2290 855 2313 mos
893 2284 967 2320 est,
1004 2278 1160 2311 arcessit.
1232 2276 1431 2320 completis
1464 2278 1584 2311 autem
1616 2275 1707 2310 velis

271 2325 438 2359 omnibus
463 2337 504 2360 ac
527 2331 664 2360 secreto
689 2328 855 2359 universo
880 2326 1044 2359 adstante
1060 2350 1070 2364 ‚
1097 2324 1227 2358 iubent
1250 2335 1310 2357 eos
1332 2324 1500 2364 Domini,
1524 2328 1587 2364 ut,
1613 2333 1707 2368 quae

269 2371 506 2408 Nobilissimo
532 2374 647 2407 accini
672 2374 813 2414 solent,
840 2374 1015 2412 recitent,
1041 2373 1144 2418 sique
1169 2371 1314 2409 volunt,
1347 2370 1576 2415 respondent.
1631 2368 1706 2415 (11.)

271 2419 377 2452 Tunc
399 2419 539 2466 signum
563 2421 710 2453 Domini
734 2422 938 2464 praeposito
964 2420 1072 2458 dant,
1109 2419 1211 2464 isque
1238 2417 1350 2450 dicit:
1389 2418 1534 2457 Iubete,
1570 2415 1707 2461 precati

273 2465 505 2510 egrediuntur
522 2478 666 2512 unaque
683 2472 838 2507 senatus,
864 2472 900 2500 et
918 2468 955 2500 in
972 2465 1139 2512 gradibus
1157 2464 1349 2497 tribunalis
1369 2465 1407 2498 in
1423 2470 1575 2509 utroque
1594 2463 1706 2495 latere

274 2513 394 2555 ἓΟῙᾶῐὶί
419 2514 629 2549 subsistunt.
677 2514 822 2547 patricii
846 2524 929 2547 vero
953 2515 991 2547 in
1015 2513 1154 2557 porticu
1175 2511 1254 2545 xlx
1279 2511 1507 2544 accubituum
1529 2510 1704 2542 consisto-

273 2558 368 2592 'rium
394 2563 640 2604 constituunt,
671 2571 816 2606 unaque
851 2561 998 2594 Domini
1037 2571 1115 2592 cum
1141 2558 1355 2592 Caesaribus
1381 2564 1418 2591 et
1442 2554 1640 2602 patriarcha
1666 2567 1706 2588 e-

275 2605 506 2651 grediuntur,
535 2619 640 2655 quem
666 2613 855 2654 postquam
871 2609 908 2640 in
934 2607 1073 2650 porticu
1099 2605 1241 2651 patricii
1265 2615 1437 2649 excepere
1453 2629 1463 2645 ,
1486 2615 1524 2637 se
1545 2607 1707 2646 proster-

272 2652 392 2694 nunt,
417 2653 666 2688 cerimoniario
692 2653 856 2690 dicente:
882 2655 1013 2689 Iubete.
1060 2653 1201 2698 Egressi
1229 2663 1350 2686 omnes
1375 2653 1414 2684 in
1439 2649 1606 2695 gradibus
1637 2649 1706 2681 tri-

272 2697 419 2735 bunalis
432 2699 477 2734 ab
496 2706 648 2749 utroque
667 2701 781 2736 latere
805 2705 924 2747 stant3
949 2701 1096 2735 Domini
1111 2710 1194 2736 vero
1213 2710 1278 2746 per
1298 2698 1434 2733 medias
1457 2701 1578 2744 portas
1589 2693 1634 2730 ad
1644 2705 1705 2729 so·
