1884 3112
343 134 415 175 nn
451 129 708 176 cnmnon.
749 127 929 171 sum
967 125 1190 169 imm.
1232 128 1265 168 1.
1292 127 1365 173 28.
1468 102 1572 180 157

140 238 215 280 xus*
238 232 334 278 ὅσοι
370 236 410 278 δ’
437 229 490 277 ἃν
528 234 574 277 ἓν
609 233 714 274 πᾶσι
753 235 839 280 τοῖς
863 231 1157 284 μοναστηρίοις
1190 226 1263 271 τὸν
1296 227 1459 284 μονήρη
1485 228 1579 280 βίον

141 302 341 345 α’σκοῦσιν
366 302 412 343 ἐν
436 297 563 356 ταύτῃ
591 299 645 355 τῇ
670 293 943 353 θεοφυλάκτῳ
974 293 1091 336 πόλει
1107 326 1118 347 ,
1162 294 1238 335 καὶ
1261 295 1496 336 ἐκτελοῦσιν
1524 289 1579 333 ἅ-

139 383 288 417 παντες
314 363 541 420 παννύχιον
578 362 709 416 ὕμνον
736 363 781 404 ἐν
806 363 863 420 τῷ
890 362 1025 418 σεπτῷ
1051 362 1147 417 ναῷ.
1201 362 1252 417 τῇ
1279 361 1326 402 δὲ
1352 357 1458 414 ἑξῆς,
1488 355 1579 413 ἥτις

140 435 232 476 ἐστι’
255 434 380 488 κυρία
406 433 488 474 τῶν
515 430 707 485 ἡμερῶν,
753 427 966 484 ἐξέρχεται
1006 425 1028 468 ὅ
1057 423 1318 482 πατριάρχης
1353 422 1458 479 μετὰ
1497 425 1580 466 τῶν

114 498 463 556 5προᾷῥηθὲντων
491 494 682 538 ἁπάντων
709 495 755 537 ἐκ
781 497 857 536 τοῦ
883 491 989 535 ναοῦ
1012 490 1120 546 μετὰ
1148 494 1221 547 τῆς
1247 493 1385 546 λιτῆς,
1413 491 1487 532 καί
1513 493 1580 532 δι-

140 567 334 621 έρχονται
361 561 432 604 διὰ
459 564 535 604 τοῦ
564 562 764 616 δημοσίου
794 556 988 613 ἐμβόλου.
1045 557 1069 600 ὅ
1100 558 1146 600 δὲ
1171 555 1374 612 βασιλεῦς
1399 554 1580 606 ἐξελθών

141 629 224 674 α’πὸ
249 631 325 672 τοῦ
349 629 567 681 παλατίου,
597 629 739 683 φορῶν
765 627 924 680 σαγίον,
953 623 1024 667 διὰ
1052 627 1126 679 τῆς
1152 621 1285 680 πύλης
1309 625 1386 665 τοῦ
1412 625 1625 665 onusta-n

142 696 302 753 ρικίου,
340 695 414 736 καί
439 690 758 749 δηριγευόμενος
784 689 868 735 ὑπό
895 707 939 733 τε
966 693 1048 732 τῶν
1073 692 1151 732 τοῦ
1175 691 1469 744 κουβουκλείου
1500 703 1580 745 φο-

143 759 324 818 ρούντων
349 758 401 802 τὰ
431 759 558 814 σαγία
582 759 741 811 αὐτῶν,
787 759 1000 813 διέρχεται
1040 754 1112 798 διὰ
1140 758 1214 810 τῆς
1238 753 1486 811 μανναύρας
1510 752 1585 798 καὶ

91 827 223 872 ποτῶν
250 827 502 880 διαβατικῶν
530 826 659 880 αὐτῆς
683 827 766 867 τῶν
802 824 1040 879 α’νωτέρων,
1085 823 1161 864 καί
1195 820 1268 864 διὰ
1308 824 1381 876 τῆς
1417 822 1581 876 ξυλίνης

141 890 299 942 σκάλας
337 890 569 947 εἰσέρχεται
605 892 653 934 ἐν
688 896 773 939 τοῖς
808 889 1170 945 κατηχουμενείοις
1205 890 1279 943 τῆς
1303 886 1486 942 μεγάλης
1513 887 1581 928 ἕκ-

141 958 327 1013 κλησίας,
354 958 429 999 καί
453 954 656 999 εἰσελθών
682 956 708 997 o‘
727 953 929 1010 βασιλευς
953 957 998 997 ἐν
1016 961 1103 1004 τοῖς
1124 953 1488 1010 κατηχουμενείοις
1510 954 1587 994 καί

142 1021 390 1077 εὔξάμενος,
419 1020 560 1065 ἅπτων
586 1019 764 1079 κηρούς,
791 1019 1079 1074 ὖπαλλάσσει,
1108 1018 1309 1070 ὡσαύτως
1335 1021 1410 1062 καί
1434 1017 1584 1068 πάντες

142 1087 248 1132 κατὰ
273 1087 349 1144 τήν
376 1089 488 1131 ι’δίαν
511 1085 651 1142 τάξιν,
678 1087 731 1130 τὰ
762 1089 1023 1141 α’λλαξίματα
1050 1089 1191 1130 αὕτῶν
1215 1085 1268 1129 τὰ
1297 1081 1454 1143 ἇσπρα.
1508 1088 1585 1140 τῆς

94 1151 191 1197 Ιόδὲ
218 1156 333 1210 λιτῆς
359 1152 613 1210 ἐγγιζοῦσης,
640 1156 803 1197 δίδοται
827 1156 1045 1209 acm-nor,
1074 1156 1148 1196 καί
1173 1155 1385 1209 ἐξέρχεται
1413 1152 1435 1195 ὅ
1462 1155 1582 1206 βασι-

139 1220 237 1272 λευς
253 1221 300 1263 ἐκ
317 1222 393 1263 τοῦ
414 1222 675 1278 μητατωρίου
695 1223 778 1263 τῶν
798 1220 1145 1276 κατηχουμενίων,
1156 1220 1231 1262 καί
1250 1221 1442 1275 δέχονται
1462 1216 1589 1260 αΰτὸν
1606 1222 1670 1258 Ed.
1682 1222 1720 1257 L.
1732 1221 1780 1268 9³

139 1286 180 1330 οἱ
199 1289 409 1343 πατρίκιοι
427 1288 474 1329 ἐν
488 1289 546 1346 τῷ
565 1285 732 1345 μεγάλῳ
761 1289 951 1346 τρικλίνῳ
981 1288 1059 1329 τοῦ
1085 1288 1278 1342 σεκρέτου
1309 1283 1418 1339 μετὰ
1449 1282 1586 1339 πάσης

137 1354 213 1407 τῆς
231 1349 459 1408 συγκλήτου
485 1355 560 1395 καί
577 1355 818 1395 πίπτουσιν.
866 1349 956 1395 εἶτα
986 1351 1128 1406 λαβών
1154 1355 1290 1406 νεῦμα
1313 1351 1335 1393 ὅ
1358 1349 1586 1407 πραιπόσι-

140 1433 210 1467 τος
225 1417 342 1475 παρὰ
369 1422 445 1460 τοῦ
467 1420 686 1473 βασιλέως,
716 1420 866 1462 δίδωσι
887 1422 945 1477 τῷ
969 1421 1043 1474 τῆς
1069 1418 1360 1469 καταστάσεως
1380 1419 1454 1460 καί
1475 1419 1586 1471 λέγει

88 1481 430 1539 αο,,κελεύσατε·”
445 1485 520 1526 καί
543 1485 666 1528 αὐτοὶ
682 1484 1083 1542 ὖπερεύχονται,,εἶς
1102 1483 1282 1534 πολλοὺς
1298 1483 1373 1526 καί
1395 1482 1586 1537 α’γαθούς

140 1548 358 1606 χρόνους,”
409 1552 499 1610 (Β)
540 1554 756 1594 Κάκεῖθεν
776 1548 1090 1607 δηριγευόμενος
1116 1550 1137 1593 ὃ
1156 1548 1358 1604 βασιλεύς
1381 1548 1463 1591 ὑπὸ
1482 1547 1588 1590 πάν-

141 1632 222 1657 των
239 1616 526 1669 βασταζόντων
544 1618 666 1673 κηρία
683 1618 915 1673 ὑποφίαλα,
947 1618 1190 1672 κατέρχεται
1210 1614 1282 1657 διὰ
1301 1617 1377 1658 τοῦ
1396 1614 1579 1671 μεγάλου
1594 1617 1659 1651 Ms.
1671 1629 1726 1665 77.
1739 1629 1761 1652 a

143 1682 315 1735 κοχλιοίἶ
332 1681 405 1722 καί
430 1683 499 1723 διὰ
523 1685 598 1723 τοῦ
620 1684 932 1736 διδασκαλείου,
954 1681 1057 1724 ἔνθα
1076 1680 1128 1723 τὰ
1148 1677 1390 1734 πασχάλια,
1419 1679 1493 1722 καί
1509 1696 1586 1721 κα-

142 1745 302 1789 τελθών
319 1745 370 1788 τὰ
390 1746 607 1803 γραδηλια,
619 1749 695 1788 ου’κ
715 1749 946 1803 εἰσέρχεται
966 1749 1011 1790 ἐν
1030 1750 1087 1806 τῷ
1103 1746 1272 1806 μεγάλῳ
1285 1746 1481 1804 νάρθηκι,
1494 1747 1586 1790 ἀλλ’

236 1849 271 1885 8.
296 1847 377 1882 ὑπό
391 1858 430 1882 τε
447 1850 529 1884 τῶν.
577 1848 730 1896 Aliquid
751 1849 876 1885 deesse
895 1849 1040 1885 videtur
1059 1851 1100 1888 R.

144 1961 225 1983 rum
245 1949 548 1994 suburbanorum,
573 1957 611 1986 et
632 1953 840 2001 quicunque
855 1954 968 1987 vitam
983 1954 1183 1987 solitariam
1200 1953 1239 1987 in
1265 1955 1434 1997 omnibus
1455 1965 1584 1988 mona-

144 1997 263 2030 steriis
291 2009 356 2042 per
377 1997 470 2031 hanc
484 2010 505 2031 a
528 2000 602 2032 Deo
627 2000 845 2034 custoditam
869 2001 995 2034 urbem
1017 2006 1147 2045 agunt,
1182 2000 1321 2035 abeunt
1343 2007 1380 2035 et
1408 2001 1583 2046 hymnum

143 2049 360 2077 nocturnum
379 2046 420 2078 in
441 2046 577 2091 templo
597 2047 803 2080 venerando
829 2049 994 2081 recitant.
1021 2050 1164 2082 Postera
1182 2047 1259 2089 die,
1284 2059 1378 2095 quae
1398 2048 1581 2082 dominica

145 2096 219 2132 est,
242 2091 444 2136 patriarcha
465 2104 546 2125 cum
563 2092 669 2126 dictis
692 2094 861 2127 omnibus
890 2105 910 2127 e
936 2096 1072 2141 templo
1096 2106 1176 2128 cum
1194 2095 1337 2129 solenni
1360 2107 1492 2141 pompa
1514 2107 1583 2142 per

142 2137 322 2182 porticum
348 2138 532 2184 publicam
554 2140 799 2185 progreditur3
834 2143 1036 2186 Imperator
1065 2152 1150 2175 vero
1182 2153 1202 2175 e
1227 2143 1366 2187 palatio
1395 2154 1581 2188 egressus,

144 2194 266 2227 sagum
286 2185 404 2218 serens
419 2211 429 2226 ‚
453 2197 518 2232 per
534 2192 674 2231 portam
693 2187 903 2233 spatharicii
925 2189 1077 2230 transit,
1102 2190 1330 2237 stipatusque
1350 2201 1371 2223 a
1393 2190 1582 2223 cubicula-

144 2229 227 2270 riis,
250 2232 342 2275 sagis
362 2232 436 2264 suis
467 2234 629 2274 vestitis,
661 2245 726 2279 per
750 2247 982 2280 magnauram
1005 2241 1046 2269 et
1071 2237 1244 2271 transitus
1271 2237 1349 2270 eius
1378 2238 1582 2282 superiores

142 2286 281 2322 perque
303 2278 459 2322 ligneam
491 2280 622 2313 scalam
655 2292 805 2326 magnae
830 2282 1003 2316 ecclesiae
1033 2282 1287 2317 catechumena
1319 2285 1448 2325 intrat,
1470 2289 1507 2317 et
1527 2283 1583 2316 ihi

145 2332 228 2354 cum
250 2325 360 2357 cereis
389 2328 545 2360 accensis
564 2333 754 2371 precatus,
779 2334 856 2361 tum
880 2329 980 2374 ipse,
1006 2335 1084 2363 tum
1106 2331 1216 2363 ceteri
1242 2342 1364 2364 omnes
1383 2330 1583 2364 secundum

145 2367 308 2402 ordinem
333 2382 435 2405 suum
456 2375 651 2407 mutatoria
671 2375 754 2408 alba
772 2375 940 2409 induunt.
990 2378 1220 2411 Processione
1242 2378 1583 2424 appropinquante,

143 2415 330 2449 silentium
354 2417 478 2460 datur,
509 2422 708 2465 Imperator
740 2433 785 2455 ex
812 2424 1005 2456 metatorio
1045 2424 1383 2458 catechumenorum
1404 2422 1583 2469 procedit,

144 2471 254 2507 quem
272 2464 415 2507 patricii
435 2477 506 2499 una
533 2479 614 2500 cum
634 2469 804 2502 universo
825 2475 952 2503 senatu
980 2471 1019 2503 in
1041 2482 1170 2516 magno
1193 2471 1353 2505 triclinio
1371 2470 1500 2503 secreti
1518 2480 1582 2503 ex-

144 2508 297 2552 cipiunt,
322 2515 359 2542 et
375 2513 576 2555 procidunt.
625 2515 768 2549 Deinde
790 2517 1029 2561 praepositus,
1054 2518 1154 2562 signo
1177 2518 1223 2550 ab
1242 2520 1461 2564 Imperatore
1481 2515 1581 2556 dato,

142 2555 312 2598 magistro
332 2557 604 2593 cerimoniarum
618 2563 759 2603 annuit,
783 2563 847 2608 qui
864 2563 969 2596 dicit:
995 2565 1134 2607 Iube1e3
1166 2565 1255 2610 ipsi:
1271 2567 1316 2599 In
1332 2564 1448 2597 multa
1461 2563 1581 2597 bona-

143 2613 213 2648 que
234 2610 396 2648 tempora
424 2605 632 2640 acclamant.
681 2609 756 2655 (11.)
781 2609 841 2644 Sic
863 2609 909 2642 ab
930 2610 1099 2644 omnibus
1118 2621 1240 2644 cereos
1261 2621 1341 2643 cum
1362 2609 1496 2655 phialis
1517 2620 1581 2653 ge-

142 2647 335 2690 stantibus,
359 2650 512 2695 stipatus
532 2657 570 2686 et
586 2665 652 2698 per
671 2666 835 2700 magnam
857 2655 1040 2690 cochleam
1068 2662 1106 2691 et
1124 2657 1372 2695 didascafium,
1397 2654 1461 2689 ubi
1486 2657 1578 2700 cycli

140 2693 326 2739 paschales
350 2699 640 2742 constituuntur,
661 2711 802 2749 perque
835 2704 969 2737 scalam
1002 2704 1183 2750 digressus
1198 2728 1209 2746 ,
1230 2714 1400 2749 magnum
1430 2702 1580 2737 narthe-
