1832 3112
295 97 465 138 ‚XLVIII
600 94 672 136 10.
712 94 874 136 HENR.
914 90 1113 134 LEICHII
1154 91 1564 138 COMMENTATIO·

302 206 506 240 tentarunt
519 228 532 250 ,
566 198 686 238 Anno
722 197 803 253 944
835 198 964 237 missis
999 211 1159 252 quoque
1197 200 1239 238 in
1269 198 1504 239 Patzinacas
1525 198 1739 240 concitori·

303 255 380 295 bus
402 255 496 294 belli
523 256 566 305 ¹).
621 256 714 305 Quo
736 255 884 292 nuncio
915 256 1151 306 perterritus
1174 253 1414 308 Imperator,
1443 255 1641 295 tributum
1661 255 1738 295 hoo'

307 313 359 350 sti
379 311 553 364 pendere
583 312 738 363 cogitur
761 310 804 358 2).
858 308 918 347 At
944 322 1049 347 anno
1082 310 1263 362 proximo
1301 310 1440 349 foedus
1471 325 1565 350 cum
1594 311 1739 364 Igore,

309 368 423 406 cuius
447 366 642 404 sententia
670 366 711 403 in
742 363 850 402 hunc
889 363 1054 402 modum
1089 364 1164 403 fiiit
1178 393 1190 415 ,
1218 366 1457 418 paciscitur:
1499 367 1738 405 commercia

304 429 412 460 terra
448 422 628 473 marique
660 419 787 458 libera
821 419 982 472 utrique
1011 419 1162 473 populo
1190 434 1274 459 esse
1306 420 1476 471 debere3
1517 422 1743 461 Chersone·

305 491 395 516 sum
416 476 630 514 Tauricam
657 473 765 513 nolle
804 488 846 513 se
876 475 997 513 armis
1027 475 1216 514 invadere
1230 504 1243 526 ,
1271 489 1345 514 nec
1379 475 1572 529 Bulgaros
1602 483 1745 516 contra

306 532 455 571 incolas
484 533 666 580 excitare,
694 531 736 567 in
766 542 811 568 re
842 529 1012 582 trepida,
1042 530 1279 582 Imperatori
1303 529 1453 569 auxilia
1480 545 1522 571 se
1551 534 1743 572 missuros

306 601 407 637 esse,
436 587 553 624 Russi
584 584 912 638 spoponderunt;
955 584 1005 623 de
1037 586 1177 638 capitis
1206 587 1328 624 etiam
1363 585 1560 626 damnatis
1575 617 1587 638 ,
1616 587 1747 641 deque

306 641 521 693 transfugis
558 647 596 679 et
626 640 848 679 latronibus
882 647 1087 681 statutum.
1166 641 1291 679 Turci
1307 669 1319 691 ,
1361 653 1454 679 cum
1491 643 1639 682 iterum
1680 655 1746 682 res

308 698 480 735 Graecas
515 695 753 735 lacerassent
767 725 779 747 ,
821 709 845 733 a
875 694 1123 748 Theophane
1150 696 1354 748 persuasi,
1382 695 1485 736 datis
1514 697 1720 737 obsidibus
1733 726 1746 750 ,

307 752 500 794 inducias*
517 752 560 789 in
583 752 760 803 quinque
791 764 916 794 annos
938 751 1045 803 pacti
1069 757 1185 790 sunt:
1217 750 1478 805 longinquam
1507 754 1614 792 enim
1639 752 1750 792 mili·

307 809 407 846 tiam
439 807 582 845 Graeci
618 805 936 858 aspernabantur
968 805 1013 856 3).
1735 839 1739 842 ,
1800 838 1811 847 ,

417 862 513 902 VII.
567 861 879 914 Mesopotamiae
917 860 1215 913 componendae
1251 860 1526 915 Theophilus,
1587 861 1751 904 Ioannis

308 917 519 966 Zimiscae,
552 918 621 969 qui
648 923 786 970 postea
806 916 1029 968 Imperator
1059 916 1252 955 salutatus
1273 924 1348 967 est,
1382 931 1482 956 avus
1497 947 1509 968 ,
1539 916 1750 971 deligitur,

310 979 358 1011 ut
386 972 603 1010 Saracenos
620 999 632 1022 ,
671 970 750 1010 late
776 985 822 1010 ea
852 970 941 1010 loca
970 970 1194 1010 habitantes
1211 1000 1224 1021 ,
1255 973 1298 1010 in
1337 971 1531 1026 obsequio
1570 974 1751 1013 contine-

311 1034 376 1067 ret
402 1028 450 1078 ⁴).
511 1026 641 1079 Caput
670 1027 843 1079 regionis
861 1055 873 1077 ,
915 1025 1092 1076 Edessa,
1121 1026 1369 1066 nobilissima
1395 1028 1517 1078 urbs,
1547 1034 1587 1066 et
1617 1030 1753 1068 muni-

313 1084 459 1121 mentis
483 1081 627 1120 obiecti
659 1082 805 1133 amnis,
835 1082 1041 1134 murisque
1070 1081 1245 1131 firmata,
1276 1082 1346 1120 diu
1375 1082 1625 1123 obsidionem
1649 1082 1754 1122 tole-

313 1139 421 1177 ravit
436 1167 448 1188 ,
495 1151 576 1190 qua
603 1137 767 1175 tandem
796 1135 926 1175 soluta
955 1143 1029 1186 est,
1058 1139 1272 1176 servatoris
1301 1138 1491 1191 imagine,
1523 1137 1646 1178 linteo
1675 1140 1754 1178 im·-

314 1206 465 1247 pressa.
522 1192 638 1231 Hanc
676 1191 887 1245 Abgarum
916 1192 1066 1244 Regem
1082 1221 1094 1242 ,
1133 1193 1274 1231 morbo
1300 1192 1451 1232 difficili
1476 1207 1522 1232 ac
1562 1194 1754 1233 diuturno

316 1247 638 1298 decumbentem,
667 1261 759 1286 cum
787 1261 829 1285 se
862 1249 1060 1299 praesenti
1078 1247 1300 1286 Servatoris
1322 1247 1484 1300 auxilio,
1504 1262 1579 1302 per
1604 1248 1757 1289 litteras

316 1302 648 1353 commendasset,
677 1303 889 1354 accepisse,
922 1302 1055 1340 ferunt
1085 1309 1125 1341 et
1151 1303 1360 1356 desperata
1389 1305 1470 1343 iam
1505 1303 1656 1355 salute,
1687 1318 1756 1344 su-

316 1358 402 1398 bito
427 1357 691 1408 convaluisse,
720 1371 812 1396 mox
841 1358 1055 1396 attonitum
1079 1360 1135 1396 rei
1171 1357 1381 1408 miraculo,
1411 1359 1462 1397 ad
1490 1359 1759 1399 Christianam

317 1413 605 1468 professionem
635 1426 719 1451 esse
739 1412 957 1451 adductum
985 1413 1033 1465 ⁵).
1090 1411 1190 1462 Alii,
1222 1421 1267 1452 ut
1295 1412 1456 1453 difficile
1471 1421 1545 1464 est,
1570 1421 1656 1454 tam
1683 1428 1758 1454 an-

316 1471 473 1523 tiquam
507 1482 593 1507 rem
619 1467 817 1507 subtiliter
846 1468 1003 1519 exequi,
1032 1467 1303 1519 Servatorem,
1341 1469 1386 1507 in
1414 1468 1564 1508 oliveto
1592 1471 1756 1510 tristitia

318 1525 514 1563 immensa
540 1522 764 1562 consectum
780 1552 792 1573 ,
824 1521 1043 1561 Thaddaeo
1066 1523 1288 1574 sudarium,
1319 1537 1400 1576 quo
1429 1523 1570 1563 faciem
1603 1525 1759 1564 abster-
1828 1537 1831 1539 ’

321 1586 444 1630 serat,
473 1578 526 1617 ad
554 1577 764 1631 Abgarum
804 1578 1027 1631 principem
1055 1578 1335 1631 perferendum
1362 1578 1574 1618 tradidisse
1612 1594 1760 1619 memo·

321 1642 434 1686 rant,
467 1634 576 1672 edito
596 1633 776 1684 oraculo,
803 1632 946 1671 urbem
961 1661 973 1683 ,
1013 1647 1116 1685 quae
1138 1646 1296 1672 sacrum
1331 1635 1476 1687 pignus
1503 1635 1581 1673 rite
1619 1649 1758 1674 serva-

320 1697 400 1741 ret,
433 1695 627 1742 perpetuo
657 1689 848 1727 invictam
876 1687 961 1726 fore
988 1686 1033 1738 ὓ).
1062 1688 1188 1738 Haec,
1221 1690 1324 1727 mira
1350 1702 1581 1742 quanquam
1594 1718 1607 1740 ,
1636 1690 1757 1729 fidem

322 1759 369 1784 ex
400 1758 447 1782 eo
475 1750 696 1793 traxerunt,
725 1742 833 1796 quod
866 1742 1034 1781 Cosroes
1060 1742 1200 1794 Persa,
1229 1757 1321 1782 cum
1348 1745 1392 1783 in
1415 1743 1622 1784 obsidione
1646 1745 1759 1785 urbis

320 1800 505 1838 haereret
518 1827 530 1848 ,
560 1799 643 1836 eius
672 1805 858 1836 contactu
890 1794 1128 1847 (dedic‘atum
1158 1801 1264 1837 enim
1294 1806 1380 1838 erat
1419 1799 1464 1838 in
1495 1800 1642 1839 veteris
1663 1798 1756 1839 'sta-
1789 1814 1795 1822 ·

321 1861 416 1893 tuae
442 1852 712 1903 fundamento)
752 1853 985 1905 gravissimo
1023 1853 1165 1892 morbo
1196 1853 1386 1893 liberatus
1415 1856 1490 1904 sit,
1523 1858 1562 1895 et
1601 1853 1758 1894 lustrali

323 1922 430 1962 aqua
456 1921 498 1947 se
521 1914 561 1946 et
586 1906 779 1946 familiam
813 1920 973 1945 omnem
992 1906 1101 1946 ablui
1121 1909 1280 1947 iusserit
1309 1909 1352 1961 7).
1408 1907 1514 1947 Hinc
1542 1909 1758 1963 imaginem

374 2057 408 2103 ι)
426 2055 607 2090 Theodos.
621 2053 804 2088 Kioviens.
825 2053 968 2099 an.944.
985 2065 993 2097 3
1018 2054 1129 2089 silent
1143 2053 1239 2089 enim
1256 2054 1350 2090 hanc
1372 2066 1502 2091 novam
1519 2057 1762 2103 irruptionem

414 2102 600 2146 Byzantini
621 2102 822 2146 scriptores.
916 2101 952 2146 2)
976 2101 1077 2134 Idem
1101 2114 1156 2135 an.
1181 2102 1261 2147 945.
1356 2103 1393 2149 3)
1423 2103 1567 2138 contin.
1593 2103 1760 2152 Theoph-

417 2161 452 2194 p.
465 2151 565 2192 267.‚
592 2148 713 2182 ceteri.
762 2147 944 2182 Theodos.
973 2148 1077 2183 Kiov.
1105 2159 1162 2182 an.
1187 2149 1265 2193 943.
1360 2150 1398 2195 4)
1423 2151 1571 2186 Contin.
1594 2150 1760 2197 Theoph.

414 2207 451 2242 p.
477 2197 554 2229 265.
580 2196 658 2239 278.
704 2194 777 2227 Leo
815 2194 1008 2228 Grammat.
1047 2207 1082 2240 p.
1109 2196 1186 2230 508.
1281 2195 1316 2240 5)
1341 2195 1450 2241 Nigra
1482 2198 1623 2245 scilicet
1657 2198 1761 2244 lepra
1828 2202 1832 2220 ⁷

417 2243 572 2286 graviter
622 2240 812 2274 laborabat
858 2241 1044 2284 Abgarus,
1091 2242 1176 2275 inde
1223 2241 1405 2283 Uchomo,
1457 2243 1580 2288 niger,
1627 2256 1763 2290 cogno-
1830 2272 1832 2274 .

415 2289 594 2328 minatus,
628 2292 670 2320 ut
703 2288 856 2330 Bayerus
895 2287 934 2320 in
963 2288 1057 2322 Hist.
1091 2289 1271 2322 Edessena
1300 2300 1334 2334 p.
1361 2290 1435 2334 ¹⁰4·
1461 2291 1678 2335 arbitratui-3
1717 2290 1765 2325 de
1829 2311 1832 2314 <

418 2345 549 2381 genere
589 2335 687 2368 enim
725 2333 843 2367 morbi
879 2344 953 2367 non
988 2336 1158 2368 convenit
1193 2336 1291 2368 inter
1323 2336 1524 2382 scriptores,
1571 2336 1681 2371 Multi
1717 2338 1763 2371 de
1830 2329 1832 2335 ¹

418 2383 554 2415 mutuis
578 2380 710 2426 Abgari
737 2386 774 2414 et
799 2379 934 2413 Christi
969 2382 1132 2426 epistolis
1160 2382 1353 2426 scripsere,
1386 2384 1580 2428 praecipue
1606 2383 1764 2418 Grabius
1815 2374 1832 2388 '⁴

422 2428 545 2472 Spicil.
571 2427 630 2462 ΡΡ.
655 2427 695 2460 T.
712 2427 728 2458 I
757 2427 837 2460 init.
930 2427 968 2471 6)
995 2428 1219 2461 Constantia.
1247 2427 1292 2462 de
1317 2428 1452 2462 Christi
1474 2429 1629 2475 imagine
1652 2430 1765 2464 Edes-
1830 2447 1832 2462 :

423 2486 510 2509 sena
532 2486 566 2520 p.
577 2477 646 2518 83.;
675 2483 768 2518 quae
803 2477 919 2506 exstat
943 2474 1181 2518 inManipulo
1211 2475 1287 2507 Rer.
1314 2474 1496 2509 Constant.
1524 2476 1625 2510 Adde
1653 2477 1762 2510 Com·
1830 2499 1832 2505 ·

423 2521 553 2555 hefisio
579 2525 703 2554 notata
727 2522 854 2564 p.1o5.
951 2521 987 2567 7)
1002 2521 1169 2566 Evagrius
1195 2519 1277 2553 Lib.
1301 2520 1359 2555 IV.
1372 2533 1399 2555 c.
1411 2534 1478 2567 27„
1503 2522 1568 2556 ubi
1593 2524 1766 2559 Cosroem
1828 2535 1832 2538 ·

421 2573 612 2614 propterea
644 2568 839 2600 exercitum
866 2566 948 2612 urbj
977 2567 1177 2601 admovisse
1199 2567 1350 2607 scribit,
1384 2574 1444 2609 ut,
1481 2580 1576 2615 quae
1601 2567 1647 2603 de
1672 2571 1766 2603 ima-

422 2626 505 2660 gine
537 2616 642 2660 vulgo
675 2613 930 2655 tradebantur,
960 2614 1142 2649 mendacii
1173 2619 1348 2660 argueret.
1397 2615 1507 2650 Paulo
1539 2616 1646 2651 aliter
1669 2617 1768 2651 Con·

425 2663 570 2696 stantin.
597 2673 630 2707 p.
645 2672 698 2706 9¹·
725 2664 855 2695 narrat.
