1878 3112
340 140 696 183 CONSTANTlNl
734 139 929 180 PORPH.
971 141 1042 179 DE
1082 138 1337 180 cEmMON.
1453 118 1531 184 45
1535 137 1563 191 7

147 241 246 298 τρὸς
279 241 399 298 ἡμῶν
426 244 499 283 καί
532 242 610 284 σοῦ
636 240 826 282 πάππου·
881 236 968 281 ἄλλ’
998 241 1091 281 ἐπεὶ
1111 241 1313 294 μουσικῆς
1334 239 1570 292 Ἑλληνικῆς

147 307 350 360 ἀμέτοχος
375 305 399 348 ὅ
421 305 648 361 μάγιστρος
673 300 737 360 ἦν,
766 303 895 346 πολλὰ
924 302 1119 359 βάρβαρά
1145 321 1188 346 τε
1215 303 1286 345 καί
1304 302 1471 346 σόλοικα
1498 301 1571 344 καί

146 370 392 423 ἀσυνταξίας
416 366 444 426 ἦ
469 371 619 412 τούτου
640 369 858 425 συγγραφὴ
887 376 1115 424 περιεῖχεν,
1142 370 1183 411 εἰ
1206 370 1279 410 καί
1303 367 1324 411 ὁ
1350 363 1569 423 ἅνθρωπος

146 435 344 490 θεοσεβὴς
368 436 443 476 καὶ
465 431 571 490 οἷνὴρ
600 436 838 487 ἐπιθυμιῶν
866 429 917 489 ἦν
947 436 1029 475 τῶν
1055 436 1132 475 τοῦ
1157 433 1403 487 πνεύματος,
1443 433 1499 482 ὥς
1526 432 1569 475 ἔ-

122 501 279 550 δδειξεν
303 498 327 542 ὅ
354 497 485 541 affro&
507 499 610 553 βίος.
665 496 751 541 ἀλλ’
779 501 824 540 ἐν
850 501 907 556 τῷ
933 495 1122 553 ἇμοιρεῖν
1150 498 1288 551 αὐτὸν,
1317 497 1372 548 ὧς
1395 498 1567 554 ἔφαμεν,

143 565 336 614 παιδείας
354 564 599 619 Ἑλληνικῆς,
627 564 699 606 καί
723 564 749 620 ἢ
778 564 926 606 τούτου
951 562 1171 619 συγγραφὴ
1196 566 1356 616 μᾶλλον
1382 563 1570 618 ὑπῆρχεν

142 628 378 684 ἐπισφαλὴς
416 631 488 670 καί
525 629 796 685 έπιλὴψιμος,
839 627 952 682 ὅμως
988 627 1179 683 ἐπαινετή
1205 632 1278 670 καί
1316 626 1478 684 ἀληθῆ-ς
1512 629 1569 684 τῷ

142 695 320 749 θεοσεβῆ
345 691 453 736 εἶναι
479 694 553 736 τὸν
582 690 716 750 ἄνδρα
744 695 815 735 καί
840 694 1053 750 ἐνάρετον.
1106 694 1260 749 ταύτην
1286 694 1403 748 ἡμεῖς
1428 691 1569 749 εὗρόν-

142 773 209 808 τες
233 762 576 814 παρημελημένην
601 761 659 816 τῷ
685 758 806 816 λόγῳ,
834 758 905 800 καί
930 758 987 809 ὥς
1015 759 1061 801 ἐν
1086 757 1194 812 ἴχνει
1220 762 1340 808 σκιᾶς
1375 759 1611 814 ἅμυδρῶςΒ

97 840 234 873 ,οπως
259 823 314 866 τά
342 824 567 879 πράγματα
596 826 918 879 διαγγέλλουσαν
932 858 945 878 ,
993 823 1068 865 καί
1099 825 1209 877 μηδὲ
1244 822 1292 864 τὸ
1328 827 1403 865 τοῦ
1429 826 1575 879 τρίτου.

142 892 299 945 μέρους
325 891 420 941 τῶν,
449 886 585 945 ὥσπερ
614 889 734 945 ἡμεῖς
759 888 864 945 πρός
888 888 934 931 τὸ
964 886 1220 944 σαφέστερόν
1254 904 1299 930 τε
1326 888 1399 930 καί
1423 893 1570 930 πλατι-

143 953 319 1010 καὶτερον
344 954 637 1010 μετηγάγομεν,
666 953 857 1008 ἔχουσαν,
887 952 1246 1009 συνεγραψάμεθά
1287 970 1354 996 σοι
1381 955 1455 995 τοῦ
1493 971 1571 995 κα-

142 1024 328 1062 ταλιπεῖν
353 1021 413 1069 εἰς
436 1019 682 1074 ὑπόμνησιν.
723 1019 750 1074 ἦ
779 1019 920 1061 τοίνυν
943 1018 1108 1073 τοιαύτη
1135 1021 1219 1061 τῶν
1244 1020 1470 1073 βασιλικῶν
1494 1037 1571 1061 τα-

143 1085 305 1135 §stotzas
329 1084 443 1135 τάξις
466 1099 511 1126 τε
539 1085 612 1126 καί
635 1085 863 1126 ἀκολουθία
891 1083 1141 1140 ἐφυλάττετο
1167 1084 1240 1126 καί
1264 1086 1470 1139 ἐνηργεῖτο
1492 1087 1571 1134 ἕως

93 1147 324 1204 151Πιχαὴλ
348 1151 426 1191 τοῦ
453 1148 724 1205 φιλοχρίστου
755 1148 978 1202 δεσπότου,
1020 1149 1094 1191 καί
1118 1149 1267 1205 Βάρδα
1295 1152 1370 1191 τοῦ
1396 1147 1568 1205 εύτυχε-

142 1210 291 1256 στάτου
319 1215 516 1269 καίσαρος
542 1217 615 1256 καί
638 1214 757 1256 θείου
786 1215 933 1267 αὐτοῦ,
962 1214 1046 1256 ἀπὸ
1073 1217 1158 1257 τῶν
1186 1218 1472 1270 παλαιοτέρων
1491 1219 1572 1268 βα-

142 1278 292 1320 σιλέων
315 1279 342 1334 ἦ
362 1278 536 1334 τοιαύτη
564 1277 752 1335 δηλονότι
779 1279 1013 1334 παράδοσις
1037 1279 1138 1336 πρὸς
1166 1279 1317 1330 αὐτοὺς
1343 1284 1572 1334 καταχθεῖ-

141 1359 220 1396 σα,
264 1343 470 1399 Θεοφίλου
507 1361 552 1386 τε
590 1347 663 1386 καί
689 1344 873 1399 ΠΙιχαηλ
900 1347 975 1387 τοῦ
1010 1344 1169 1401 πατρὸς
1195 1347 1269 1387 καί
1292 1343 1464 1387 πάππου
1492 1347 1606 1389 τοῦῦ

141 1404 276 1450 effron?
299 1407 484 1463 Μιχαὴλ
510 1412 587 1451 τοῦ
613 1411 887 1466 φιλοχρίστου
917 1409 1140 1452 δεσπότου·
1196 1410 1396 1459 ὡσαύτως
1423 1411 1470 1451 δὲ
1497 1410 1574 1451 κᾶ-

86 1473 289 1522 αοκείνοις
314 1474 361 1514 ἐκ
386 1475 470 1515 τῶν
496 1477 709 1530 προτέρων
735 1477 942 1527 βασιλέων
969 1477 1081 1530 φημὶ
1111 1476 1188 1528 τήν
1213 1475 1410 1528 τοιαύτην
1437 1471 1573 1529 παρά-

141 1538 256 1580 δοσιν
280 1541 508 1580 κατελθεῖν.
560 1541 861 1595 παλαιοτέρους
887 1540 934 1580 δέ
961 1554 1071 1595 φημι
1095 1540 1192 1588 τούς
1219 1535 1443 1594 Ἰσαύρους
1466 1539 1572 1580 ἐκεί-

141 1657 295 1692 barbara
326 1664 437 1706 atque
459 1662 620 1702 soloeca,
643 1672 858 1706 omnemque
890 1663 1116 1695 commiscuit
1144 1661 1328 1703 ordinem,
1352 1671 1460 1706 quem
1483 1671 1567 1706 pcr-

140 1706 265 1749 spicua
285 1705 408 1738 futura
430 1712 467 1739 et
490 1708 715 1750 grammatica
726 1709 918 1743 verborum
941 1709 1159 1741 constructio
1180 1709 1327 1752 flagitat.
1374 1709 1460 1740 Erat
1480 1718 1567 1752 pro-

139 1751 236 1784 fecto
258 1752 333 1792 vir,
357 1757 399 1784 ut
418 1753 492 1785 vita
516 1755 593 1786 eius
607 1755 840 1798 monstravit,
863 1755 932 1789 Dei
955 1765 1119 1787 reverens
1149 1760 1186 1786 et
1209 1754 1448 1799 cupiditatum
1490 1765 1566 1786 non

141 1798 269 1838 carnis,
285 1798 349 1831 sed
371 1799 520 1842 spiritus
550 1805 751 1834 assectator.
774 1802 908 1836 Verum
931 1811 975 1834 ex
998 1812 1053 1841 eo,
1076 1801 1175 1847 quod
1198 1802 1384 1840 Graecam,
1408 1805 1448 1832 ut
1471 1799 1566 1832 ‹lixi-

139 1854 239 1885 mus,
267 1844 510 1878 litteraturam
540 1857 615 1879 non
644 1847 858 1890 delibasset,
899 1848 1072 1892 contigit,
1102 1853 1145 1880 ut
1177 1848 1410 1891 scriptionem
1441 1845 1566 1879 ederet

138 1889 413 1935 reprehensioni
436 1891 654 1933 obnoxiam,
677 1898 714 1926 et
736 1906 829 1939 quae
851 1895 966 1940 possit
993 1894 1144 1926 lectores
1175 1894 1215 1925 in
1243 1904 1380 1926 errores
1404 1892 1562 1925 coniice-

138 1946 189 1969 re.
235 1937 299 1970 Est
319 1936 557 1971 nihilominus
580 1939 687 1972 laude
710 1938 817 1985 digna
851 1942 1036 1984 traditque
1067 1951 1170 1981 γει-εις
1193 1940 1302 1985 quale
1326 1939 1417 1985 quid
1439 1950 1459 1970 a
1482 1940 1561 1971 viro

137 1982 210 2016 Dei
234 1989 419 2016 revel-ente
449 1989 486 2016 et
521 1985 664 2018 virtutis
695 1986 857 2020 studioso
888 1992 1080 2030 exspectes.
1140 1987 1212 2018 Has
1246 1987 1370 2031 itaque
1401 1985 1563 2029 magistri

139 2027 287 2062 schedas
309 2030 395 2062 stilo
419 2031 564 2063 rudiorc
588 2038 624 2065 et
658 2033 897 2077 negligentiae
921 2033 1030 2079 pleno
1055 2038 1218 2065 exaratas
1242 2044 1355 2077 quum
1378 2037 1565 2076 praeterea

139 2079 178 2108 et
197 2085 328 2119 paucas
350 2086 428 2108 esse
449 2076 664 2118 videremus,
687 2078 786 2123 (nam
809 2091 854 2112 ne
867 2081 1012 2113 tertiam
1035 2078 1183 2124 quidem
1202 2084 1341 2123 partem
1354 2089 1479 2111 corum
1502 2088 1564 2110 ae-

143 2119 330 2166 quabant,
364 2133 458 2168 quae
485 2134 551 2156 nos
589 2125 627 2157 in
649 2125 706 2158 his
730 2125 863 2159 chartis
885 2127 1075 2171 perspicuo
1098 2126 1209 2170 magis
1232 2131 1270 2158 et
1291 2125 1466 2169 ampliore
1488 2135 1565 2156 ser-

138 2177 247 2199 mone
278 2170 539 2214 exposuimus,)
566 2175 604 2202 81
638 2181 755 2204 rerum
787 2178 927 2205 tantum
958 2172 1109 2205 obscura
1137 2173 1239 2205 velut
1270 2171 1422 2215 vestigia
1446 2176 1566 2203 extre-

138 2223 287 2258 masque
308 2214 422 2248 lineas
445 2221 484 2248 et
505 2215 649 2248 umbras
673 2218 845 2252 exhibere
867 2220 1168 2262 intelligeremus:
1191 2218 1381 2251 consilium
1405 2218 1564 2262 cepimus

140 2257 207 2291 hos
243 2262 515 2294 commentarios
550 2263 765 2297 conficiendi
811 2270 848 2297 et
875 2265 946 2298 tibi
992 2270 1150 2310 tuaeque
1208 2265 1404 2297 memoriae
1451 2264 1565 2295 relin-

141 2304 288 2349 quendi.
345 2306 445 2340 Talis
473 2309 609 2353 itaque,
633 2311 776 2354 qualem
811 2322 895 2344 mox
930 2321 1127 2356 exponam,
1158 2312 1334 2355 regiarum
1358 2309 1565 2354 expeditio-

138 2360 228 2382 num
251 2351 341 2384 ordo
367 2357 477 2397 atque
498 2354 653 2388 formula
686 2357 943 2391 observabatur
977 2358 1134 2390 sollicite
1166 2363 1203 2390 et
1233 2358 1271 2388 in
1302 2368 1369 2389 usu
1403 2361 1480 2388 erat
1504 2365 1564 2386 us-

142 2405 215 2440 que
245 2395 294 2428 ad
321 2397 555 2441 michaelem,
588 2408 767 2436 amantem
802 2403 937 2437 Christi
971 2404 1187 2444 Dominum,
1207 2408 1244 2435 et
1273 2403 1350 2434 eius
1375 2407 1564 2446 patruum,

140 2440 313 2494 Bardam,
347 2443 532 2478 Caesarem
562 2446 829 2490 felicissimum,
866 2456 1061 2494 propagata
1107 2450 1155 2482 ad
1187 2450 1284 2493 ipsos
1317 2448 1362 2480 ab
1406 2450 1566 2491 Impera-

139 2487 301 2528 torihm,
323 2499 447 2522 eorum
469 2491 730 2535 decessoribus,
751 2495 956 2540 Theophilo
979 2501 1067 2541 puta
1090 2501 1127 2528 81
1148 2495 1340 2534 michaele,
1363 2493 1471 2526 modo
1494 2502 1565 2524 no-

140 2534 269 2566 minati
300 2534 453 2568 iunioris
486 2538 586 2570 illius
614 2539 684 2573 hoc
717 2542 865 2586 quidem
898 2553 986 2582 avo,
1022 2542 1088 2574 illo
1123 2547 1243 2574 autem
1272 2545 1385 2585 patre.
1446 2538 1565 2572 Simili

139 2579 247 2613 modo
272 2580 310 2613 hi
335 2581 405 2625 ipsi
429 2592 507 2615 eam
530 2594 550 2615 a
580 2586 653 2618 suis
683 2587 881 2620 maioribus
911 2594 1140 2632 acceperant,
1174 2589 1324 2620 vetustis
1347 2586 1421 2618 illis
1445 2585 1568 2629 Impe-

139 2625 340 2668 nitoribus,
370 2638 460 2672 quos
501 2635 660 2664 vetustos
704 2634 849 2678 quando
899 2635 1070 2673 nomino,
1102 2645 1175 2666 non
1214 2633 1361 2676 designo
1398 2641 1566 2675 magnum

141 2671 246 2706 illum
286 2677 323 2705 et
359 2673 631 2711 celeberrimum
668 2685 903 2725 sanctumque
934 2681 1234 2720 Constantinum,
1276 2688 1350 2712 non
1390 2676 1566 2711 Constan-
