<?xml version="1.0" encoding="UTF-8"?>
<!DOCTYPE html PUBLIC "-//W3C//DTD XHTML 1.0 Transitional//EN"
    "http://www.w3.org/TR/xhtml1/DTD/xhtml1-transitional.dtd">
<html xmlns="http://www.w3.org/1999/xhtml" xml:lang="en" lang="en">
 <head>
  <title>
</title>
<meta http-equiv="Content-Type" content="text/html;charset=utf-8" />
  <meta name='ocr-system' content='tesseract 3.04.00' />
  <meta name='ocr-capabilities' content='ocr_page ocr_carea ocr_par ocr_line ocrx_word'/>
</head>
<body>
  <div class='ocr_page' id='page_1' title='image "./corpusscriptorum07niebuoft_0667.png"; bbox 0 0 1878 3112; ppageno 0'>
   <div class='ocr_carea' id='block_1_1' title="bbox 342 94 1586 160">
    <p class='ocr_par' dir='ltr' id='par_1_1' title="bbox 342 94 1586 160">
     <span class='ocr_line' id='line_1_1' title="bbox 342 94 1586 160; baseline 0 -2"><span class='ocrx_word' id='word_1_1' title='bbox 342 118 415 158; x_wconf 85' lang='lat' dir='ltr'><strong>DE</strong></span> <span class='ocrx_word' id='word_1_2' title='bbox 442 115 716 160; x_wconf 63' lang='lat' dir='ltr'><strong>mmmm..</strong></span> <span class='ocrx_word' id='word_1_3' title='bbox 745 114 925 158; x_wconf 67' lang='lat' dir='ltr'><strong>Amr</strong></span> <span class='ocrx_word' id='word_1_4' title='bbox 962 114 1185 156; x_wconf 64' lang='lat' dir='ltr'><strong>Brzmr.</strong></span> <span class='ocrx_word' id='word_1_5' title='bbox 1209 116 1279 156; x_wconf 81' lang='lat' dir='ltr'><strong>u.</strong></span> <span class='ocrx_word' id='word_1_6' title='bbox 1307 114 1376 159; x_wconf 81' lang='lat'><strong>18.</strong></span> <span class='ocrx_word' id='word_1_7' title='bbox 1477 94 1586 150; x_wconf 70' lang='lat'><strong>601</strong></span> 
     </span>
    </p>
   </div>
   <div class='ocr_carea' id='block_1_2' title="bbox 79 213 1784 1522">
    <p class='ocr_par' dir='ltr' id='par_1_2' title="bbox 79 213 1784 1522">
     <span class='ocr_line' id='line_1_2' title="bbox 148 213 1589 276; baseline -0.002 -14"><span class='ocrx_word' id='word_1_8' title='bbox 148 221 423 275; x_wconf 68' lang='grc' dir='ltr'><strong><em>πευφημοῦσι</em></strong></span> <span class='ocrx_word' id='word_1_9' title='bbox 458 217 532 261; x_wconf 80' lang='grc' dir='ltr'><strong><em>τὸν</em></strong></span> <span class='ocrx_word' id='word_1_10' title='bbox 565 219 768 272; x_wconf 51' lang='grc' dir='ltr'><strong><em>βασιλέαῑ</em></strong></span> <span class='ocrx_word' id='word_1_11' title='bbox 823 216 896 258; x_wconf 78' lang='grc' dir='ltr'><strong><em>καὶ</em></strong></span> <span class='ocrx_word' id='word_1_12' title='bbox 935 216 1096 266; x_wconf 74' lang='grc' dir='ltr'><strong><em>ειῖθέως</em></strong></span> <span class='ocrx_word' id='word_1_13' title='bbox 1132 218 1378 276; x_wconf 76' lang='grc' dir='ltr'><strong><em>κατέρχεται</em></strong></span> <span class='ocrx_word' id='word_1_14' title='bbox 1404 213 1487 258; x_wconf 83' lang='grc' dir='ltr'><strong><em>α’πὸ</em></strong></span> <span class='ocrx_word' id='word_1_15' title='bbox 1512 218 1589 259; x_wconf 82' lang='grc' dir='ltr'><strong><em>τοῦ</em></strong></span> 
     </span>
     <span class='ocr_line' id='line_1_3' title="bbox 148 281 1595 340; baseline -0.003 -13"><span class='ocrx_word' id='word_1_16' title='bbox 148 288 349 340; x_wconf 79' lang='grc' dir='ltr'><strong><em>σι’γματος</em></strong></span> <span class='ocrx_word' id='word_1_17' title='bbox 367 283 439 326; x_wconf 75' lang='grc' dir='ltr'><strong>διὰ</strong></span> <span class='ocrx_word' id='word_1_18' title='bbox 462 286 539 326; x_wconf 80' lang='grc' dir='ltr'><strong><em>τοῦ</em></strong></span> <span class='ocrx_word' id='word_1_19' title='bbox 558 287 726 335; x_wconf 80' lang='grc' dir='ltr'><em>ξυλίνου</em></span> <span class='ocrx_word' id='word_1_20' title='bbox 758 281 987 337; x_wconf 73' lang='grc' dir='ltr'><strong><em>στυρακίου</em></strong></span> <span class='ocrx_word' id='word_1_21' title='bbox 1012 282 1035 324; x_wconf 84' lang='grc' dir='ltr'>ὅ</span> <span class='ocrx_word' id='word_1_22' title='bbox 1058 284 1134 324; x_wconf 81' lang='grc' dir='ltr'><strong><em>τοῦ</em></strong></span> <span class='ocrx_word' id='word_1_23' title='bbox 1160 283 1365 337; x_wconf 81' lang='grc' dir='ltr'><strong><em>βασιλέως</em></strong></span> <span class='ocrx_word' id='word_1_24' title='bbox 1390 285 1595 338; x_wconf 84' lang='grc' dir='ltr'><strong><em>πρωτοβε-</em></strong></span> 
     </span>
     <span class='ocr_line' id='line_1_4' title="bbox 148 347 1593 405; baseline -0.003 -12"><span class='ocrx_word' id='word_1_25' title='bbox 148 349 336 405; x_wconf 73' lang='grc' dir='ltr'><strong><em>σπάριος</em></strong></span> <span class='ocrx_word' id='word_1_26' title='bbox 358 347 469 403; x_wconf 74' lang='grc' dir='ltr'><strong><em>μετὰ</em></strong></span> <span class='ocrx_word' id='word_1_27' title='bbox 496 351 572 392; x_wconf 83' lang='grc' dir='ltr'><strong><em>τοῦ</em></strong></span> <span class='ocrx_word' id='word_1_28' title='bbox 600 349 874 402; x_wconf 75' lang='grc' dir='ltr'><strong><em>ἅποκομβίου,</em></strong></span> <span class='ocrx_word' id='word_1_29' title='bbox 909 347 983 390; x_wconf 81' lang='grc' dir='ltr'>καί</span> <span class='ocrx_word' id='word_1_30' title='bbox 1008 348 1130 402; x_wconf 72' lang='grc' dir='ltr'><strong><em>ἡνίκα</em></strong></span> <span class='ocrx_word' id='word_1_31' title='bbox 1157 349 1332 403; x_wconf 72' lang='grc' dir='ltr'><strong><em>πλησίον</em></strong></span> <span class='ocrx_word' id='word_1_32' title='bbox 1357 348 1496 390; x_wconf 68' lang='grc' dir='ltr'><strong><em>αὐτῶν</em></strong></span> <span class='ocrx_word' id='word_1_33' title='bbox 1521 349 1593 403; x_wconf 79' lang='grc' dir='ltr'><strong>γέ-</strong></span> 
     </span>
     <span class='ocr_line' id='line_1_5' title="bbox 148 411 1597 472; baseline -0.001 -15"><span class='ocrx_word' id='word_1_34' title='bbox 148 432 291 472; x_wconf 77' lang='grc' dir='ltr'><strong><em>νηται,</em></strong></span> <span class='ocrx_word' id='word_1_35' title='bbox 328 416 611 471; x_wconf 74' lang='grc' dir='ltr'><strong><em>προσκυνοῦσι</em></strong></span> <span class='ocrx_word' id='word_1_36' title='bbox 637 411 812 466; x_wconf 78' lang='grc' dir='ltr'><strong><em>πάντες,</em></strong></span> <span class='ocrx_word' id='word_1_37' title='bbox 854 414 927 455; x_wconf 83' lang='grc' dir='ltr'>καί</span> <span class='ocrx_word' id='word_1_38' title='bbox 960 413 1120 456; x_wconf 78' lang='grc' dir='ltr'><strong><em>τούτων</em></strong></span> <span class='ocrx_word' id='word_1_39' title='bbox 1148 413 1455 467; x_wconf 72' lang='grc' dir='ltr'><strong><em>ἀνισταμένων,</em></strong></span> <span class='ocrx_word' id='word_1_40' title='bbox 1497 412 1521 455; x_wconf 79' lang='grc' dir='ltr'>ὅ</span> <span class='ocrx_word' id='word_1_41' title='bbox 1550 411 1597 456; x_wconf 83' lang='grc' dir='ltr'><strong>α’,</strong></span> 
     </span>
     <span class='ocr_line' id='line_1_6' title="bbox 121 475 1626 537; baseline -0.002 -14"><span class='ocrx_word' id='word_1_42' title='bbox 121 479 373 537; x_wconf 70' lang='grc' dir='ltr'><strong><em>ὄμάγιστρος</em></strong></span> <span class='ocrx_word' id='word_1_43' title='bbox 407 477 612 533; x_wconf 79' lang='grc' dir='ltr'><em>λαμβάνει</em></span> <span class='ocrx_word' id='word_1_44' title='bbox 653 481 700 522; x_wconf 80' lang='grc' dir='ltr'><strong>ἐκ</strong></span> <span class='ocrx_word' id='word_1_45' title='bbox 738 477 882 534; x_wconf 74' lang='grc' dir='ltr'><strong><em>χειρὸς</em></strong></span> <span class='ocrx_word' id='word_1_46' title='bbox 907 480 981 521; x_wconf 81' lang='grc' dir='ltr'><strong><em>τοῦ</em></strong></span> <span class='ocrx_word' id='word_1_47' title='bbox 1006 481 1378 534; x_wconf 82' lang='grc' dir='ltr'><strong><em>πρωτοβεστιαριόυ</em></strong></span> <span class='ocrx_word' id='word_1_48' title='bbox 1406 477 1455 521; x_wconf 83' lang='grc' dir='ltr'><strong><em>τὸ</em></strong></span> <span class='ocrx_word' id='word_1_49' title='bbox 1484 475 1626 520; x_wconf 69' lang='grc' dir='ltr'><strong><em>ἄπο-(3</em></strong></span> 
     </span>
     <span class='ocr_line' id='line_1_7' title="bbox 147 541 1590 601; baseline -0.001 -13"><span class='ocrx_word' id='word_1_50' title='bbox 147 544 323 600; x_wconf 76' lang='grc' dir='ltr'><strong><em>κόμβων</em></strong></span> <span class='ocrx_word' id='word_1_51' title='bbox 359 546 504 601; x_wconf 70' lang='grc' dir='ltr'><strong><em>λίτρας</em></strong></span> <span class='ocrx_word' id='word_1_52' title='bbox 530 545 578 599; x_wconf 82' lang='grc' dir='ltr'><strong>κ’,</strong></span> <span class='ocrx_word' id='word_1_53' title='bbox 621 547 681 595; x_wconf 79' lang='grc' dir='ltr'><strong>εἰς</strong></span> <span class='ocrx_word' id='word_1_54' title='bbox 717 546 764 586; x_wconf 83' lang='grc' dir='ltr'><strong>δὲ</strong></span> <span class='ocrx_word' id='word_1_55' title='bbox 791 544 838 586; x_wconf 85' lang='grc' dir='ltr'><strong><em>τὸ</em></strong></span> <span class='ocrx_word' id='word_1_56' title='bbox 873 546 948 587; x_wconf 81' lang='grc' dir='ltr'><strong><em>τοῦ</em></strong></span> <span class='ocrx_word' id='word_1_57' title='bbox 975 547 1130 600; x_wconf 79' lang='grc' dir='ltr'><strong><em>μικροῦ</em></strong></span> <span class='ocrx_word' id='word_1_58' title='bbox 1165 548 1372 598; x_wconf 83' lang='grc' dir='ltr'><strong><em>βασιλέως</em></strong></span> <span class='ocrx_word' id='word_1_59' title='bbox 1398 541 1590 601; x_wconf 81' lang='grc' dir='ltr'><strong><em>βρουμά-</em></strong></span> 
     </span>
     <span class='ocr_line' id='line_1_8' title="bbox 147 609 1590 667; baseline -0.001 -13"><span class='ocrx_word' id='word_1_60' title='bbox 147 614 239 654; x_wconf 70' lang='lat' dir='ltr'><strong>zm</strong></span> <span class='ocrx_word' id='word_1_61' title='bbox 270 611 418 667; x_wconf 67' lang='grc' dir='ltr'><strong><em>λάρας</em></strong></span> <span class='ocrx_word' id='word_1_62' title='bbox 445 611 484 664; x_wconf 88' lang='grc' dir='ltr'><strong>ι’,</strong></span> <span class='ocrx_word' id='word_1_63' title='bbox 525 613 586 661; x_wconf 80' lang='grc' dir='ltr'><strong>εἷς</strong></span> <span class='ocrx_word' id='word_1_64' title='bbox 614 613 661 654; x_wconf 87' lang='grc' dir='ltr'><strong>δὲ</strong></span> <span class='ocrx_word' id='word_1_65' title='bbox 703 610 750 653; x_wconf 78' lang='grc' dir='ltr'><strong><em>τὸ</em></strong></span> <span class='ocrx_word' id='word_1_66' title='bbox 780 613 855 666; x_wconf 80' lang='grc' dir='ltr'><strong><em>τῆς</em></strong></span> <span class='ocrx_word' id='word_1_67' title='bbox 894 609 1128 665; x_wconf 81' lang='grc' dir='ltr'><strong><em>αὖγούστης</em></strong></span> <span class='ocrx_word' id='word_1_68' title='bbox 1153 609 1414 666; x_wconf 82' lang='grc' dir='ltr'><strong><em>βρουμάλιον</em></strong></span> <span class='ocrx_word' id='word_1_69' title='bbox 1446 612 1590 666; x_wconf 79' lang='grc' dir='ltr'><strong><em>λίτρας</em></strong></span> 
     </span>
     <span class='ocr_line' id='line_1_9' title="bbox 146 673 1590 733; baseline -0.001 -14"><span class='ocrx_word' id='word_1_70' title='bbox 146 675 199 733; x_wconf 83' lang='grc' dir='ltr'><strong>η’.</strong></span> <span class='ocrx_word' id='word_1_71' title='bbox 251 676 328 719; x_wconf 71' lang='grc' dir='ltr'><strong><em>καὶ</em></strong></span> <span class='ocrx_word' id='word_1_72' title='bbox 350 676 458 732; x_wconf 75' lang='grc' dir='ltr'><strong><em>μετὰ</em></strong></span> <span class='ocrx_word' id='word_1_73' title='bbox 486 676 533 719; x_wconf 83' lang='grc' dir='ltr'><strong><em>τὸ</em></strong></span> <span class='ocrx_word' id='word_1_74' title='bbox 564 678 796 731; x_wconf 75' lang='grc' dir='ltr'><em>λαμβάνειν</em></span> <span class='ocrx_word' id='word_1_75' title='bbox 823 676 870 719; x_wconf 85' lang='grc' dir='ltr'><strong><em>τὸ</em></strong></span> <span class='ocrx_word' id='word_1_76' title='bbox 902 673 1159 730; x_wconf 76' lang='grc' dir='ltr'><strong><em>ἇποκόμβιον</em></strong></span> <span class='ocrx_word' id='word_1_77' title='bbox 1184 674 1431 729; x_wconf 77' lang='grc' dir='ltr'><strong><em>ἑπεόχονται</em></strong></span> <span class='ocrx_word' id='word_1_78' title='bbox 1453 674 1590 718; x_wconf 80' lang='grc' dir='ltr'><strong><em>ἅπαν-</em></strong></span> 
     </span>
     <span class='ocr_line' id='line_1_10' title="bbox 146 739 1590 798; baseline -0.001 -13"><span class='ocrx_word' id='word_1_79' title='bbox 146 759 218 793; x_wconf 82' lang='grc' dir='ltr'><strong><em>τες</em></strong></span> <span class='ocrx_word' id='word_1_80' title='bbox 240 742 340 789; x_wconf 76' lang='grc' dir='ltr'><strong>τούς</strong></span> <span class='ocrx_word' id='word_1_81' title='bbox 372 742 597 796; x_wconf 81' lang='grc' dir='ltr'><strong><em>δεσπότας,</em></strong></span> <span class='ocrx_word' id='word_1_82' title='bbox 635 743 707 784; x_wconf 80' lang='grc' dir='ltr'><em>καί</em></span> <span class='ocrx_word' id='word_1_83' title='bbox 731 744 971 798; x_wconf 79' lang='grc' dir='ltr'><strong><em>ἐξέρχονται</em></strong></span> <span class='ocrx_word' id='word_1_84' title='bbox 996 741 1067 784; x_wconf 73' lang='grc' dir='ltr'><strong>διὰ</strong></span> <span class='ocrx_word' id='word_1_85' title='bbox 1097 744 1171 797; x_wconf 77' lang='grc' dir='ltr'><strong><em>τῆς</em></strong></span> <span class='ocrx_word' id='word_1_86' title='bbox 1197 741 1491 798; x_wconf 83' lang='grc' dir='ltr'><strong><em>θερμάστρας,</em></strong></span> <span class='ocrx_word' id='word_1_87' title='bbox 1515 739 1590 792; x_wconf 73' lang='grc' dir='ltr'><strong><em>καὶ</em></strong></span> 
     </span>
     <span class='ocr_line' id='line_1_11' title="bbox 86 805 1784 865; baseline -0.001 -14"><span class='ocrx_word' id='word_1_88' title='bbox 86 805 376 865; x_wconf 64' lang='grc' dir='ltr'><strong><em>ἱοᾶπέρχεται</em></strong></span> <span class='ocrx_word' id='word_1_89' title='bbox 403 812 571 858; x_wconf 75' lang='grc' dir='ltr'><strong><em>ἕκαστος</em></strong></span> <span class='ocrx_word' id='word_1_90' title='bbox 597 810 656 858; x_wconf 81' lang='grc' dir='ltr'><strong>εἰς</strong></span> <span class='ocrx_word' id='word_1_91' title='bbox 682 809 735 851; x_wconf 74' lang='grc' dir='ltr'><strong><em>τά</em></strong></span> <span class='ocrx_word' id='word_1_92' title='bbox 763 809 866 851; x_wconf 76' lang='grc' dir='ltr'><strong><em>ἴδια.</em></strong></span> <span class='ocrx_word' id='word_1_93' title='bbox 920 807 959 851; x_wconf 79' lang='grc' dir='ltr'><strong>οἱ</strong></span> <span class='ocrx_word' id='word_1_94' title='bbox 985 810 1031 851; x_wconf 82' lang='grc' dir='ltr'><strong>δὲ</strong></span> <span class='ocrx_word' id='word_1_95' title='bbox 1058 808 1199 851; x_wconf 80' lang='grc' dir='ltr'><strong><em>ἐλάται</em></strong></span> <span class='ocrx_word' id='word_1_96' title='bbox 1225 810 1298 862; x_wconf 76' lang='grc' dir='ltr'><strong><em>τῆς</em></strong></span> <span class='ocrx_word' id='word_1_97' title='bbox 1324 808 1657 863; x_wconf 75' lang='grc' dir='ltr'><strong><em>περιουσίας,Με.</em></strong></span> <span class='ocrx_word' id='word_1_98' title='bbox 1671 816 1784 862; x_wconf 57' lang='lat'><strong>2041)</strong></span> 
     </span>
     <span class='ocr_line' id='line_1_12' title="bbox 145 869 1591 931; baseline -0.001 -14"><span class='ocrx_word' id='word_1_99' title='bbox 145 869 242 930; x_wconf 79' lang='grc' dir='ltr'><strong><em>ἦτοι</em></strong></span> <span class='ocrx_word' id='word_1_100' title='bbox 265 878 349 917; x_wconf 75' lang='grc' dir='ltr'><strong>τῶν</strong></span> <span class='ocrx_word' id='word_1_101' title='bbox 373 878 600 928; x_wconf 78' lang='grc' dir='ltr'><strong><em>βασιλικῶν</em></strong></span> <span class='ocrx_word' id='word_1_102' title='bbox 628 875 882 928; x_wconf 71' lang='grc' dir='ltr'><strong><em>δρομονίων,</em></strong></span> <span class='ocrx_word' id='word_1_103' title='bbox 932 877 1208 931; x_wconf 74' lang='grc' dir='ltr'><strong><em>κατέρχονται</em></strong></span> <span class='ocrx_word' id='word_1_104' title='bbox 1234 874 1280 915; x_wconf 79' lang='grc' dir='ltr'><strong>ἐν</strong></span> <span class='ocrx_word' id='word_1_105' title='bbox 1303 875 1362 931; x_wconf 73' lang='grc' dir='ltr'><strong><em>τῷ</em></strong></span> <span class='ocrx_word' id='word_1_106' title='bbox 1392 875 1591 926; x_wconf 84' lang='grc' dir='ltr'><strong><em>βουκολέ-</em></strong></span> 
     </span>
     <span class='ocr_line' id='line_1_13' title="bbox 147 939 1627 998; baseline 0 -16"><span class='ocrx_word' id='word_1_107' title='bbox 147 955 247 994; x_wconf 74' lang='grc' dir='ltr'><strong><em>οντι,</em></strong></span> <span class='ocrx_word' id='word_1_108' title='bbox 274 943 350 982; x_wconf 81' lang='grc' dir='ltr'><strong><em>καί</em></strong></span> <span class='ocrx_word' id='word_1_109' title='bbox 376 942 566 983; x_wconf 79' lang='grc' dir='ltr'><strong><em>ἵστανται</em></strong></span> <span class='ocrx_word' id='word_1_110' title='bbox 598 940 703 983; x_wconf 79' lang='grc' dir='ltr'><strong><em>ἔνθα</em></strong></span> <span class='ocrx_word' id='word_1_111' title='bbox 729 940 775 983; x_wconf 81' lang='grc' dir='ltr'><strong><em>τὸ</em></strong></span> <span class='ocrx_word' id='word_1_112' title='bbox 807 939 1023 994; x_wconf 85' lang='grc' dir='ltr'><strong><em>βασιλικὸν</em></strong></span> <span class='ocrx_word' id='word_1_113' title='bbox 1054 941 1273 995; x_wconf 78' lang='grc' dir='ltr'><strong><em>δρομόνιον</em></strong></span> <span class='ocrx_word' id='word_1_114' title='bbox 1302 939 1484 993; x_wconf 82' lang='grc' dir='ltr'><strong><em>ἵσταται,</em></strong></span> <span class='ocrx_word' id='word_1_115' title='bbox 1509 939 1588 998; x_wconf 81' lang='grc' dir='ltr'><strong>εὖ·</strong></span> <span class='ocrx_word' id='word_1_116' title='bbox 1620 964 1627 991; x_wconf 74' lang='lat' dir='ltr'><strong>t</strong></span> 
     </span>
     <span class='ocr_line' id='line_1_14' title="bbox 147 1002 1627 1065; baseline 0.001 -19"><span class='ocrx_word' id='word_1_117' title='bbox 147 1007 385 1062; x_wconf 80' lang='grc' dir='ltr'><strong><em>φημοῦντες</em></strong></span> <span class='ocrx_word' id='word_1_118' title='bbox 413 1007 485 1048; x_wconf 75' lang='grc' dir='ltr'><strong><em>καὶ</em></strong></span> <span class='ocrx_word' id='word_1_119' title='bbox 521 1006 643 1048; x_wconf 74' lang='grc' dir='ltr'><strong><em>αὐτοὶ</em></strong></span> <span class='ocrx_word' id='word_1_120' title='bbox 671 1005 744 1048; x_wconf 71' lang='grc' dir='ltr'><strong><em>καὶ</em></strong></span> <span class='ocrx_word' id='word_1_121' title='bbox 769 1002 936 1065; x_wconf 75' lang='grc' dir='ltr'><strong><em>ᾅδοντες</em></strong></span> <span class='ocrx_word' id='word_1_122' title='bbox 963 1009 1178 1059; x_wconf 76' lang='grc' dir='ltr'><strong><em>βασιλίκια</em></strong></span> <span class='ocrx_word' id='word_1_123' title='bbox 1205 1008 1280 1048; x_wconf 81' lang='grc' dir='ltr'><strong><em>τοῦ</em></strong></span> <span class='ocrx_word' id='word_1_124' title='bbox 1306 1006 1627 1061; x_wconf 62' lang='grc' dir='ltr'><strong><em>βρουμαλίονα)</em></strong></span> 
     </span>
     <span class='ocr_line' id='line_1_15' title="bbox 147 1068 1591 1127; baseline 0.001 -15"><span class='ocrx_word' id='word_1_125' title='bbox 147 1072 343 1127; x_wconf 75' lang='grc' dir='ltr'><strong><em>ῥίπτει-αι</em></strong></span> <span class='ocrx_word' id='word_1_126' title='bbox 391 1073 439 1114; x_wconf 84' lang='grc' dir='ltr'><strong>δὲ</strong></span> <span class='ocrx_word' id='word_1_127' title='bbox 492 1073 639 1123; x_wconf 69' lang='grc' dir='ltr'><strong><em>αθτοῖς</em></strong></span> <span class='ocrx_word' id='word_1_128' title='bbox 686 1068 850 1115; x_wconf 72' lang='grc' dir='ltr'><strong><em>ἄνωθεν</em></strong></span> <span class='ocrx_word' id='word_1_129' title='bbox 899 1069 1154 1126; x_wconf 79' lang='grc' dir='ltr'><strong><em>ἆποκόμβιον</em></strong></span> <span class='ocrx_word' id='word_1_130' title='bbox 1196 1077 1287 1126; x_wconf 86' lang='grc' dir='ltr'><strong><em>μιλ.</em></strong></span> <span class='ocrx_word' id='word_1_131' title='bbox 1325 1071 1376 1114; x_wconf 92' lang='grc' dir='ltr'><strong><em>σ’.</em></strong></span> <span class='ocrx_word' id='word_1_132' title='bbox 1430 1073 1503 1113; x_wconf 72' lang='grc' dir='ltr'><strong>ἐπὶ</strong></span> <span class='ocrx_word' id='word_1_133' title='bbox 1541 1073 1591 1114; x_wconf 83' lang='grc' dir='ltr'><strong>δὲ</strong></span> 
     </span>
     <span class='ocr_line' id='line_1_16' title="bbox 92 1137 1588 1195; baseline 0.001 -16"><span class='ocrx_word' id='word_1_134' title='bbox 92 1137 470 1180; x_wconf 71' lang='lat' dir='ltr'><strong>³15Kmuram&#39;rov</strong></span> <span class='ocrx_word' id='word_1_135' title='bbox 509 1140 586 1180; x_wconf 79' lang='grc' dir='ltr'><strong><em>τοῦ</em></strong></span> <span class='ocrx_word' id='word_1_136' title='bbox 624 1141 898 1195; x_wconf 75' lang='grc' dir='ltr'><strong><em>φιλοχρίστου</em></strong></span> <span class='ocrx_word' id='word_1_137' title='bbox 945 1137 1149 1181; x_wconf 81' lang='grc' dir='ltr'><strong><em>δεσπότου</em></strong></span> <span class='ocrx_word' id='word_1_138' title='bbox 1191 1140 1422 1194; x_wconf 76' lang='grc' dir='ltr'><strong><em>προσετέθη</em></strong></span> <span class='ocrx_word' id='word_1_139' title='bbox 1461 1139 1588 1192; x_wconf 73' lang='grc' dir='ltr'><strong><em>ἔτερα</em></strong></span> 
     </span>
     <span class='ocr_line' id='line_1_17' title="bbox 143 1200 1590 1260; baseline 0 -15"><span class='ocrx_word' id='word_1_140' title='bbox 143 1207 233 1256; x_wconf 81' lang='grc' dir='ltr'><strong><em>μιλ.</em></strong></span> <span class='ocrx_word' id='word_1_141' title='bbox 265 1202 319 1256; x_wconf 80' lang='grc' dir='ltr'><strong>τ’,</strong></span> <span class='ocrx_word' id='word_1_142' title='bbox 359 1200 470 1256; x_wconf 49' lang='lat' dir='ltr'><strong>&lt;inoff</strong></span> <span class='ocrx_word' id='word_1_143' title='bbox 505 1202 562 1260; x_wconf 85' lang='grc' dir='ltr'><strong>φ’.</strong></span> <span class='ocrx_word' id='word_1_144' title='bbox 615 1207 849 1260; x_wconf 73' lang='grc' dir='ltr'><strong><em>προσετέθη</em></strong></span> <span class='ocrx_word' id='word_1_145' title='bbox 888 1205 935 1247; x_wconf 80' lang='grc' dir='ltr'><strong>δὲ</strong></span> <span class='ocrx_word' id='word_1_146' title='bbox 962 1203 1076 1260; x_wconf 74' lang='grc' dir='ltr'><strong><em>παρὰ</em></strong></span> <span class='ocrx_word' id='word_1_147' title='bbox 1119 1205 1197 1246; x_wconf 80' lang='grc' dir='ltr'><strong><em>τοῦ</em></strong></span> <span class='ocrx_word' id='word_1_148' title='bbox 1225 1204 1361 1246; x_wconf 74' lang='grc' dir='ltr'><strong><em>αὐτοῦ</em></strong></span> <span class='ocrx_word' id='word_1_149' title='bbox 1392 1205 1590 1260; x_wconf 77' lang='grc' dir='ltr'><strong><em>φιλοχρί-</em></strong></span> 
     </span>
     <span class='ocr_line' id='line_1_18' title="bbox 144 1266 1588 1326; baseline 0.001 -16"><span class='ocrx_word' id='word_1_150' title='bbox 144 1283 245 1311; x_wconf 79' lang='grc' dir='ltr'><strong><em>στου</em></strong></span> <span class='ocrx_word' id='word_1_151' title='bbox 275 1266 492 1322; x_wconf 84' lang='grc' dir='ltr'><strong><em>δεσπότου,</em></strong></span> <span class='ocrx_word' id='word_1_152' title='bbox 525 1272 809 1326; x_wconf 75' lang='grc' dir='ltr'><strong><em>κατέρχεσθαι</em></strong></span> <span class='ocrx_word' id='word_1_153' title='bbox 835 1269 910 1312; x_wconf 79' lang='grc' dir='ltr'><em>καί</em></span> <span class='ocrx_word' id='word_1_154' title='bbox 933 1268 1035 1320; x_wconf 77' lang='grc' dir='ltr'><strong>τούς</strong></span> <span class='ocrx_word' id='word_1_155' title='bbox 1062 1272 1145 1312; x_wconf 75' lang='grc' dir='ltr'><strong><em>ταῖν</em></strong></span> <span class='ocrx_word' id='word_1_156' title='bbox 1189 1266 1403 1326; x_wconf 67' lang='grc' dir='ltr'><strong><em>α’γραρίων</em></strong></span> <span class='ocrx_word' id='word_1_157' title='bbox 1437 1269 1588 1319; x_wconf 75' lang='grc' dir='ltr'><strong><em>ἐλάτας</em></strong></span> 
     </span>
     <span class='ocr_line' id='line_1_19' title="bbox 143 1330 1588 1393; baseline -0.001 -17"><span class='ocrx_word' id='word_1_158' title='bbox 143 1337 221 1376; x_wconf 76' lang='grc' dir='ltr'><strong><em>κατ’</em></strong></span> <span class='ocrx_word' id='word_1_159' title='bbox 245 1330 366 1392; x_wconf 74' lang='grc' dir='ltr'><strong><em>ᾄδειν</em></strong></span> <span class='ocrx_word' id='word_1_160' title='bbox 396 1337 469 1378; x_wconf 79' lang='grc' dir='ltr'><em>καί</em></span> <span class='ocrx_word' id='word_1_161' title='bbox 495 1334 651 1384; x_wconf 65' lang='grc' dir='ltr'><strong><em>αὐτοὺς</em></strong></span> <span class='ocrx_word' id='word_1_162' title='bbox 678 1333 845 1389; x_wconf 81' lang='grc' dir='ltr'><strong><em>ὁμοίως,</em></strong></span> <span class='ocrx_word' id='word_1_163' title='bbox 876 1335 950 1378; x_wconf 78' lang='grc' dir='ltr'><em>καί</em></span> <span class='ocrx_word' id='word_1_164' title='bbox 977 1336 1203 1393; x_wconf 76' lang='grc' dir='ltr'><strong><em>ῥίπτεσθαι</em></strong></span> <span class='ocrx_word' id='word_1_165' title='bbox 1226 1339 1368 1385; x_wconf 68' lang='grc' dir='ltr'><strong><em>αὐτοῖς</em></strong></span> <span class='ocrx_word' id='word_1_166' title='bbox 1397 1333 1588 1387; x_wconf 76' lang='grc' dir='ltr'><strong><em>α’ποκόμ-</em></strong></span> 
     </span>
     <span class='ocr_line' id='line_1_20' title="bbox 144 1398 1589 1458; baseline 0.001 -18"><span class='ocrx_word' id='word_1_167' title='bbox 144 1403 238 1452; x_wconf 65' lang='grc' dir='ltr'><strong><em>βιον</em></strong></span> <span class='ocrx_word' id='word_1_168' title='bbox 265 1405 356 1453; x_wconf 86' lang='grc' dir='ltr'><strong><em>μιλ.</em></strong></span> <span class='ocrx_word' id='word_1_169' title='bbox 382 1402 433 1443; x_wconf 89' lang='grc' dir='ltr'><strong><em>σ’.</em></strong></span> <span class='ocrx_word' id='word_1_170' title='bbox 487 1403 645 1453; x_wconf 79' lang='grc' dir='ltr'><strong><em>ἰστέον,</em></strong></span> <span class='ocrx_word' id='word_1_171' title='bbox 686 1398 750 1443; x_wconf 79' lang='grc' dir='ltr'><strong><em>ὅτι</em></strong></span> <span class='ocrx_word' id='word_1_172' title='bbox 780 1401 852 1443; x_wconf 75' lang='grc' dir='ltr'><strong>ἐπὶ</strong></span> <span class='ocrx_word' id='word_1_173' title='bbox 880 1404 1063 1451; x_wconf 83' lang='grc' dir='ltr'><strong><em>Λέοντος</em></strong></span> <span class='ocrx_word' id='word_1_174' title='bbox 1101 1403 1177 1443; x_wconf 83' lang='grc' dir='ltr'><strong><em>τοῦ</em></strong></span> <span class='ocrx_word' id='word_1_175' title='bbox 1208 1400 1483 1458; x_wconf 76' lang='grc' dir='ltr'><strong><em>φιλοχρίστου</em></strong></span> <span class='ocrx_word' id='word_1_176' title='bbox 1513 1398 1589 1442; x_wconf 80' lang='grc' dir='ltr'><strong><em>καὶ</em></strong></span> 
     </span>
     <span class='ocr_line' id='line_1_21' title="bbox 79 1461 1585 1522; baseline 0.001 -15"><span class='ocrx_word' id='word_1_177' title='bbox 79 1461 400 1522; x_wconf 66' lang='grc' dir='ltr'><strong><em>Ὧοᾶειμνήστου</em></strong></span> <span class='ocrx_word' id='word_1_178' title='bbox 431 1468 638 1521; x_wconf 80' lang='grc' dir='ltr'><strong><em>βασιλέως</em></strong></span> <span class='ocrx_word' id='word_1_179' title='bbox 685 1464 760 1509; x_wconf 80' lang='grc' dir='ltr'><strong>οὖκ</strong></span> <span class='ocrx_word' id='word_1_180' title='bbox 794 1463 931 1522; x_wconf 75' lang='grc' dir='ltr'><strong><em>ἤνοιγε</em></strong></span> <span class='ocrx_word' id='word_1_181' title='bbox 970 1467 1109 1522; x_wconf 75' lang='grc' dir='ltr'><strong><em>δείλης</em></strong></span> <span class='ocrx_word' id='word_1_182' title='bbox 1140 1466 1185 1509; x_wconf 87' lang='grc' dir='ltr'><strong><em>τὸ</em></strong></span> <span class='ocrx_word' id='word_1_183' title='bbox 1213 1466 1436 1508; x_wconf 80' lang='grc' dir='ltr'><strong><em>παλάτιον·</em></strong></span> <span class='ocrx_word' id='word_1_184' title='bbox 1493 1467 1585 1508; x_wconf 71' lang='grc' dir='ltr'><strong><em>ἀλλ’</em></strong></span> 
     </span>
    </p>
   </div>
   <div class='ocr_carea' id='block_1_3' title="bbox 82 1587 1587 2754">
    <p class='ocr_par' dir='ltr' id='par_1_3' title="bbox 82 1587 1587 2754">
     <span class='ocr_line' id='line_1_22' title="bbox 142 1587 1585 1635; baseline 0.003 -15"><span class='ocrx_word' id='word_1_185' title='bbox 142 1587 309 1632; x_wconf 83' lang='lat' dir='ltr'><strong>plagam,</strong></span> <span class='ocrx_word' id='word_1_186' title='bbox 345 1594 383 1622; x_wconf 86' lang='lat' dir='ltr'><strong>et</strong></span> <span class='ocrx_word' id='word_1_187' title='bbox 411 1590 472 1634; x_wconf 87' lang='lat' dir='ltr'><strong>pia</strong></span> <span class='ocrx_word' id='word_1_188' title='bbox 503 1594 587 1622; x_wconf 80' lang='lat' dir='ltr'><strong>vota</strong></span> <span class='ocrx_word' id='word_1_189' title='bbox 612 1601 677 1635; x_wconf 91' lang='lat' dir='ltr'><strong>pro</strong></span> <span class='ocrx_word' id='word_1_190' title='bbox 703 1591 818 1624; x_wconf 85' lang='lat' dir='ltr'><strong>salute</strong></span> <span class='ocrx_word' id='word_1_191' title='bbox 841 1590 1073 1635; x_wconf 85' lang='lat' dir='ltr'><strong>Imperatoris</strong></span> <span class='ocrx_word' id='word_1_192' title='bbox 1098 1590 1234 1623; x_wconf 87' lang='lat' dir='ltr'><strong>dicunt.</strong></span> <span class='ocrx_word' id='word_1_193' title='bbox 1281 1589 1484 1624; x_wconf 88' lang='lat' dir='ltr'><strong>Descendit</strong></span> <span class='ocrx_word' id='word_1_194' title='bbox 1504 1594 1585 1624; x_wconf 90' lang='lat' dir='ltr'><strong>tum</strong></span> 
     </span>
     <span class='ocr_line' id='line_1_23' title="bbox 142 1634 1586 1683; baseline 0.001 -17"><span class='ocrx_word' id='word_1_195' title='bbox 142 1634 310 1678; x_wconf 85' lang='lat' dir='ltr'><strong>protinus</strong></span> <span class='ocrx_word' id='word_1_196' title='bbox 335 1645 354 1666; x_wconf 85' lang='lat' dir='ltr'><strong>e</strong></span> <span class='ocrx_word' id='word_1_197' title='bbox 383 1635 532 1679; x_wconf 82' lang='lat' dir='ltr'>sigmate</span> <span class='ocrx_word' id='word_1_198' title='bbox 558 1647 620 1681; x_wconf 81' lang='lat' dir='ltr'><strong>per</strong></span> <span class='ocrx_word' id='word_1_199' title='bbox 650 1636 808 1680; x_wconf 85' lang='lat' dir='ltr'><strong>ligneum</strong></span> <span class='ocrx_word' id='word_1_200' title='bbox 834 1637 1025 1680; x_wconf 71' lang='lat' dir='ltr'><strong>styracium</strong></span> <span class='ocrx_word' id='word_1_201' title='bbox 1054 1636 1131 1683; x_wconf 85' lang='lat' dir='ltr'><strong>[seu</strong></span> <span class='ocrx_word' id='word_1_202' title='bbox 1157 1636 1368 1677; x_wconf 85' lang='lat' dir='ltr'>rotundam,</span> <span class='ocrx_word' id='word_1_203' title='bbox 1400 1637 1499 1668; x_wconf 87' lang='lat' dir='ltr'><strong>intus</strong></span> <span class='ocrx_word' id='word_1_204' title='bbox 1524 1646 1586 1669; x_wconf 91' lang='lat' dir='ltr'><strong>ca-</strong></span> 
     </span>
     <span class='ocr_line' id='line_1_24' title="bbox 142 1681 1587 1730; baseline 0.003 -17"><span class='ocrx_word' id='word_1_205' title='bbox 142 1691 223 1713; x_wconf 81' lang='lat' dir='ltr'><strong>vam</strong></span> <span class='ocrx_word' id='word_1_206' title='bbox 249 1685 286 1714; x_wconf 87' lang='lat' dir='ltr'><strong>et</strong></span> <span class='ocrx_word' id='word_1_207' title='bbox 309 1681 404 1714; x_wconf 76' lang='lat' dir='ltr'><strong>scala</strong></span> <span class='ocrx_word' id='word_1_208' title='bbox 429 1682 615 1716; x_wconf 81' lang='lat' dir='ltr'><strong>cochleare</strong></span> <span class='ocrx_word' id='word_1_209' title='bbox 640 1683 852 1717; x_wconf 83' lang='lat' dir='ltr'><strong>instructam</strong></span> <span class='ocrx_word' id='word_1_210' title='bbox 877 1683 1122 1730; x_wconf 80' lang='lat' dir='ltr'><strong>columnam,]</strong></span> <span class='ocrx_word' id='word_1_211' title='bbox 1157 1683 1387 1727; x_wconf 84' lang='lat' dir='ltr'><strong>Imperatoris</strong></span> <span class='ocrx_word' id='word_1_212' title='bbox 1414 1687 1587 1727; x_wconf 84' lang='lat' dir='ltr'><strong>protove-</strong></span> 
     </span>
     <span class='ocr_line' id='line_1_25' title="bbox 143 1727 1586 1775; baseline 0.003 -16"><span class='ocrx_word' id='word_1_213' title='bbox 143 1727 291 1760; x_wconf 82' lang='lat' dir='ltr'><strong>stiarius</strong></span> <span class='ocrx_word' id='word_1_214' title='bbox 317 1739 397 1760; x_wconf 90' lang='lat' dir='ltr'><strong>cum</strong></span> <span class='ocrx_word' id='word_1_215' title='bbox 422 1729 654 1773; x_wconf 83' lang='lat' dir='ltr'><strong>apocombio;</strong></span> <span class='ocrx_word' id='word_1_216' title='bbox 719 1730 758 1762; x_wconf 86' lang='lat' dir='ltr'><strong>ui</strong></span> <span class='ocrx_word' id='word_1_217' title='bbox 791 1730 855 1763; x_wconf 91' lang='lat' dir='ltr'><strong>ubi</strong></span> <span class='ocrx_word' id='word_1_218' title='bbox 885 1741 999 1775; x_wconf 88' lang='lat' dir='ltr'>prope</span> <span class='ocrx_word' id='word_1_219' title='bbox 1032 1731 1079 1763; x_wconf 88' lang='lat' dir='ltr'><strong>ad</strong></span> <span class='ocrx_word' id='word_1_220' title='bbox 1103 1741 1165 1763; x_wconf 88' lang='lat' dir='ltr'><strong>eos</strong></span> <span class='ocrx_word' id='word_1_221' title='bbox 1189 1730 1399 1770; x_wconf 83' lang='lat' dir='ltr'><strong>accesserit,</strong></span> <span class='ocrx_word' id='word_1_222' title='bbox 1430 1730 1586 1764; x_wconf 81' lang='lat' dir='ltr'><strong>adorant</strong></span> 
     </span>
     <span class='ocr_line' id='line_1_26' title="bbox 144 1741 1586 1822; baseline 0.003 -16"><span class='ocrx_word' id='word_1_223' title='bbox 144 1784 281 1807; x_wconf 89' lang='lat' dir='ltr'><strong>omnes.</strong></span> <span class='ocrx_word' id='word_1_224' title='bbox 330 1774 400 1807; x_wconf 89' lang='lat' dir='ltr'><strong>Ubi</strong></span> <span class='ocrx_word' id='word_1_225' title='bbox 424 1786 462 1808; x_wconf 84' lang='lat' dir='ltr'><strong>se</strong></span> <span class='ocrx_word' id='word_1_226' title='bbox 486 1786 608 1809; x_wconf 85' lang='lat' dir='ltr'><strong>rursus</strong></span> <span class='ocrx_word' id='word_1_227' title='bbox 633 1775 672 1808; x_wconf 90' lang='lat' dir='ltr'><strong>in</strong></span> <span class='ocrx_word' id='word_1_228' title='bbox 692 1741 873 1809; x_wconf 54' lang='lat' dir='ltr'><strong>(directum</strong></span> <span class='ocrx_word' id='word_1_229' title='bbox 908 1777 1113 1816; x_wconf 87' lang='lat' dir='ltr'><strong>elevarunt,</strong></span> <span class='ocrx_word' id='word_1_230' title='bbox 1151 1775 1283 1821; x_wconf 84' lang='lat' dir='ltr'><strong>accipit</strong></span> <span class='ocrx_word' id='word_1_231' title='bbox 1306 1777 1586 1822; x_wconf 75' lang='lat' dir='ltr'><strong>protomagister</strong></span> 
     </span>
     <span class='ocr_line' id='line_1_27' title="bbox 143 1822 1586 1867; baseline 0.003 -15"><span class='ocrx_word' id='word_1_232' title='bbox 143 1830 165 1852; x_wconf 92' lang='lat' dir='ltr'><strong>e</strong></span> <span class='ocrx_word' id='word_1_233' title='bbox 189 1831 297 1853; x_wconf 86' lang='lat' dir='ltr'><strong>manu</strong></span> <span class='ocrx_word' id='word_1_234' title='bbox 322 1822 591 1866; x_wconf 79' lang='lat' dir='ltr'><strong>protovestiarii</strong></span> <span class='ocrx_word' id='word_1_235' title='bbox 615 1823 870 1866; x_wconf 83' lang='lat' dir='ltr'><strong>apocombium</strong></span> <span class='ocrx_word' id='word_1_236' title='bbox 904 1829 1069 1857; x_wconf 81' lang='lat' dir='ltr'><strong>constans</strong></span> <span class='ocrx_word' id='word_1_237' title='bbox 1094 1823 1188 1856; x_wconf 87' lang='lat' dir='ltr'><strong>litris</strong></span> <span class='ocrx_word' id='word_1_238' title='bbox 1212 1823 1354 1867; x_wconf 88' lang='lat' dir='ltr'><strong>viginti,</strong></span> <span class='ocrx_word' id='word_1_239' title='bbox 1378 1828 1416 1856; x_wconf 90' lang='lat' dir='ltr'><strong>et</strong></span> <span class='ocrx_word' id='word_1_240' title='bbox 1438 1824 1477 1855; x_wconf 89' lang='lat' dir='ltr'><strong>in</strong></span> <span class='ocrx_word' id='word_1_241' title='bbox 1494 1823 1586 1856; x_wconf 89' lang='lat' dir='ltr'><strong>bru-</strong></span> 
     </span>
     <span class='ocr_line' id='line_1_28' title="bbox 142 1867 1584 1914; baseline 0.003 -14"><span class='ocrx_word' id='word_1_242' title='bbox 142 1868 232 1900; x_wconf 80' lang='lat' dir='ltr'><strong>mali</strong></span> <span class='ocrx_word' id='word_1_243' title='bbox 254 1867 404 1901; x_wconf 86' lang='lat' dir='ltr'><strong>minoris</strong></span> <span class='ocrx_word' id='word_1_244' title='bbox 427 1869 487 1902; x_wconf 83' lang='lat' dir='ltr'><strong>vel</strong></span> <span class='ocrx_word' id='word_1_245' title='bbox 511 1868 664 1902; x_wconf 82' lang='lat' dir='ltr'><strong>iunioris</strong></span> <span class='ocrx_word' id='word_1_246' title='bbox 689 1870 919 1914; x_wconf 85' lang='lat' dir='ltr'><strong>Imperatoris</strong></span> <span class='ocrx_word' id='word_1_247' title='bbox 944 1869 1047 1903; x_wconf 88' lang='lat' dir='ltr'><strong>aliud</strong></span> <span class='ocrx_word' id='word_1_248' title='bbox 1077 1871 1266 1904; x_wconf 87' lang='lat' dir='ltr'><strong>continens</strong></span> <span class='ocrx_word' id='word_1_249' title='bbox 1298 1869 1423 1910; x_wconf 67' lang='lat' dir='ltr'><strong>decem</strong></span> <span class='ocrx_word' id='word_1_250' title='bbox 1458 1870 1584 1912; x_wconf 77' lang='lat' dir='ltr'><strong>litras,</strong></span> 
     </span>
     <span class='ocr_line' id='line_1_29' title="bbox 144 1913 1584 1962; baseline 0.003 -17"><span class='ocrx_word' id='word_1_251' title='bbox 144 1918 183 1946; x_wconf 88' lang='lat' dir='ltr'><strong>et</strong></span> <span class='ocrx_word' id='word_1_252' title='bbox 205 1913 353 1946; x_wconf 85' lang='lat' dir='ltr'><strong>tandem</strong></span> <span class='ocrx_word' id='word_1_253' title='bbox 378 1914 416 1946; x_wconf 93' lang='lat' dir='ltr'><strong>in</strong></span> <span class='ocrx_word' id='word_1_254' title='bbox 441 1914 597 1948; x_wconf 87' lang='lat' dir='ltr'><strong>brumali</strong></span> <span class='ocrx_word' id='word_1_255' title='bbox 621 1917 803 1961; x_wconf 77' lang='lat' dir='ltr'><strong>Augustae</strong></span> <span class='ocrx_word' id='word_1_256' title='bbox 837 1916 939 1949; x_wconf 88' lang='lat' dir='ltr'><strong>aliud</strong></span> <span class='ocrx_word' id='word_1_257' title='bbox 971 1922 1053 1950; x_wconf 88' lang='lat' dir='ltr'><strong>octo</strong></span> <span class='ocrx_word' id='word_1_258' title='bbox 1086 1917 1263 1951; x_wconf 89' lang='lat' dir='ltr'><strong>litrarum.</strong></span> <span class='ocrx_word' id='word_1_259' title='bbox 1319 1917 1404 1950; x_wconf 90' lang='lat' dir='ltr'><strong>Post</strong></span> <span class='ocrx_word' id='word_1_260' title='bbox 1434 1922 1584 1962; x_wconf 81' lang='lat' dir='ltr'><strong>accepta</strong></span> 
     </span>
     <span class='ocr_line' id='line_1_30' title="bbox 142 1960 1584 2008; baseline 0.003 -16"><span class='ocrx_word' id='word_1_261' title='bbox 142 1960 208 1992; x_wconf 87' lang='lat' dir='ltr'><strong>illa</strong></span> <span class='ocrx_word' id='word_1_262' title='bbox 241 1960 336 1993; x_wconf 85' lang='lat' dir='ltr'><strong>dona</strong></span> <span class='ocrx_word' id='word_1_263' title='bbox 367 1962 522 2004; x_wconf 83' lang='lat' dir='ltr'><strong>gratuita</strong></span> <span class='ocrx_word' id='word_1_264' title='bbox 554 1961 778 1996; x_wconf 81' lang='lat' dir='ltr'><strong>benedicunt</strong></span> <span class='ocrx_word' id='word_1_265' title='bbox 800 1969 934 1997; x_wconf 85' lang='lat' dir='ltr'><strong>&#39;omnes</strong></span> <span class='ocrx_word' id='word_1_266' title='bbox 960 1964 1127 1997; x_wconf 80' lang='lat' dir='ltr'>Dominis</span> <span class='ocrx_word' id='word_1_267' title='bbox 1153 1969 1190 1996; x_wconf 87' lang='lat' dir='ltr'><strong>et</strong></span> <span class='ocrx_word' id='word_1_268' title='bbox 1213 1969 1350 1996; x_wconf 83' lang='lat' dir='ltr'><strong>exeunt</strong></span> <span class='ocrx_word' id='word_1_269' title='bbox 1370 1974 1436 2008; x_wconf 89' lang='lat' dir='ltr'><strong>per</strong></span> <span class='ocrx_word' id='word_1_270' title='bbox 1459 1964 1584 1997; x_wconf 81' lang='lat' dir='ltr'><strong>calda-</strong></span> 
     </span>
     <span class='ocr_line' id='line_1_31' title="bbox 82 2006 1584 2056; baseline 0.003 -17"><span class='ocrx_word' id='word_1_271' title='bbox 82 2010 86 2014; x_wconf 87' lang='lat'>&#39;</span> <span class='ocrx_word' id='word_1_272' title='bbox 144 2006 239 2040; x_wconf 88' lang='lat' dir='ltr'><strong>rium</strong></span> <span class='ocrx_word' id='word_1_273' title='bbox 271 2008 329 2040; x_wconf 87' lang='lat' dir='ltr'><strong>vel</strong></span> <span class='ocrx_word' id='word_1_274' title='bbox 363 2009 615 2053; x_wconf 80' lang='lat' dir='ltr'><strong>vaporarium,</strong></span> <span class='ocrx_word' id='word_1_275' title='bbox 650 2014 687 2041; x_wconf 89' lang='lat' dir='ltr'><strong>et</strong></span> <span class='ocrx_word' id='word_1_276' title='bbox 716 2009 763 2042; x_wconf 86' lang='lat' dir='ltr'><strong>ad</strong></span> <span class='ocrx_word' id='word_1_277' title='bbox 796 2021 858 2043; x_wconf 87' lang='lat' dir='ltr'><strong>sua</strong></span> <span class='ocrx_word' id='word_1_278' title='bbox 885 2011 1041 2056; x_wconf 89' lang='lat' dir='ltr'><strong>quisque</strong></span> <span class='ocrx_word' id='word_1_279' title='bbox 1072 2011 1219 2043; x_wconf 89' lang='lat' dir='ltr'><strong>abeunt.</strong></span> <span class='ocrx_word' id='word_1_280' title='bbox 1267 2010 1428 2054; x_wconf 81' lang='lat' dir='ltr'><strong>Remiges</strong></span> <span class='ocrx_word' id='word_1_281' title='bbox 1453 2011 1584 2055; x_wconf 85' lang='lat' dir='ltr'><strong>periu—</strong></span> 
     </span>
     <span class='ocr_line' id='line_1_32' title="bbox 143 2053 1582 2104; baseline 0.003 -18"><span class='ocrx_word' id='word_1_282' title='bbox 143 2054 219 2087; x_wconf 77' lang='lat' dir='ltr'><strong>siae</strong></span> <span class='ocrx_word' id='word_1_283' title='bbox 256 2053 320 2101; x_wconf 84' lang='lat' dir='ltr'><strong>[id</strong></span> <span class='ocrx_word' id='word_1_284' title='bbox 351 2059 406 2087; x_wconf 83' lang='lat' dir='ltr'><strong>est</strong></span> <span class='ocrx_word' id='word_1_285' title='bbox 438 2055 600 2099; x_wconf 88' lang='lat' dir='ltr'><strong>peculii]</strong></span> <span class='ocrx_word' id='word_1_286' title='bbox 635 2067 698 2089; x_wconf 88' lang='lat' dir='ltr'><strong>seu</strong></span> <span class='ocrx_word' id='word_1_287' title='bbox 732 2058 885 2102; x_wconf 87' lang='lat' dir='ltr'><strong>remiges</strong></span> <span class='ocrx_word' id='word_1_288' title='bbox 919 2057 1163 2102; x_wconf 83' lang='lat' dir='ltr'><strong>imperialium</strong></span> <span class='ocrx_word' id='word_1_289' title='bbox 1197 2057 1489 2098; x_wconf 59' lang='lat' dir='ltr'><strong>dromonhrum,</strong></span> <span class='ocrx_word' id='word_1_290' title='bbox 1514 2058 1582 2104; x_wconf 89' lang='lat' dir='ltr'><strong>qui</strong></span> 
     </span>
     <span class='ocr_line' id='line_1_33' title="bbox 142 2102 1581 2148; baseline 0.003 -16"><span class='ocrx_word' id='word_1_291' title='bbox 142 2110 243 2133; x_wconf 75' lang='lat' dir='ltr'><strong>sacra</strong></span> <span class='ocrx_word' id='word_1_292' title='bbox 277 2111 427 2145; x_wconf 88' lang='lat' dir='ltr'><strong>corpora</strong></span> <span class='ocrx_word' id='word_1_293' title='bbox 457 2102 696 2135; x_wconf 87' lang='lat' dir='ltr'><strong>Dominorum</strong></span> <span class='ocrx_word' id='word_1_294' title='bbox 734 2103 773 2136; x_wconf 90' lang='lat' dir='ltr'><strong>in</strong></span> <span class='ocrx_word' id='word_1_295' title='bbox 804 2104 995 2148; x_wconf 86' lang='lat' dir='ltr'><strong>utriusque</strong></span> <span class='ocrx_word' id='word_1_296' title='bbox 1021 2104 1243 2137; x_wconf 87' lang='lat' dir='ltr'><strong>continentis</strong></span> <span class='ocrx_word' id='word_1_297' title='bbox 1274 2103 1483 2136; x_wconf 84' lang='lat' dir='ltr'><strong>suburbana</strong></span> <span class='ocrx_word' id='word_1_298' title='bbox 1515 2115 1581 2138; x_wconf 84' lang='lat' dir='ltr'><strong>ve-</strong></span> 
     </span>
     <span class='ocr_line' id='line_1_34' title="bbox 142 2146 1581 2193; baseline 0.003 -14"><span class='ocrx_word' id='word_1_299' title='bbox 142 2146 270 2180; x_wconf 82' lang='lat' dir='ltr'><strong>etitare</strong></span> <span class='ocrx_word' id='word_1_300' title='bbox 317 2147 461 2188; x_wconf 87' lang='lat' dir='ltr'><strong>solent,</strong></span> <span class='ocrx_word' id='word_1_301' title='bbox 507 2148 732 2183; x_wconf 85' lang='lat' dir='ltr'><strong>descendunt</strong></span> <span class='ocrx_word' id='word_1_302' title='bbox 771 2151 812 2183; x_wconf 92' lang='lat' dir='ltr'><strong>in</strong></span> <span class='ocrx_word' id='word_1_303' title='bbox 854 2150 1111 2183; x_wconf 88' lang='lat' dir='ltr'><strong>bucoleontem</strong></span> <span class='ocrx_word' id='word_1_304' title='bbox 1169 2155 1207 2183; x_wconf 86' lang='lat' dir='ltr'><strong>et</strong></span> <span class='ocrx_word' id='word_1_305' title='bbox 1245 2151 1300 2184; x_wconf 91' lang='lat' dir='ltr'><strong>ibi</strong></span> <span class='ocrx_word' id='word_1_306' title='bbox 1345 2152 1550 2184; x_wconf 86' lang='lat' dir='ltr'><strong>consistunt</strong></span> <span class='ocrx_word' id='word_1_307' title='bbox 1569 2175 1581 2193; x_wconf 96' lang='lat'>,</span> 
     </span>
     <span class='ocr_line' id='line_1_35' title="bbox 141 2191 1582 2241; baseline 0.004 -16"><span class='ocrx_word' id='word_1_308' title='bbox 141 2191 208 2225; x_wconf 76' lang='lat' dir='ltr'><strong>ubi</strong></span> <span class='ocrx_word' id='word_1_309' title='bbox 252 2193 481 2227; x_wconf 88' lang='lat' dir='ltr'><strong>dromonium</strong></span> <span class='ocrx_word' id='word_1_310' title='bbox 518 2195 707 2241; x_wconf 89' lang='lat' dir='ltr'><strong>imperiale</strong></span> <span class='ocrx_word' id='word_1_311' title='bbox 752 2201 843 2238; x_wconf 86' lang='lat' dir='ltr'><strong>stat,</strong></span> <span class='ocrx_word' id='word_1_312' title='bbox 877 2197 1050 2230; x_wconf 80' lang='lat' dir='ltr'><strong>laudibus</strong></span> <span class='ocrx_word' id='word_1_313' title='bbox 1082 2203 1120 2231; x_wconf 82' lang='lat' dir='ltr'><strong>et</strong></span> <span class='ocrx_word' id='word_1_314' title='bbox 1150 2197 1470 2231; x_wconf 81' lang='lat' dir='ltr'><strong>benedictionibus</strong></span> <span class='ocrx_word' id='word_1_315' title='bbox 1511 2209 1582 2231; x_wconf 91' lang='lat' dir='ltr'><strong>cu-</strong></span> 
     </span>
     <span class='ocr_line' id='line_1_36' title="bbox 140 2239 1581 2278; baseline 0.005 -7"><span class='ocrx_word' id='word_1_316' title='bbox 140 2239 321 2273; x_wconf 84' lang='lat' dir='ltr'><strong>mulantes</strong></span> <span class='ocrx_word' id='word_1_317' title='bbox 356 2241 553 2274; x_wconf 89' lang='lat' dir='ltr'><strong>Dominum</strong></span> <span class='ocrx_word' id='word_1_318' title='bbox 593 2247 631 2275; x_wconf 87' lang='lat' dir='ltr'><strong>et</strong></span> <span class='ocrx_word' id='word_1_319' title='bbox 674 2249 845 2277; x_wconf 83' lang='lat' dir='ltr'><strong>canentes</strong></span> <span class='ocrx_word' id='word_1_320' title='bbox 885 2243 1052 2277; x_wconf 84' lang='lat' dir='ltr'><strong>basilicia</strong></span> <span class='ocrx_word' id='word_1_321' title='bbox 1082 2243 1266 2277; x_wconf 81' lang='lat' dir='ltr'><strong>brumalii.</strong></span> <span class='ocrx_word' id='word_1_322' title='bbox 1325 2244 1383 2278; x_wconf 86' lang='lat' dir='ltr'><strong>Ad</strong></span> <span class='ocrx_word' id='word_1_323' title='bbox 1414 2245 1499 2278; x_wconf 85' lang='lat' dir='ltr'><strong>illos</strong></span> <span class='ocrx_word' id='word_1_324' title='bbox 1533 2254 1581 2278; x_wconf 78' lang='lat' dir='ltr'><strong>ex</strong></span> 
     </span>
     <span class='ocr_line' id='line_1_37' title="bbox 141 2283 1581 2333; baseline 0.003 -15"><span class='ocrx_word' id='word_1_325' title='bbox 141 2283 359 2319; x_wconf 81' lang='lat' dir='ltr'><strong>editioribus</strong></span> <span class='ocrx_word' id='word_1_326' title='bbox 384 2287 555 2322; x_wconf 88' lang='lat' dir='ltr'><strong>deiicitnr</strong></span> <span class='ocrx_word' id='word_1_327' title='bbox 578 2289 832 2333; x_wconf 86' lang='lat' dir='ltr'><strong>apocombium</strong></span> <span class='ocrx_word' id='word_1_328' title='bbox 857 2289 1096 2325; x_wconf 88' lang='lat' dir='ltr'><strong>ducentorum</strong></span> <span class='ocrx_word' id='word_1_329' title='bbox 1120 2291 1411 2325; x_wconf 88' lang='lat' dir='ltr'><strong>miliaresiorum.</strong></span> <span class='ocrx_word' id='word_1_330' title='bbox 1467 2291 1581 2324; x_wconf 88' lang='lat' dir='ltr'><strong>Tem-</strong></span> 
     </span>
     <span class='ocr_line' id='line_1_38' title="bbox 139 2333 1581 2378; baseline 0.005 -15"><span class='ocrx_word' id='word_1_331' title='bbox 139 2334 229 2375; x_wconf 82' lang='lat' dir='ltr'><strong>pore</strong></span> <span class='ocrx_word' id='word_1_332' title='bbox 264 2333 493 2367; x_wconf 72' lang='lat' dir='ltr'><strong>Constantini</strong></span> <span class='ocrx_word' id='word_1_333' title='bbox 536 2340 678 2376; x_wconf 85' lang='lat' dir='ltr'><strong>autem,</strong></span> <span class='ocrx_word' id='word_1_334' title='bbox 714 2336 900 2370; x_wconf 86' lang='lat' dir='ltr'><strong>Christum</strong></span> <span class='ocrx_word' id='word_1_335' title='bbox 941 2338 1094 2370; x_wconf 87' lang='lat' dir='ltr'><strong>amantis</strong></span> <span class='ocrx_word' id='word_1_336' title='bbox 1133 2338 1308 2378; x_wconf 89' lang='lat' dir='ltr'><strong>Domini,</strong></span> <span class='ocrx_word' id='word_1_337' title='bbox 1350 2336 1581 2370; x_wconf 81' lang='lat' dir='ltr'><strong>addebantur</strong></span> 
     </span>
     <span class='ocr_line' id='line_1_39' title="bbox 144 2376 1581 2428; baseline 0.005 -19"><span class='ocrx_word' id='word_1_338' title='bbox 144 2376 264 2411; x_wconf 88' lang='lat' dir='ltr'><strong>adhuc</strong></span> <span class='ocrx_word' id='word_1_339' title='bbox 295 2384 496 2413; x_wconf 82' lang='lat' dir='ltr'><strong>tercentum</strong></span> <span class='ocrx_word' id='word_1_340' title='bbox 529 2382 746 2425; x_wconf 84' lang='lat' dir='ltr'><strong>miliaresia;</strong></span> <span class='ocrx_word' id='word_1_341' title='bbox 786 2383 838 2416; x_wconf 86' lang='lat' dir='ltr'><strong>ita</strong></span> <span class='ocrx_word' id='word_1_342' title='bbox 870 2389 912 2417; x_wconf 90' lang='lat' dir='ltr'><strong>ut</strong></span> <span class='ocrx_word' id='word_1_343' title='bbox 942 2384 988 2416; x_wconf 88' lang='lat' dir='ltr'><strong>ab</strong></span> <span class='ocrx_word' id='word_1_344' title='bbox 1023 2395 1067 2416; x_wconf 90' lang='lat' dir='ltr'><strong>eo</strong></span> <span class='ocrx_word' id='word_1_345' title='bbox 1098 2390 1261 2428; x_wconf 83' lang='lat' dir='ltr'><strong>tempore</strong></span> <span class='ocrx_word' id='word_1_346' title='bbox 1293 2385 1333 2416; x_wconf 90' lang='lat' dir='ltr'><strong>in</strong></span> <span class='ocrx_word' id='word_1_347' title='bbox 1371 2384 1581 2416; x_wconf 86' lang='lat' dir='ltr'><strong>universum</strong></span> 
     </span>
     <span class='ocr_line' id='line_1_40' title="bbox 143 2423 1580 2473; baseline 0.005 -19"><span class='ocrx_word' id='word_1_348' title='bbox 143 2423 339 2468; x_wconf 81' lang='lat' dir='ltr'><strong>quingenta</strong></span> <span class='ocrx_word' id='word_1_349' title='bbox 370 2426 566 2461; x_wconf 84' lang='lat' dir='ltr'><strong>miliaresia</strong></span> <span class='ocrx_word' id='word_1_350' title='bbox 603 2430 819 2473; x_wconf 65' lang='lat' dir='ltr'><strong>acceperint„</strong></span> <span class='ocrx_word' id='word_1_351' title='bbox 867 2430 967 2464; x_wconf 83' lang='lat' dir='ltr'><strong>Idem</strong></span> <span class='ocrx_word' id='word_1_352' title='bbox 993 2431 1057 2463; x_wconf 93' lang='lat' dir='ltr'><strong>ille</strong></span> <span class='ocrx_word' id='word_1_353' title='bbox 1082 2430 1218 2464; x_wconf 85' lang='lat' dir='ltr'><strong>Christi</strong></span> <span class='ocrx_word' id='word_1_354' title='bbox 1243 2441 1365 2463; x_wconf 89' lang='lat' dir='ltr'><strong>amans</strong></span> <span class='ocrx_word' id='word_1_355' title='bbox 1398 2430 1580 2463; x_wconf 80' lang='lat' dir='ltr'><strong>Dominus</strong></span> 
     </span>
     <span class='ocr_line' id='line_1_41' title="bbox 142 2469 1580 2521; baseline 0.007 -20"><span class='ocrx_word' id='word_1_356' title='bbox 142 2469 286 2502; x_wconf 83' lang='lat' dir='ltr'><strong>addidit</strong></span> <span class='ocrx_word' id='word_1_357' title='bbox 309 2471 468 2517; x_wconf 83' lang='lat' dir='ltr'><strong>antiquis</strong></span> <span class='ocrx_word' id='word_1_358' title='bbox 493 2473 654 2508; x_wconf 87' lang='lat' dir='ltr'><strong>moribus</strong></span> <span class='ocrx_word' id='word_1_359' title='bbox 680 2475 772 2510; x_wconf 88' lang='lat' dir='ltr'><strong>hane</strong></span> <span class='ocrx_word' id='word_1_360' title='bbox 792 2477 1108 2517; x_wconf 83' lang='lat' dir='ltr'><strong>constitutionem,</strong></span> <span class='ocrx_word' id='word_1_361' title='bbox 1133 2483 1175 2510; x_wconf 85' lang='lat' dir='ltr'><strong>ut</strong></span> <span class='ocrx_word' id='word_1_362' title='bbox 1193 2478 1410 2521; x_wconf 84' lang='lat' dir='ltr'><strong>agrariarum</strong></span> <span class='ocrx_word' id='word_1_363' title='bbox 1430 2486 1580 2521; x_wconf 84' lang='lat' dir='ltr'><strong>quoqne</strong></span> 
     </span>
     <span class='ocr_line' id='line_1_42' title="bbox 143 2516 1580 2566; baseline 0.006 -17"><span class='ocrx_word' id='word_1_364' title='bbox 143 2525 206 2549; x_wconf 85' lang='lat' dir='ltr'><strong>seu</strong></span> <span class='ocrx_word' id='word_1_365' title='bbox 230 2516 506 2552; x_wconf 83' lang='lat' dir='ltr'><strong>lenunculorum</strong></span> <span class='ocrx_word' id='word_1_366' title='bbox 524 2520 774 2566; x_wconf 86' lang='lat' dir='ltr'><strong>imperialium</strong></span> <span class='ocrx_word' id='word_1_367' title='bbox 798 2523 950 2566; x_wconf 83' lang='lat' dir='ltr'><strong>remiges</strong></span> <span class='ocrx_word' id='word_1_368' title='bbox 976 2523 1065 2557; x_wconf 89' lang='lat' dir='ltr'><strong>illuc</strong></span> <span class='ocrx_word' id='word_1_369' title='bbox 1090 2523 1352 2557; x_wconf 85' lang='lat' dir='ltr'><strong>descenderent</strong></span> <span class='ocrx_word' id='word_1_370' title='bbox 1393 2527 1431 2556; x_wconf 83' lang='lat' dir='ltr'><strong>et</strong></span> <span class='ocrx_word' id='word_1_371' title='bbox 1465 2522 1580 2557; x_wconf 84' lang='lat' dir='ltr'><strong>simili</strong></span> 
     </span>
     <span class='ocr_line' id='line_1_43' title="bbox 140 2561 1579 2614; baseline 0.005 -19"><span class='ocrx_word' id='word_1_372' title='bbox 140 2561 250 2595; x_wconf 89' lang='lat' dir='ltr'><strong>modo</strong></span> <span class='ocrx_word' id='word_1_373' title='bbox 275 2570 446 2598; x_wconf 87' lang='lat' dir='ltr'><strong>canerent</strong></span> <span class='ocrx_word' id='word_1_374' title='bbox 475 2566 753 2614; x_wconf 85' lang='lat' dir='ltr'><strong>acciperentque</strong></span> <span class='ocrx_word' id='word_1_375' title='bbox 791 2570 992 2612; x_wconf 85' lang='lat' dir='ltr'><strong>proiectum</strong></span> <span class='ocrx_word' id='word_1_376' title='bbox 1016 2581 1061 2602; x_wconf 83' lang='lat' dir='ltr'><strong>ex</strong></span> <span class='ocrx_word' id='word_1_377' title='bbox 1085 2569 1304 2604; x_wconf 89' lang='lat' dir='ltr'><strong>editioribus</strong></span> <span class='ocrx_word' id='word_1_378' title='bbox 1323 2567 1579 2613; x_wconf 85' lang='lat' dir='ltr'><strong>apocombium</strong></span> 
     </span>
     <span class='ocr_line' id='line_1_44' title="bbox 142 2608 1578 2656; baseline 0.006 -16"><span class='ocrx_word' id='word_1_379' title='bbox 142 2608 379 2642; x_wconf 85' lang='lat' dir='ltr'><strong>ducentorum</strong></span> <span class='ocrx_word' id='word_1_380' title='bbox 411 2611 697 2647; x_wconf 84' lang='lat' dir='ltr'><strong>miliaresiorum.</strong></span> <span class='ocrx_word' id='word_1_381' title='bbox 754 2614 829 2648; x_wconf 90' lang='lat' dir='ltr'><strong>Sub</strong></span> <span class='ocrx_word' id='word_1_382' title='bbox 854 2615 997 2656; x_wconf 89' lang='lat' dir='ltr'><strong>Leone,</strong></span> <span class='ocrx_word' id='word_1_383' title='bbox 1034 2615 1170 2649; x_wconf 84' lang='lat' dir='ltr'><strong>Christi</strong></span> <span class='ocrx_word' id='word_1_384' title='bbox 1201 2621 1344 2648; x_wconf 78' lang='lat' dir='ltr'><strong>amante</strong></span> <span class='ocrx_word' id='word_1_385' title='bbox 1369 2620 1406 2648; x_wconf 87' lang='lat' dir='ltr'><strong>et</strong></span> <span class='ocrx_word' id='word_1_386' title='bbox 1430 2619 1578 2648; x_wconf 81' lang='lat' dir='ltr'><strong>aeterna</strong></span> 
     </span>
     <span class='ocr_line' id='line_1_45' title="bbox 140 2655 1579 2707; baseline 0.006 -20"><span class='ocrx_word' id='word_1_387' title='bbox 140 2655 315 2688; x_wconf 85' lang='lat' dir='ltr'><strong>memoria</strong></span> <span class='ocrx_word' id='word_1_388' title='bbox 339 2655 448 2701; x_wconf 80' lang='lat' dir='ltr'><strong>(ligno</strong></span> <span class='ocrx_word' id='word_1_389' title='bbox 473 2658 648 2701; x_wconf 90' lang='lat' dir='ltr'><strong>Domino,</strong></span> <span class='ocrx_word' id='word_1_390' title='bbox 671 2672 749 2694; x_wconf 86' lang='lat' dir='ltr'><strong>mos</strong></span> <span class='ocrx_word' id='word_1_391' title='bbox 773 2665 869 2699; x_wconf 83' lang='lat' dir='ltr'><strong>erat,</strong></span> <span class='ocrx_word' id='word_1_392' title='bbox 902 2666 945 2694; x_wconf 83' lang='lat' dir='ltr'><strong>ut</strong></span> <span class='ocrx_word' id='word_1_393' title='bbox 966 2663 1143 2706; x_wconf 82' lang='lat' dir='ltr'><strong>palatium</strong></span> <span class='ocrx_word' id='word_1_394' title='bbox 1166 2672 1336 2706; x_wconf 85' lang='lat' dir='ltr'><strong>vesperae</strong></span> <span class='ocrx_word' id='word_1_395' title='bbox 1359 2672 1434 2696; x_wconf 88' lang='lat' dir='ltr'><strong>non</strong></span> <span class='ocrx_word' id='word_1_396' title='bbox 1457 2663 1579 2707; x_wconf 85' lang='lat' dir='ltr'><strong>aperi-</strong></span> 
     </span>
     <span class='ocr_line' id='line_1_46' title="bbox 141 2702 1578 2754; baseline 0.006 -20"><span class='ocrx_word' id='word_1_397' title='bbox 141 2707 263 2746; x_wconf 71' lang='lat' dir='ltr'><strong>retur-3</strong></span> <span class='ocrx_word' id='word_1_398' title='bbox 298 2702 363 2735; x_wconf 82' lang='lat' dir='ltr'><strong>sed</strong></span> <span class='ocrx_word' id='word_1_399' title='bbox 394 2704 622 2749; x_wconf 72' lang='lat' dir='ltr'><strong>magistratus</strong></span> <span class='ocrx_word' id='word_1_400' title='bbox 645 2717 753 2752; x_wconf 76' lang='lat' dir='ltr'><strong>supra</strong></span> <span class='ocrx_word' id='word_1_401' title='bbox 777 2708 946 2742; x_wconf 79' lang='lat' dir='ltr'><strong>recensiti</strong></span> <span class='ocrx_word' id='word_1_402' title='bbox 970 2708 1158 2742; x_wconf 83' lang='lat' dir='ltr'><strong>intrabant</strong></span> <span class='ocrx_word' id='word_1_403' title='bbox 1180 2707 1269 2753; x_wconf 82' lang='lat' dir='ltr'><strong>hora</strong></span> <span class='ocrx_word' id='word_1_404' title='bbox 1293 2708 1369 2743; x_wconf 86' lang='lat' dir='ltr'><strong>diei</strong></span> <span class='ocrx_word' id='word_1_405' title='bbox 1393 2718 1488 2743; x_wconf 86' lang='lat' dir='ltr'><strong>nona</strong></span> <span class='ocrx_word' id='word_1_406' title='bbox 1510 2718 1578 2754; x_wconf 82' lang='lat' dir='ltr'><strong>per</strong></span> 
     </span>
    </p>
   </div>
  </div>
 </body>
</html>
