1832 3112
236 128 310 186 70
514 143 874 186 coNsTANnM
930 143 1416 189 PORPHYRocmm

235 254 326 309 γιὀν
351 257 570 312 χρυσοῦν,
616 254 698 297 ἀπὸ
730 258 822 298 τῶν
859 257 1016 310 ἐκεῖσε,
1059 257 1376 314 δηριγευόμενος
1417 259 1500 303 ὑπό
1535 263 1579 304 τε
1615 264 1695 304 τοῦ

236 321 534 375 κουβουκλείου
557 322 954 378 πρωτοσπαθαρίων
967 339 1011 365 τε
1041 323 1114 366 καὶ
1139 328 1296 369 λοιπῶν
1323 327 1553 382 οἰκειακῶν,
1579 330 1694 385 διέρ-

235 403 356 442 χεται
386 385 457 429 ὸίά
487 387 565 428 τοῦ
593 387 856 441 αὕγουστέως
880 390 956 431 καί
979 390 1054 445 τῆς
1082 386 1355 445 ἄμαθος-,καί
1393 392 1628 447 εἰσέρχεται
1647 394 1694 436 ἑν

236 454 292 509 τῷ
320 453 597 510 θεοφυλάκτῳ
636 453 838 512 παλατίῳ.
907 457 985 512 (Ι.)
1017 458 1352 514 Καταλαβούσης
1390 460 1438 500 δὲ
1464 461 1538 515 τῆς
1566 455 1694 515 ὧρας,

237 520 464 569 καθέζεται
498 520 570 560 έπί
596 520 670 575 τῆς
694 522 926 576 τραπέζης,
969 521 996 577 ἡ
1028 523 1074 564 δὲ
1103 521 1289 578 τράπεζά
1327 525 1444 567 ἐστιν
1471 523 1721 581 ἀποκοπτὴ,5

237 585 311 627 καί
337 581 421 627 εἷθ’
465 581 595 636 οὕτως
624 586 890 643 εἰσέρχονται
930 586 970 629 οἱ
1007 590 1081 630 τοῦ
1118 580 1440 645 κουβουιελείου,
1467 590 1544 634 καί
1568 591 1696 648 παρί-

237 669 412 695 στανται
440 650 582 701 καθώς
622 655 696 695 καί
720 654 747 710 ἦ
768 654 884 706 τάξις
907 652 997 709 ἔχει
1021 653 1145 697 ἔνθεν
1171 657 1335 705 κάκεῖσε
1359 659 1435 700 τοῦ
1455 658 1700 715 κλητωρίου·

237 719 504 774 εἰσέρχονται
544 722 592 762 δὲ
632 719 706 762 καί
732 719 772 762 οἱ
811 723 928 777 φιλοι
955 723 1001 763 ἑν
1040 723 1098 778 τῷ
1126 724 1359 782 κλητωριζο,
1399 727 1631 781 φοροῦντες
1659 722 1699 766 οἶ

238 788 317 839 μὲν
355 787 569 841 πατρίκιοι
608 784 660 828 τοὶ
689 789 893 841 χλανίδια
917 785 1078 842 αὗτῶν,
1128 789 1202 831 καί
1228 789 1380 844 πάλιν,
1409 789 1536 846 ἡνίκα
1564 791 1699 833 εἰσέλ-

195 855 298 910 Βθῃ
327 850 373 894 τὸ
397 851 615 906 ὃούλκιον,
643 853 964 908 περιβάλλονται
1007 851 1134 896 αὖτά.
1190 855 1325 897 ἰστέον
1370 856 1432 909 δὲ,
1462 852 1525 899 ὅτι
1553 855 1591 898 οἱ
1611 849 1754 912 Αοἷρ-ιε)

241 935 388 974 χοντες
426 917 501 960 τοῦ
539 919 835 973 κουβουκλείου
866 921 921 961 δι’
950 916 1048 976 ὅλης
1086 923 1159 976 τῆς
1201 921 1525 977 διακαινησίμου
1567 924 1612 965 ἐν
1647 925 1700 980 ’τῇ

244 986 354 1043 αὐτῇ
380 986 590 1044 τραπέζῃ,
619 980 747 1040 ἤγουν
774 987 826 1044 τῇ
849 988 1017 1043 χρυσῇ,
1044 989 1207 1030 τελοῦσι
1235 988 1410 1030 διπλοῦν
1437 989 1703 1045 παραστάσι-
1740 1008 1743 1011 ·

240 1069 336 1105 μον.
390 1050 476 1109 χρὴ
507 1054 555 1093 δὲ
584 1053 763 1107 εἰδέναι,
809 1049 876 1094 ὅτι
905 1053 945 1094 εἰ
967 1055 1046 1107 μὲν
1073 1052 1235 1108 τύχωσι
1274 1055 1471 1110 πρέσβεις
1506 1052 1704 1109 μεγάλων

245 1121 412 1173 ἐθνῶν,
452 1118 525 1160 καί
550 1118 736 1160 κελεύσει
764 1115 786 1161 ὃ
814 1118 1016 1173 βασιλεύς
1042 1120 1220 1170 τούτους
1246 1120 1450 1175 καλέσαι,
1479 1123 1648 1164 ἵσταται
1673 1121 1701 1177 ἦ

69 1197 132 1230 Ms.
150 1194 245 1241 45.b
254 1189 396 1243 χρυσῆ
422 1184 556 1242 μικρά
593 1185 780 1242 τράπεζα
820 1181 908 1229 ἄνω
950 1184 1056 1229 ἔνθα
1091 1185 1137 1229 τὸ
1179 1187 1484 1245 πενταπύργιον
1524 1189 1758 1242 ἵσταται,ιό

247 1252 322 1295 καί
347 1253 570 1303 καθέζεται
596 1253 688 1293 ἐκεῖ
703 1251 725 1294 ὃ
757 1251 979 1307 βασιλεύς,
1024 1251 1065 1295 οἶ
1089 1254 1135 1296 δὲ
1164 1255 1361 1310 πρέσβεις
1390 1255 1640 1305 καθέζονται
1659 1254 1705 1296 ἐν

247 1320 302 1375 τῇ
338 1316 498 1375 μεγάλῃ
531 1319 674 1375 χρυσῇ
705 1321 907 1376 τραπέζῃ.
981 1320 1184 1378 ἀριστερᾷ
1211 1321 1258 1361 δὲ
1283 1322 1366 1362 τοῦ
1395 1318 1704 1375 πενταπυργίου

250 1386 415 1428 ἵσταται
440 1382 648 1438 σκάμνον,
679 1384 776 1439 ἔχον
807 1386 976 1442 βάθρα,
1005 1388 1078 1428 καί
1105 1386 1324 1442 ἀνέρχεται
1347 1388 1401 1428 δι’
1428 1386 1563 1429 αὐτοῦ
1584 1385 1608 1428 ὅ
1631 1387 1708 1441 τῆς

250 1453 482 1508 τραπέζης,
520 1451 593 1493 καί
616 1453 783 1494 ἵσταται
813 1447 899 1495 ἄνω
925 1454 1233 1508 καθυπουργῶν
1264 1454 1323 1510 τῷ
1349 1456 1541 1507 βασιλεῖ,
1587 1450 1627 1507 οἱ
1659 1454 1708 1496 δὲ

77 1517 535 1574 Ειι.1ι.43ἑγγιστιάριοι
567 1520 757 1561 ἵστανται
789 1517 937 1568 πάντες
972 1518 1103 1573 κάτω,
1142 1521 1334 1562 ἵστανται
1366 1521 1414 1562 δὲ
1445 1517 1598 1573 ὁμοίως
1633 1518 1761 1565 natae

252 1588 297 1637 ἐξ
337 1585 572 1642 ἀριστερῶν
602 1586 680 1627 τοῦ
713 1581 846 1627 αὖτοῦ
882 1586 1214 1642 πενταπυργίου,
1259 1583 1428 1639 ἔχοντος
1468 1587 1543 1628 καὶ
1571 1587 1705 1628 ani-cosi

253 1650 417 1708 βάθρα,
447 1653 522 1694 καί
552 1652 773 1708 ἀνέρχεται
801 1653 857 1694 δι’
885 1648 1021 1694 αὐτοῦ
1041 1649 1062 1693 ὃ
1084 1653 1340 1708 ἑπιγκέρνης.
1385 1652 1522 1694 ἰστέον
1555 1653 1603 1694 δὲ
1635 1651 1709 1694 καὶ

254 1721 403 1772 τοῦτο,
455 1716 519 1760 ὅτι
560 1718 748 1760 ἵστανται
783 1719 828 1760 ἐν
863 1719 914 1774 τῇ
951 1716 1124 1776 καμάρα
1166 1719 1240 1760 τοῦ
1272 1719 1619 1774 χρυσοτρικλίνου
1656 1718 1710 1774 τῇ

255 1784 460 1842 ἐξαγούσῃ
496 1783 598 1842 πρὸς
635 1783 707 1828 τὸν
741 1787 976 1841 τριπέτωνα
1012 1783 1314 1842 παρατράπεζα
1340 1781 1444 1837 δύο,
1488 1785 1528 1826 εἰ
1560 1784 1609 1826 δὲ
1642 1786 1710 1824 ἑτε-

359 1911 409 1932 ιο.
435 1891 602 1940 δουλκῆν
626 1898 704 1932 cod.
813 1909 869 1933 20.
895 1895 1143 1944 ἐγγιστάριοι
1161 1897 1219 1936 ed,
1313 1908 1369 1936 22.
1393 1877 1617 1944 έπιγκέρτης
1637 1896 1710 1938 ed.‚

352 1946 562 1990 πιγκέρνης
584 1947 680 1983 coni.
692 1944 816 1980 Leich.

264 2053 353 2087 unt,
378 2052 416 2080 et
450 2047 694 2092 egrediuntur.
743 2047 811 2081 Ille
843 2057 953 2081 aureo
983 2048 1080 2091 sagio
1107 2047 1277 2087 indutus,
1312 2057 1332 2079 a
1362 2043 1553 2085 cubiculo,
1586 2050 1711 2088 proto-

264 2093 456 2139 spathariis
484 2094 687 2140 ceterisque
720 2094 864 2127 famulis
896 2095 1074 2138 stipatus,
1113 2105 1177 2138 per
1209 2093 1396 2138 augustale
1427 2097 1464 2126 et
1494 2090 1657 2136 apsidem
1688 2103 1711 2138 a

264 2142 343 2174 Deo
365 2140 588 2174 custoditum
606 2141 783 2185 palatium
810 2141 914 2186 petit.
963 2140 1037 2186 (Χ.)
1062 2140 1158 2174 Hora
1188 2146 1308 2173 autem
1339 2140 1523 2179 instante,
1548 2149 1710 2179 mensae,

267 2198 359 2233 qnae
385 2189 502 2222 excisa
527 2194 601 2228 est,
625 2187 790 2228 adsidet,
821 2187 1033 2221 cubicularii
1062 2187 1217 2227 intrant,
1257 2193 1294 2220 et
1315 2185 1361 2219 ab
1389 2191 1544 2230 utroque
1575 2195 1710 2218 coena-

267 2235 341 2268 culi
363 2235 477 2268 latere
504 2240 546 2268 ut
577 2246 652 2267 mos
680 2239 736 2267 est
763 2234 930 2267 adstant:
969 2235 1107 2267 intrant
1141 2245 1288 2280 quoque
1323 2233 1428 2266 amici
1455 2231 1714 2276 Imperatoris,

269 2287 307 2315 et
329 2282 474 2326 patricii
499 2281 647 2326 quidem
676 2283 819 2315 tunicas
841 2293 920 2314 suas
947 2286 1108 2325 gestant,
1135 2292 1225 2327 quas
1241 2306 1251 2321 ,
1287 2291 1368 2314 cum
1401 2279 1476 2312 cibi
1497 2280 1712 2319 afferuntur,

269 2339 390 2362 rursus
417 2329 584 2362 induunt.
647 2328 841 2361 Sciendum
870 2334 943 2368 est,
979 2328 1180 2372 praefectos
1215 2327 1384 2361 cubiculo
1414 2331 1492 2359 tota
1513 2325 1714 2369 septimana

270 2375 517 2409 renovationis
550 2376 589 2409 in
617 2373 743 2409 eadem
780 2387 926 2414 mensa,
965 2374 1105 2408 scilicet
1136 2385 1263 2414 aurea,
1297 2373 1481 2417 duplicem
1508 2382 1715 2405 consessum

272 2422 404 2458 facere.
451 2423 557 2456 Porro
592 2422 623 2454 si
647 2421 758 2466 legati
784 2433 993 2467 magnarum
1025 2421 1186 2466 gentium
1219 2421 1340 2455 adsint
1374 2430 1510 2464 eosque
1547 2417 1716 2452 advocari

271 2469 468 2513 Imperator
481 2469 650 2509 iusserit,
676 2480 785 2502 aurea
807 2480 928 2502 mensa
945 2479 1051 2513 parva
1079 2479 1121 2502 eo
1143 2468 1234 2507 loco,
1259 2467 1323 2500 ubi
1343 2466 1620 2511 pentapyrgium
1649 2469 1716 2504 est,

272 2521 362 2556 stat,
401 2517 509 2562 eique
534 2517 754 2560 Imperator,
791 2516 901 2560 legati
928 2515 1172 2548 vero''maiori
1206 2524 1352 2547 mensae
1376 2523 1504 2546 aureae
1536 2510 1718 2548 adsident.

272 2563 315 2595 In
344 2563 489 2596 sinistro
515 2568 636 2596 autem
668 2563 896 2607 pentapyrgii
934 2563 1048 2599 latere
1081 2572 1262 2595 scamnum
1307 2559 1476 2604 gradibus
1503 2559 1718 2593 instructum

274 2610 488 2653 apponitur,
513 2620 578 2653 per
596 2609 695 2655 quod
721 2620 866 2642 mensae
887 2609 1092 2654 praefectus
1113 2607 1327 2652 Imperatori
1354 2606 1624 2641 ministraturus
1650 2603 1718 2638 ad-

275 2656 436 2696 scendit,
470 2656 564 2689 infra
595 2662 714 2689 autem
741 2657 939 2700 engistiarii
969 2667 1092 2690 omnes
1114 2653 1160 2687 ad
1188 2654 1326 2687 laevam
1350 2652 1579 2698 pentapyrgii
1610 2654 1718 2690 stant,

276 2702 375 2747 quod
404 2703 514 2736 etiam
548 2702 675 2748 gradus
702 2702 834 2743 habet,
874 2714 940 2747 per
967 2714 1057 2748 quos
1086 2703 1258 2745 pincerna
1283 2698 1480 2734 adscendit.
1530 2699 1718 2733 Praeterea

278 2748 545 2787 observandum
573 2755 649 2792 est,
683 2751 723 2786 in
751 2760 889 2785 camera
918 2750 1018 2785 aurei
1054 2748 1204 2784 triclinii
1234 2746 1280 2782 ad
1314 2748 1535 2793 tripctonem
1563 2745 1719 2780 ducente
