1878 3112
336 111 447 167 586
622 118 979 173 coNsrAunm
1019 133 1499 178 PoRPHYROGEum

320 226 418 276 ’τοῖς
443 229 574 270 ἐκεῖσε
601 227 800 281 σκάμνοις
818 261 829 282 ,
869 228 941 272 καὶ
967 231 1204 274 ἀπέστειλεν
1247 230 1387 283 αὗτοῖς
1424 233 1449 275 ὅ
1474 235 1674 290 βασιλεὺς
1699 237 1774 279 διὰ

331 296 563 336 κοιτωνίτου
594 291 787 336 οἰνάνθια
813 295 888 337 καί
913 295 1258 353 ῥοδοστάγματα,
1286 298 1441 354 γάλαιά
1469 317 1514 342 τε
1541 301 1616 343 καὶ
1646 294 1772 344 λοιπά

289 366 322 399 D
329 357 579 415 μυριστικά.
633 362 708 402 καί
733 360 804 403 διὰ
846 362 930 403 τῶν.
957 366 1391 420 προευτρεπισθέντων
1427 368 1558 410 ἐκεῖσε
1590 367 1773 422 ἀναγλυ-

327 441 423 481 φων
461 428 790 481 χερνιβοξέστων
828 427 1051 482 νιψάμενοι
1082 431 1156 472 καὶ
1191 429 1262 473 διὰ
1299 432 1537 486 πολυτίμων
1572 433 1772 490 χειρομά-

328 507 437 532 κτων
465 491 779 546 οἷπομαξάμενοι
807 493 880 536 καί
901 498 983 536 τῶν
1009 496 1251 552 μυριπνόων
1276 496 1351 539 καί
1379 497 1551 542 eddom
1584 497 1798 553 mamad-5

327 573 412 598 των
438 559 511 600 καί
558 556 779 613 ἆλημάτων
808 559 1006 616 α’φθὸνως
1044 562 1367 617 ἐμπλησθέντες,
1412 560 1538 606 πάλιν
1581 562 1652 606 διὰ
1690 566 1770 606 τοὸ

327 626 562 665 λαυσιακοῦ
587 623 662 667 καὶ
685 628 762 667 τοῦ
788 625 1016 683 ὦρολογιόυ
1042 626 1114 669 καί
1137 629 1212 670 τοῦ
1237 630 1581 686 χρυσοτρικλίνον
1605 630 1768 681 ἐξίεσαν

325 688 402 738 τὰς
429 689 672 742 ἆνατολικάς
699 691 835 742 πύλας
860 696 937 735 τοῦ
959 694 1332 750 χρυσοτρικλίνου,
1370 698 1443 738 καί
1469 695 1540 738 διὰ
1567 698 1647 738 τοῦ
1673 694 1767 750 ἧλι-

327 756 435 797 ακοῦ
465 758 544 798 τοῦ
569 755 716 812 Φάρου
746 757 1004 811 ἐξελθόντες,
1047 762 1258 815 κατῆλθον
1294 759 1364 804 διὰ
1391 762 1468 804 τοῦ
1493 761 1669 817 ἡλιακοῦ
1692 762 1767 817 τῆς

326 822 425 872 νέας
451 824 525 865 καί
559 825 635 865 τοῦ
668 824 854 879 μεγάλου
890 828 1099 879 τρικλίνου
1127 827 1187 876 εἷς
1224 825 1270 869 τό
1310 825 1666 884 τζυκανιοτῆριον·
1719 828 1819 870 ἕ-ιο

324 894 434 931 κεῖσε
457 883 532 931 οὖν
558 887 828 940 {naeinam-9
855 888 1044 947 ἀπῆλθον
1070 893 1116 934 ἐν
1143 894 1203 950 τῷ
1229 891 1321 951 ἰδίῳ
1349 893 1557 951 ἆπλήκτῳ,
1581 889 1676 948 ἦτοι
1701 895 1764 944 εἰς

128 963 308 999 Εᾱ,ι,336
320 951 391 995 τὸν
417 955 651 1010 χρυσίωνα.
687 957 836 1011 ἰστέον,
874 955 938 1000 ὅτι
965 957 1188 1015 ἂνάγλυφα
1215 959 1442 1015 μινσοϋρια
1467 958 1542 1000 καὶ
1566 960 1764 1001 σκουτέλκ·

318 1024 390 1061 λια
416 1021 462 1062 ἐν
489 1022 548 1078 τῷ
572 1020 741 1080 μεγάλῳ
768 1021 949 1081 κοσμήτῃ
976 1025 1053 1066 τοῦ
1085 1026 1426 1080 χρυσοτρικλίνου
1469 1022 1606 1079 ἆκμὴν
1643 1025 1762 1081 ἐκρέε-

316 1101 449 1139 μαντο
465 1117 476 1139 ,
517 1085 590 1127 καί
612 1085 663 1128 τοὶ
690 1088 821 1143 μικρὰ
848 1089 1070 1146 α’νάγλυφα
1098 1091 1342 1132 σκουτέλλια
1369 1091 1414 1132 ἐν
1439 1095 1532 1140 ταῖς
1557 1105 1760 1146 φωταγω-

315 1155 406 1205 γοῖς
431 1150 643 1207 καμάραις
668 1155 744 1194 τοῦ
770 1153 975 1210 τρούλλου
1003 1157 1246 1211 ἐκρέμαντο.
1301 1157 1454 1209 ἰστέον,
1484 1151 1563 1209 ὅτι,
1590 1154 1815 1211 ἧμερῶνῐό

316 1218 575 1260 διελθουσῶν
614 1215 691 1260 οὐκ
719 1215 865 1274 ὀλίγων
874 1254 887 1274 ,
941 1217 1150 1277 ᾐτήσαντο
1191 1219 1231 1262 οἷ
1258 1224 1373 1277 φίλοι
1400 1219 1636 1278 Σαρακηνοί
1658 1218 1760 1262 θεά-

312 1285 476 1324 σασθαι
504 1284 580 1325 καί
605 1290 824 1340 συντυχεῖν
849 1285 921 1328 τὸν
943 1289 1136 1341 βασιλέα,
1165 1287 1239 1328 καί
1255 1285 1349 1329 ἐπεὶ
1373 1286 1397 1327 o‘
1422 1286 1760 1343 χρυσοτρύιλινος

313 1344 614 1405 ιῖπεγραμίσθη
642 1352 716 1405 τῆς
744 1351 1054 1408 προζῖῥηθείσης
1088 1353 1309 1409 γραμμῆς,
1348 1353 1395 1394 ἐν
1420 1352 1478 1410 τῷ
1504 1351 1757 1409 α’διαλείπτῳ

310 1415 385 1456 καί
411 1417 510 1456 καθ’
535 1412 711 1472 ἑκάστην
738 1416 943 1476 ἱσταμένῳ
982 1419 1028 1461 ἐν
1055 1419 1114 1476 τῷ
1137 1420 1466 1476 χρυσοτρικλίνῳ
1513 1419 1674 1475 πυργίῳ
1711 1418 1759 1460 ἒ-

311 1479 627 1537 κρεμάσθησαν,
670 1485 716 1524 ἐν
741 1489 826 1533 τοῖς
852 1486 930 1526 τοῦ
966 1486 1103 1526 αὐτοῦ’
1129 1482 1305 1540 πυργίου
1332 1484 1626 1539 μεσοκαρδίοις
1643 1514 1656 1536 ,
1698 1478 1813 1526 va'au

312 1547 412 1603 τρία
440 1548 683 1601 στέμματα·
738 1548 844 1606 πρὸς
883 1549 1088 1606 ἅνατολὴν
1115 1551 1194 1603 μὲν
1221 1547 1268 1591 τὸ
1308 1549 1397 1591 τῶν
1420 1547 1550 1602 ἁγίων
1575 1544 1756 1596 ἇποστό-

276 1616 401 1655 Βλων
437 1610 638 1669 πράσινον
671 1619 861 1670 στέμμα,
903 1617 1018 1673 δεξιᾷ
1045 1617 1092 1658 δὲ
1118 1613 1165 1658 τό
1197 1617 1271 1670 τῆς
1296 1610 1526 1671 ὗπεραγίας
1553 1611 1753 1662 ΙΘείντόκσυ

313 1680 389 1721 τοῦ
417 1677 563 1736 Φάρου
581 1682 745 1734 βένετον
772 1684 961 1737 πέμμα,
990 1678 1195 1742 ἀριστερᾷ
1223 1683 1270 1723 δὲ
1297 1678 1343 1722 τὸ
1373 1681 1451 1722 τοῦ
1477 1678 1597 1734 ἁγίου
1622 1694 1755 1733 {asym-

316 1833 356 1866 in
381 1833 534 1867 scamnis
558 1834 610 1869 ibi
627 1835 770 1880 positis.
816 1834 910 1868 Illuc
931 1834 1103 1867 mittebat
1123 1833 1210 1878 ipsis
1226 1834 1424 1879 ImPfflator
1445 1842 1511 1876 per
1533 1828 1751 1864 coetonitam

316 1879 514 1913 oenantbia
541 1879 672 1929 [genus
697 1883 872 1926 unguenti
897 1886 968 1923 est,
1023 1886 1060 1914 et
1091 1891 1223 1926 aquam
1255 1890 1417 1912 rosarum
1449 1876 1674 1910 stillaticiam
1713 1880 1751 1909 et

315 1926 429 1971 galias
470 1933 508 1961 et
551 1929 623 1961 alia
654 1933 839 1972 unguenta
872 1933 910 1962 et
940 1940 961 1961 o
990 1932 1183 1961 oramenta.
1241 1927 1436 1971 Postquam
1466 1923 1520 1956 ibi
1543 1923 1594 1955 .in
1614 1922 1750 1968 paratis

315 1973 427 2006 levati
458 1975 578 2019 operis
610 1974 778 2020 pelvibus
809 1986 887 2008 sese
911 1975 1092 2015 lavarant,
1127 1978 1164 2007 et
1194 1973 1364 2018 pretiosis
1386 1969 1599 2004 mantilibus
1621 1978 1761 2001 manus·

315 2018 561 2054 absterserant
581 2027 692 2068 atque
716 2022 946 2062 siccaverant,
970 2033 1017 2054 un
1045 2020 1237 2065 uentisque
1259 2024 1297 2054 et
1317 2014 1522 2063 liquoribus
1543 2025 1650 2048 suave
1674 2014 1750 2059 spi—

314 2066 482 2099 rantibus
504 2079 632 2113 corpus
658 2067 771 2114 probe
795 2067 999 2101 delibutum
1050 2065 1227 2106 abebant,
1258 2064 1408 2099 exibant
1428 2072 1551 2095 rursus
1577 2072 1642 2106 per
1664 2061 1750 2095 lau-

315 2112 513 2146 siacum.et
534 2113 763 2158 horologium
786 2119 824 2147 et
847 2112 1192 2156 chrysotriclinium,
1223 2115 1364 2156 portam
1396 2108 1609 2143 orientalem
1641 2106 1748 2150 chry-

316 2159 510 2192 sotriclinii
542 2165 580 2193 et
614 2161 787 2194 solarium
817 2160 946 2201 Phari,
982 2157 1321 2202 descendebantque
1349 2167 1415 2200 per
1436 2154 1609 2188 solarium
1632 2164 1748 2187 novae

315 2205 490 2240 ecclesiae
524 2211 561 2240 et
591 2208 710 2251 magni
748 2206 900 2240 triclinii
934 2207 974 2238 in
1012 2204 1314 2237 tzucanjsterium.
1369 2201 1426 2235 Ibi
1457 2199 1748 2236 conscendebant

313 2263 438 2285 rursus
462 2253 502 2286 in
527 2264 639 2298 equos
659 2265 761 2294 suos,
785 2257 822 2286 et
841 2253 892 2284 sic
916 2250 1163 2285 avehebantur
1181 2250 1220 2282 in
1247 2249 1472 2283 mansionem
1491 2259 1610 2286 suam,
1635 2246 1675 2279 id
1693 2251 1748 2280 est

313 2300 355 2332 in
376 2298 619 2342 chryseonem.
668 2298 884 2334 Tenendum
908 2298 1047 2339 adhuc,
1081 2296 1299 2330 interrasilia
1325 2295 1490 2328 missoria
1514 2299 1551 2328 et
1576 2293 1746 2331 scutellas

313 2356 487 2392 suspensa
514 2351 591 2379 tum
621 2346 732 2380 fuisse
759 2347 797 2378 in
817 2357 945 2389 magno
970 2349 1126 2378 cosmeta
1148 2342 1445 2386 chrysotriclinii:
1469 2351 1601 2386 parvae
1623 2343 1744 2373 autem

312 2392 538 2438 anaglyphae
554 2393 726 2427 scutellae
748 2391 1004 2437 dependebant
1024 2403 1044 2426 e
1060 2390 1266 2424 fenestratis
1285 2387 1486 2422 fornicibus
1501 2387 1614 2422 trulli.
1661 2385 1744 2419 Non

311 2440 438 2484 paucis
471 2439 602 2473 diebus
633 2445 717 2484 post
750 2438 925 2484 rogabant
956 2438 1062 2471 amici
1094 2437 1261 2470 Saraceni
1286 2435 1406 2468 denuo
1430 2435 1572 2467 veniam
1593 2431 1745 2469 videndi

311 2487 571 2531 Imperatorem
587 2486 695 2539 eique
716 2485 960 2531 colloquendi.
992 2482 1298 2530 Quandoquidem
1315 2492 1399 2514 vero
1415 2478 1742 2523 chrysotriclinium

310 2533 413 2578 pictu
438 2533 612 2578 cultuque
634 2534 721 2574 1110,
758 2544 866 2578 quem
891 2543 997 2577 supra
1022 2529 1292 2575 descripsimus,
1319 2528 1450 2561 fuisset
1473 2531 1642 2566 exutum,
1665 2535 1744 2558 sus-

310 2578 565 2623 pendebantur
588 2581 627 2613 in
652 2580 838 2620 turricula,
862 2590 955 2624 quae
976 2577 1143 2623 quotidie
1163 2581 1200 2610 et
1214 2586 1399 2619 nunquam
1418 2585 1492 2607 non
1509 2571 1563 2604 ibi
1586 2575 1675 2610 stat,
1697 2582 1742 2608 ex.

312 2626 391 2658 cius
411 2625 540 2659 mediis
563 2626 734 2660 tabulatis
755 2625 995 2659 orientalibus
1018 2629 1089 2657 tres
1113 2622 1274 2662 infulae,
1309 2621 1348 2653 in
1370 2619 1490 2653 medio
1510 2623 1657 2651 stemma
1679 2617 1739 2650 SS.

311 2673 569 2715 Apostolorum
593 2673 727 2715 viride3
751 2672 797 2705 ad
820 2673 897 2706 eius
926 2672 1087 2705 dextram
1115 2674 1284 2704 venetum
1303 2666 1546 2718 sanctissimae
1562 2663 1741 2714 Deiparae

311 2717 443 2763 Phari3
477 2724 514 2754 et
547 2720 593 2755 ad
625 2720 806 2756 sinistram
843 2723 1010 2755 venetum
1042 2721 1190 2751 stemma
1229 2715 1342 2748 sancti
1368 2717 1405 2749 et
1429 2713 1741 2757 magmxmartyns
