1878 3112
388 120 460 161 DE
498 115 756 161 cmmon.
793 79 973 157 AULAE
1008 115 1230 158 BYzAN'r.
1271 117 1324 158 11.
1463 97 1566 154 511

254 221 326 275 τῆς
352 219 541 276 εἰρήνης,
583 220 688 274 μηνί
719 217 854 276 Μαΐῳ
891 215 977 269 λα’,
1015 216 1151 276 ἡμέρᾳ
1177 216 1229 271 α’,
1265 216 1491 260 ῗνδικτίωνι
1522 217 1575 262 δ’.

253 288 300 328 ἐν
326 278 359 344 ᾧ
395 283 470 326 καὶ
502 283 601 339 περὶ
622 285 695 339 τῆς
721 284 803 325 τῶν
840 282 1039 326 Ἱσπαιτῖἰν
1083 285 1210 338 δοχῆς
1254 285 1329 326 καί
1360 285 1465 340 περι*
1497 286 1577 326 τοῦ

251 350 458 405 γεγονότος
482 348 574 392 τότε
599 349 897 405 ἱπποδρομίου.
947 347 1147 398 ὡσαύτως
1172 351 1247 391 καί
1270 348 1369 404 περὶ
1391 351 1466 405 τῆς
1484 346 1576 406 ἔορ-

250 418 324 470 τῆς
349 418 424 470 τῆς
449 417 524 456 τοῦ
561 417 726 470 Κυρίου
763 414 1126 470 μεταμορφώσεως
1162 416 1236 456 καί
1279 417 1355 470 τῆς
1393 417 1470 457 τοῦ
1495 419 1579 458 Δε-

253 481 398 535 λεμίκη
437 483 582 535 δοχῆς.
637 479 698 522 ἔτι
732 482 809 535 τῆς
844 477 1043 534 ἡγεμόνος
1095 481 1170 522 καί
1205 482 1280 534 τῆς
1318 480 1578 536 ξάρχοντίσης

239 540 387 600 Ἔλγας
412 548 497 588 τῶν
524 547 640 595 Ῥῶς.
695 545 846 594 ὄποίως
882 547 1014 587 ταῦτα
1045 544 1181 587 πάντα
1208 547 1495 600 ἐτελέσθησαν.

157 611 221 660 ις’.
239 607 345 654 “Oua
381 613 450 653 δεῖ
480 609 835 668 παραφυλάττειν,
877 612 1194 666 προερχομὲνων
1229 613 1315 653 τῶν
1357 609 1578 667 ἀρχόντων

250 680 335 720 τῶν
363 675 400 719 δ’
431 676 649 732 ταγμάτων
677 678 736 728 εἷς
761 675 837 719 τὸν
868 675 1137 732 ἱππόδρομον.

163 744 227 794 ιζ’.
251 743 541 798 Ἀναγόρευσις
561 740 781 796 Ῥωμανοῦ
806 742 882 784 τοῦ
911 739 1317 798 Πορφυρογεννήτου
1342 741 1578 784 υἶοῧΚων-

248 811 461 851 σταντίνου
487 810 703 862 βασιλέως.

159 875 228 931 ιη’.
242 871 350 917 “Oua
378 876 448 915 δεῖ
469 871 818 930 παραφυλάττειν,
847 873 1110 928 βρουμαλίου
1135 873 1464 925 ἐπιτελουμένου,
1494 870 1578 914 εἴτε

247 941 323 981 τοῦ
347 938 530 994 μεγάλου
557 941 786 993 βασιλέως,
822 937 905 981 εἴτε
938 940 1016 980 τοῦ
1057 941 1234 995 μικροῦ,
1272 936 1352 980 εἴτε
1387 939 1459 994 τῆς
1495 938 1575 979 av'-

248 1005 433 1059 γοῦστης.

142 1068 214 1116 13'.
231 1065 338 1112 ‘'Ooa
365 1071 438 1112 δεῖ
453 1072 661 1124 γενέσθαι,
684 1069 901 1125 θριάμβου
938 1071 1148 1112 ἐπινικίων
1172 1069 1421 1123 τελουμένου
1446 1070 1491 1111 ἕν
1517 1067 1577 1125 τῷ

250 1132 368 1194 φόρῳ
394 1134 500 1189 μετά
527 1139 642 1190 λιτῆς
658 1168 670 1192 ,
707 1138 928 1189 μέλλοντος
954 1136 1032 1178 τοῦ
1059 1135 1266 1190 βασιλέως
1291 1136 1479 1190 πατῆσαι
1503 1135 1579 1177 ’A-

246 1202 437 1255 γαρηναῖν
463 1199 725 1255 μεγιστάνον.

166 1267 215 1308 κ’.
230 1262 339 1308 ‘'Oaa
371 1268 438 1308 δεῖ
460 1267 816 1323 παραφυλάττειν,
843 1263 1062 1324 θριάμβου
1086 1268 1334 1321 τελουμένου
1363 1267 1576 1310 ἐπινικίων

246 1332 292 1373 ἐν
316 1331 373 1387 τῷ
402 1329 674 1390 ἱπποδρομίῳ.

138 1397 216 1439 ια’.
233 1393 338 1439 Ὅσα
368 1398 439 1438 δεῖ
456 1396 819 1454 παραφυλάττειν,
860 1390 962 1441 ὅταν
985 1400 1123 1457 τεχθῇ
1162 1393 1295 1454 ὅρῥεν
1322 1400 1489 1442 παιδίον
1515 1396 1576 1458 τῷ

246 1465 424 1515 βασιλεῖ.
1354 1470 1358 1474 ’

147 1524 224 1581 νβ’.
239 1524 346 1569 “Oua
375 1529 444 1569 δεῖ
479 1527 815 1583 παραφυλάττειν
841 1527 914 1570 ἐπὶ
946 1531 1166 1586 βαπτισμῷ
1208 1524 1386 1585 ἄρ’ᾆενος
1421 1528 1574 1580 παιδὸς

242 1593 456 1644 βασιλέως.

140 1653 213 1712 κγ’.
227 1653 335 1699 ‘'Ooa
379 1657 450 1698 δεῖ
460 1655 801 1714 παραφυλάττειν
820 1658 892 1701 ἐπὶ
915 1656 1174 1715 κουρεύματι
1191 1658 1342 1709 παιδὸς
1357 1659 1577 1714 βασιλέως.

229 1768 388 1804 tuendae
410 1769 509 1814 pacis
533 1770 647 1814 gratia
690 1771 731 1804 in
763 1770 894 1804 Urbem
918 1770 1156 1812 advenerant,
1192 1771 1252 1805 die
1274 1770 1363 1804 Maii
1388 1772 1571 1817 trigesimo

228 1817 366 1862 primo,
389 1815 478 1849 feria
503 1817 619 1861 prima
649 1828 711 1850 seu
747 1817 806 1850 die
826 1818 956 1857 lunae,
980 1818 1182 1851 indictione
1199 1823 1326 1863 quarta
1342 1823 1572 1863 exceperunt.

227 1862 365 1896 Eodem
388 1864 507 1908 capite
536 1873 679 1908 quoque
703 1865 819 1908 agitur
838 1863 883 1896 de
902 1863 1120 1898 admissione
1137 1864 1376 1908 Hispanorum
1412 1870 1448 1898 et
1472 1865 1574 1898 edito

228 1914 307 1942 tum
329 1907 415 1942 ludo
441 1909 600 1954 equestri
627 1910 765 1952 curuli3
792 1911 879 1943 item
903 1909 948 1944 de
966 1911 1057 1944 festo
1071 1911 1393 1955 transfigurationis
1407 1911 1574 1954 Domini3

227 1967 296 1989 nec
320 1967 395 1989 non
418 1954 464 1988 de
488 1954 706 1989 admissione
730 1956 928 1999 Delemici3
968 1957 1115 1990 tandem
1146 1961 1183 1990 et
1206 1957 1251 1990 de
1276 1958 1483 2002 receptione
1510 1958 1574 1990 El-

228 2001 316 2047 gae;
349 2012 442 2047 quae
466 2002 537 2035 fuit
557 2001 734 2047 hegemon
776 2014 838 2036 seu
867 2002 1005 2036 ducissa
1049 2009 1087 2037 et
1120 2003 1336 2048 principissa
1367 2004 1572 2038 Russorum.

228 2048 331 2094 Quae
354 2059 475 2082 omnes
499 2047 545 2080 ad
568 2050 789 2095 colloquium
815 2050 1041 2094 Imperatoris
1063 2049 1321 2091 admissiones,
1357 2051 1570 2096 exponitur,

227 2094 359 2140 quibus
395 2106 474 2128 cum
500 2096 705 2128 cerimoniis
735 2097 961 2141 contigerint.

141 2143 192 2176 16.
229 2140 482 2183 observanda,
521 2142 664 2188 quaudo
698 2143 924 2188 magistratus
960 2147 1115 2189 quatuor
1148 2147 1344 2188 tagmatum
1373 2143 1413 2177 in
1438 2143 1571 2177 circum

225 2188 387 2221 veniunt.
1416 2198 1418 2201 ’

142 2243 193 2276 ¹7·
226 2233 281 2266 De
304 2233 574 2279 inauguratione
598 2235 750 2269 Romani
785 2234 1109 2281 Porphyrogeniti,
1132 2235 1200 2270 filii
1237 2235 1469 2271 Constantini
1498 2238 1569 2269 Im-

254 2281 413 2314 cratoris.

141 2324 192 2357 18.
227 2289 458 2359 'observanda
481 2326 520 2360 in
545 2327 789 2361 celebratione
812 2327 1030 2361 brumalium
1053 2333 1126 2362 tam
1150 2339 1273 2363 eorum
1287 2353 1298 2370 ,
1333 2340 1426 2375 quae
1453 2329 1571 2372 Impe-

228 2375 325 2403 rator
344 2373 482 2414 senior,
506 2385 611 2418 quam
637 2386 729 2420 quae
754 2375 887 2414 iunior,
902 2380 939 2408 et
955 2375 1113 2415 tandem,
1137 2387 1230 2421 quae
1249 2375 1418 2420 Augusta,
1443 2375 1567 2408 edunt.

140 2427 195 2460 ¹9·
231 2415 479 2459 Observanda‚
503 2419 645 2465 quando
669 2420 872 2466 triumphus
896 2421 941 2454 ‹le
963 2419 1131 2455 hostibus
1150 2421 1301 2455 devictis
1324 2423 1363 2454 in
1386 2422 1463 2454 foro
1487 2432 1567 2454 cnm

228 2462 375 2496 solenne
410 2467 636 2508 processione
670 2467 874 2502 celebratur
909 2472 946 2501 et
987 2468 1187 2514 Imperator
1217 2468 1370 2503 cervices
1394 2467 1569 2512 magnatis

226 2508 463 2552 Agarenorum
489 2513 612 2545 calcat.

137 2565 192 2588 πο.
229 2553 458 2589 observanda
482 2557 521 2590 in
542 2558 782 2594 celebratione
805 2559 979 2604 triumphi
1004 2561 1043 2594 in
1065 2561 1171 2594 circo.

136 2611 191 2634 21.
229 2599 478 2643 observanda,
505 2604 648 2649 quando
666 2606 876 2650 Imperatori
900 2606 993 2639 filius
1017 2607 1183 2640 nascitur.

136 2657 191 2680 αα.
227 2646 457 2681 observanda
485 2650 524 2682 in
546 2649 723 2694 baptismo
748 2653 816 2685 filii
840 2653 1081 2696 Imperatoris.

137 2693 191 2726 23.
228 2692 455 2729 observanda
478 2695 517 2729 in
540 2697 706 2732 tonsione
729 2698 942 2745 capillorum
966 2699 1033 2732 fflii
1055 2699 1294 2744 Imperatoris.
