1878 3112
309 112 427 186 474
584 131 848 174 APPENDIX
886 131 960 170 An
1007 132 1212 172 Lunum
1260 133 1476 176 ramum

306 247 353 273 τε
379 233 453 273 καί
480 231 647 287 ἆράφια
692 232 738 274 ἒν
764 233 1018 286 βουλγιὸῖοις
1046 228 1074 288 ἢ
1102 235 1175 275 καί
1205 235 1464 287 δισακκιόις·
1519 236 1756 291 πυρέκβολα

306 296 413 349 μετὰ
443 298 587 350 ἴσκας,
636 296 827 353 φανάρια
856 300 997 352 χαλκᾶ
1036 299 1264 342 κοσκινωτά
1291 297 1342 354 β’,
1376 302 1578 356 κανδῆλαι
1600 305 1768 355 χαλκαῖ·

270 364 374 411 Da}
400 361 451 404 τά
481 360 679 415 βασιλικά
707 364 980 416 πεντζιμὲντα
1011 363 1110 405 δύο·
1166 366 1326 407 πέταλα
1355 367 1494 420 χαλκᾶ
1527 362 1755 408 κοσκινωτιὶ

308 427 380 469 διὰ
407 426 452 469 τὸ
485 425 839 480 ἐπισκεπάζεσθαι
869 426 967 478 τούς
994 428 1192 483 λάκκους,
1233 429 1338 474 ἔνθα
1381 430 1426 473 αἱ
1469 433 1674 486 κανδῆλαι
1702 427 1755 472 οἷ’-

306 509 508 535 πτουσιν.
565 489 728 549 ὀφείλει
762 495 808 536 δὲ
838 496 1053 549 γίγνεσθαι
1081 496 1230 545 λάκκος
1269 495 1378 551 ἔχων
1407 495 1646 550 σπιθαμὰς»
1677 496 1785 542 δ’ύο5

305 558 380 601 καί
407 560 692 611 σκεπάζεσθαι
712 559 823 614 ’μετά
855 559 1045 603 πετάλων
1077 564 1250 616 χαλκῶν
1288 564 1548 605 κοσκινωτῶν
1578 561 1650 604 διὰ
1681 561 1772 604 τόνι

306 620 459 679 ἄνεμον
481 627 554 667 καί
579 624 654 668 τὸν
680 625 850 680 καπνὸν,
877 629 950 668 καί
974 629 1042 669 ἵνα
1066 629 1427 684 συμπαρακεινται
1452 631 1525 671 καί
1541 634 1634 678 ταῖς
1655 643 1757 669 κάν-

306 691 453 747 ὃὴλαις
484 694 643 748 φατλιἀ
675 693 752 734 δύο
783 692 857 734 καί
887 691 1091 749 κηρούλια
1125 693 1199 736 δύο
1228 693 1301 736 καί
1338 693 1545 751 φανάριον
1570 693 1756 749 χαλκοῦν

305 756 378 800 ,διὰ
415 757 495 807 τὰς
524 757 848 809 ἀνακυπτούσας
875 759 1026 815 χρείας
1062 761 1116 816 τῇ
1159 759 1295 803 νυκτί.
1351 761 1554 816 κηρούλια
1594 758 1757 814 διόγκια

303 822 351 876 τ’,
384 825 543 880 φατλία
573 825 715 880 λίτζται
745 822 792 878 τ’,
832 824 975 880 ἐπειδὴ
1008 825 1030 867 ὅ
1061 825 1334 882 δρουγγάριος
1363 829 1462 868 καθ)
1490 823 1812 880 ἑσπέρανεῖςιο

309 889 358 932 τὸ
389 891 582 947 κέρκετον
607 890 811 945 λαμβάνει
836 893 893 944 ἓν,
922 891 998 934 καὶ
1023 888 1096 948 αφ’
1127 887 1180 934 οὗ
1209 889 1349 950 {vm-925
1370 899 1459 941 τοῖς
1486 892 1657 945 θέμασι,
1686 889 1761 932 καὶ
1794 898 1800 918 1

109 955 387 1010 Ed.L,274d'150
423 955 499 998 καὶ
523 958 652 1012 τρία,
705 954 780 999 ἐάν
805 952 835 1014 ᾗ
861 959 936 1012 βία
960 959 1039 999 τοῦ
1068 955 1252 1010 ἀνέμου·
1304 957 1461 1013 χαρτία
1496 954 1680 1012 τομάρια
1707 956 1758 997 τ’.

305 1022 457 1076 ἰστέον,
487 1019 566 1075 ὅτι,
597 1019 665 1065 ὅτε
696 1023 859 1065 κελεύει
889 1023 913 1065 ὅ
941 1022 1142 1078 βασιλεὺς
1171 1023 1354 1079 περάσαι
1385 1025 1445 1072 εἰς
1465 1020 1634 1076 Πύλας,
1664 1021 1759 1078 ὅρι’-ό

306 1088 369 1138 ζει
397 1086 473 1128 τὸν
501 1086 664 1142 κόμητα
692 1090 769 1129 τοῦ
792 1087 990 1143 στάβλου,
1021 1088 1096 1130 καί
1120 1086 1392 1143 καταβιβάζει
1418 1087 1497 1144 τήν
1524 1087 1759 1143 προμοσέλ-·

304 1157 383 1194 λαν
410 1154 469 1202 εἰς
493 1150 668 1202 Πύλας.
724 1152 878 1206 ὁμοίως
905 1155 979 1196 καί
1011 1153 1087 1197 τὸν
1114 1155 1360 1207 δομέστικον
1385 1155 1468 1196 τῶν
1506 1153 1814 1206 ὄπτιμάτωνμό

305 1220 376 1260 ἵνα
406 1216 594 1268 κάκεῖνος
621 1219 780 1277 εὑρεθῇ
799 1218 907 1273 μετά
934 1218 1098 1262 πάντων
1119 1222 1204 1262 τῶν
1231 1217 1470 1273 ὄπτιμάτων
1508 1220 1569 1268 εἷς
1589 1216 1757 1270 Πύλας,
1796 1228 1801 1231 ’

304 1283 381 1325 καὶ
406 1286 583 1341 παρέχει
608 1283 715 1327 κατά
766 1285 998 1340 σαγμάριον
1038 1281 1293 1339 ὃπτιμάτον.
1347 1283 1422 1326 καί
1464 1286 1534 1327 ἵνα
1575 1298 1762 1339 nonano—

308 1351 460 1408 στέλλῃ
488 1347 564 1392 δύο
591 1349 856 1405 βασιλικοὺς,
893 1352 966 1393 τὸν
1005 1354 1084 1405 μὲν
1126 1353 1200 1394 ἕνα
1240 1353 1300 1400 εἷς
1327 1350 1484 1400 Πύλας
1509 1352 1587 1392 τοῦ
1614 1351 1761 1391 dtam-
1790 1395 1794 1398 ,

307 1415 439 1471 ράσαι
464 1415 547 1457 τὸν
564 1415 690 1470 λαὸν,
721 1416 925 1467 ὡσαύτως
953 1419 1026 1459 καί
1051 1418 1112 1466 εἰς
1137 1417 1208 1460 τὸν
1235 1414 1464 1471 Λευκάτην
1489 1416 1566 1458 τοῦ
1592 1413 1763 1466 ἐξελαύ-

306 1498 392 1524 νειν
417 1479 469 1524 τά
497 1480 683 1537 καράβια
709 1482 815 1538 πρὸς
841 1480 911 1524 τὸν
938 1480 1184 1537 Λευκάτην,
1223 1480 1297 1523 τὸν
1324 1484 1372 1522 δὲ
1396 1484 1534 1536 ἕτερον
1561 1482 1622 1529 εἰς
1649 1477 1814 1534 §dy-20

135 1561 439 1605 Ms.1o.bya90v
466 1549 539 1589 καί
563 1549 623 1596 εἰς
649 1545 724 1589 τὸν
753 1544 871 1602 ἅγιον
895 1549 1091 1602 Σαβῖνον.
1131 1548 1454 1604 προαποστέλλει
1482 1546 1529 1587 δὲ
1555 1543 1655 1596 τοῦς
1681 1547 1764 1599 βα·

309 1686 348 1717 iu
373 1683 493 1728 bulgis
521 1689 586 1717 aut
610 1689 648 1717 et
670 1683 840 1717 bisanciis
878 1682 1023 1716 deferri.
1083 1681 1205 1716 Debet
1228 1692 1337 1727 porro
1371 1680 1488 1718 idicus
1521 1691 1643 1714 secum
1666 1679 1762 1714 serre

310 1730 537 1775 ignitabula3
573 1731 731 1765 laternas
768 1740 899 1763 aeneas
938 1730 1116 1763 eribrosas
1151 1729 1265 1770 duas,
1305 1727 1524 1762 candelabra
1550 1738 1662 1760 aenea
1695 1738 1762 1772 pro

311 1777 583 1822 impedimentis
611 1778 719 1823 regiis
746 1777 840 1821 duo3
872 1777 1036 1810 bracteas
1061 1787 1192 1809 aeneas
1218 1775 1416 1816 cribrosas,
1443 1785 1537 1822 quae
1557 1774 1632 1808 sint
1656 1784 1763 1819 oper-

313 1826 395 1857 cula
411 1826 577 1865 lacuum,
601 1825 640 1858 in
663 1823 797 1870 quibus
817 1824 990 1857 candelae
1015 1824 1156 1858 ardent.
1205 1822 1327 1858 Debet
1356 1827 1478 1856 autem
1507 1820 1764 1866 unusquisque

313 1873 413 1904 lacus
445 1870 580 1905 habere
618 1871 816 1916 spithamas
851 1872 891 1905 in
932 1870 1221 1916 profunditatem
1266 1869 1376 1911 duas,
1407 1874 1444 1902 et
1477 1868 1611 1914 operiri
1638 1867 1764 1900 aeneis

313 1918 469 1952 bracteis
496 1918 666 1951 cribrosis
701 1919 748 1951 ob
773 1923 922 1951 ventum
951 1924 990 1951 et
1015 1918 1174 1959 fumum3
1207 1916 1293 1966 [quo
1321 1916 1430 1949 simul
1455 1914 1553 1948 hunc
1570 1914 1762 1954 emittant,

313 1966 419 2003 illum
441 1965 637 2001 violentius
655 1966 855 1998 irruentem
875 1965 1044 2012 arceantl.
1077 1965 1224 1997 Debent
1249 1973 1397 2009 quoque
1420 1972 1534 2007 prope
1547 1960 1763 1994 candelabra

315 2014 434 2044 iacere
459 2012 564 2045 fatlia
587 2012 658 2046 duo
692 2015 782 2056 [seu
813 2013 909 2045 cerei
934 2012 1049 2056 recti]
1089 2016 1126 2044 et
1166 2010 1301 2043 cerulia
1327 2011 1409 2053 [seu
1438 2008 1532 2042 cerei
1556 2007 1764 2051 conglome-

315 2059 404 2102 rati]
431 2058 502 2091 duo
529 2064 566 2091 et
588 2059 727 2092 laterna
745 2070 877 2099 aenea,
915 2058 963 2091 ob
993 2057 1195 2090 incidentes
1224 2067 1356 2100 nempe
1385 2060 1578 2088 nocturnas
1603 2053 1764 2086 necessi-

314 2110 420 2137 tates.
469 2105 590 2138 Debet
612 2117 719 2150 porro
746 2105 880 2138 hahere
909 2109 1110 2138 tercentum
1127 2103 1263 2137 cerulia
1280 2127 1288 2142 ‚
1312 2100 1473 2147 pondere
1495 2100 1637 2145 singula
1656 2100 1765 2133 bina-

317 2163 398 2184 rum
425 2152 632 2193 unciarum
658 2152 845 2186 fatliorum
870 2150 981 2184 libras
995 2155 1218 2191 tercentum5
1243 2160 1327 2181 nam
1354 2147 1569 2192 drungarius
1590 2157 1766 2192 vesperae

317 2199 364 2233 ad
383 2199 648 2232 circitationem
675 2198 882 2231 obeundam
901 2198 1034 2243 accipit
1056 2208 1169 2230 unum
1190 2206 1351 2235 cereum3
1377 2200 1432 2236 et,
1459 2201 1654 2240 postquam
1675 2194 1767 2238 [Im-

318 2247 484 2291 perator]
511 2244 557 2277 ad
577 2245 737 2289 legiones
762 2256 826 2278 seu
851 2246 890 2277 in
909 2251 1023 2277 castra
1044 2243 1208 2283 venerit,
1240 2241 1424 2275 interdum
1444 2251 1592 2287 quoque
1615 2241 1702 2273 bina
1727 2245 1767 2273 et

319 2298 444 2333 terna,
469 2292 499 2324 si
524 2297 653 2325 ventus
676 2292 908 2326 vehementer
925 2291 1048 2336 spiret.
1098 2289 1262 2323 Tandem
1299 2299 1447 2334 quoque
1472 2288 1543 2321 fert
1567 2287 1684 2320 idicus
1708 2297 1766 2320 se-

321 2351 402 2372 cum
429 2338 614 2373 volumina
650 2338 795 2372 chartae
820 2341 903 2383 [seu
929 2343 1068 2382 tergora
1086 2337 1320 2381 Pergamena]
1346 2340 1558 2368 tercentum.
1607 2333 1766 2378 Quando

322 2388 525 2431 Imperator
547 2386 626 2418 vult
649 2387 848 2430 Bosporum
874 2386 1039 2419 traiicere
1073 2390 1110 2417 et
1141 2383 1188 2416 ad
1221 2383 1322 2426 Pylas
1366 2382 1505 2432 [locum
1531 2381 1584 2415 sic
1609 2380 1765 2424 dictum]

320 2443 485 2474 movere,
511 2432 661 2465 mandat
685 2433 810 2466 comiti
831 2431 987 2474 stabuli,
1013 2437 1054 2465 ut
1078 2430 1333 2476 promosellam
1362 2440 1425 2462 seu
1451 2428 1635 2461 senarium
1661 2426 1772 2472 equi-

321 2485 438 2517 tatum
457 2480 669 2524 Imperatori
691 2480 911 2524 peculiarem
926 2480 965 2512 in
985 2480 1086 2522 Pylas
1113 2477 1289 2518 deducat3
1316 2476 1416 2522 quod
1439 2475 1469 2508 is
1487 2474 1584 2507 facit.
1630 2473 1770 2507 Pariter

323 2538 471 2574 quoque
490 2526 707 2560 domesticus
734 2527 951 2571 optimatum
969 2526 1196 2566 admonetur,
1218 2529 1259 2556 ut
1278 2523 1470 2557 conveniat
1487 2521 1534 2554 ad
1554 2521 1661 2565 Pylas
1685 2531 1768 2557 cum

324 2573 494 2607 omnibns
512 2573 749 2618 optimatibus
778 2579 815 2606 et
841 2578 1002 2618 praestet
1028 2582 1218 2605 numerum
1242 2571 1446 2604 mulionum
1460 2579 1504 2602 ex
1529 2565 1771 2612 optimatibus

324 2621 509 2664 sagmariis
525 2631 658 2664 parem.
686 2621 897 2654 praemittat
908 2632 1052 2666 quoque
1066 2620 1266 2663 Imperator
1277 2617 1349 2651 duo
1363 2615 1546 2655 basilicos,
1558 2625 1668 2653 unum
1683 2611 1768 2658 qui-

327 2668 408 2699 dem
426 2667 464 2699 in
483 2667 594 2711 Pylas,
608 2673 649 2700 ut
660 2667 836 2712 populum
857 2678 920 2700 seu
935 2667 1131 2703 exercitum
1146 2664 1322 2705 traducat,
1343 2664 1403 2703 cni
1426 2661 1545 2696 eidem
1559 2671 1632 2706 quo
1662 2669 1707 2692 ue
1719 2657 1782 2702 ad-

327 2714 540 2754 Leucatium
557 2714 716 2752 eundum
735 2720 800 2756 est,
820 2725 892 2767 quo
915 2713 1057 2759 navigia
1076 2712 1123 2747 ad
1147 2711 1362 2747 Leucatium
1395 2708 1590 2750 conducat3
1651 2710 1770 2743 terum
1805 2739 1810 2742 .
