1878 3112
253 167 278 221 7
297 166 359 200 10
528 161 882 205 CONSTANTINI
921 160 1400 205 PORPHYROGENITI

245 265 378 323 παπίᾳ
419 266 493 307 καί
529 266 589 322 τῷ
626 265 806 321 δευτέρῳ
834 296 862 316 „
890 262 936 311 ς’.
994 262 1034 304 εἰ
1060 263 1107 305 δὲ
1140 264 1200 312 εἷς
1234 261 1307 306 τὸν
1334 265 1682 320 -χρυσοτρίκλινον

244 333 492 387 παραδοθῇ,
531 331 590 386 τῷ
614 328 749 386 παπίᾳ
775 329 923 371 δίδωσι
949 358 977 383 ,,
1001 325 1091 370 κδ’..
1133 329 1269 372 ἰστέον
1295 330 1369 382 δὲ,
1395 325 1457 372 ὅτι
1483 328 1576 383 καί,
1607 328 1682 384 δή-

244 413 409 452 μαρχος
438 398 477 437 εἰ
490 396 648 452 τιμηθῇ
676 395 720 444 ἐξ
740 391 880 437 αὖτῶν
907 411 984 447 τις,
1013 395 1122 435 δι’δέι
1147 399 1235 443 τοῖς
1261 396 1549 450 πραιποσίτοις
1566 394 1683 449 „off-

244 461 396 515 ὁμοίως
421 462 494 503 καί
506 459 542 502 ’ὃ
557 462 632 514 τῆς
658 457 951 509 καταστάσεως
973 464 1059 510 τοῖς
1087 459 1229 509 αὐτοῖς
1256 462 1544 515 πραιποσίτοις
1557 493 1584 513 ,,
1603 459 1681 515 οβ’.

244 526 457 581 δωδεκάτη
485 524 512 582 ἦ
541 528 623 568 τῶν
651 527 933 582 περιβλέπτων
972 524 1202 581 πατρικίων
1240 521 1338 575 ἀξία
1356 557 1369 579 ,
1397 520 1447 582 ἧς
1471 529 1708 582 βραβεῖον,5

242 590 396 641 πλάκες
432 589 701 648 ὲλεφάντιναι
736 592 1040 646 κεκοσμημέναι
1066 589 1145 633 σῦν
1171 592 1433 641 κωδικέλλοις
1458 593 1685 648 ἐγγεγραμ-

241 662 384 711 μένοις
415 659 475 706 εἰς
502 657 634 699 τύπον
659 658 738 698 τοῦ
765 657 909 710 νόμου,
940 658 987 698 ἐκ
1013 658 1232 711 βασιλικῆς
1255 655 1400 714 χειρὸς
1414 657 1685 703 έπιδίδονται.

245 725 421 780 παρέχει
449 725 495 766 δὲ
522 729 609 774 τοῖς
634 725 910 777 κοιτωνίταις,
951 724 991 765 εἰ
1017 717 1103 779 ἄρα
1141 721 1214 765 καί
1237 725 1423 781 μηνυθῇ,
1461 723 1606 779 λίτρας
1626 722 1687 778 β’.

206 792 309 839 Βείς
348 791 395 831 δὲ
421 789 467 832 τὸ
498 786 752 844 ιῖποκόμβιον
770 796 856 839 τοῖς
882 788 1174 846 πραιποσίτοις
1197 789 1278 832 συν
1307 791 1381 832 τοῦ
1396 788 1685 844 κουβουκλείου

247 855 321 898 καὶ
358 861 444 906 τοῖς
481 860 636 906 λοιποῖς
672 857 838 912 χρυσοῦ
881 857 1026 910 λίτρας
1051 854 1102 911 η’.
1154 857 1290 898 ταῦτα
1329 857 1376 899 δὲ
1417 853 1741 912 ὂφφικιάλιοςιο

243 922 325 964 καί
368 920 600 979 στρατηγὸς
643 923 826 964 δίδωσιν.
883 920 906 963 ὅ
934 923 982 964 δὲ
1008 916 1192 979 ἆπρατος
1228 923 1333 963 δι’δει
1358 919 1504 977 λίτρας
1530 920 1576 974 ζ’,
1617 918 1689 962 καὶ

244 990 302 1045 τῷ
329 990 402 1044 τῆς
427 988 725 1037 καταστάσεως
752 982 852 1030 ἄνευ
877 989 956 1030 τοῦ
983 986 1156 1042 ὄψικίου
1183 1021 1211 1041 ,,
1240 987 1308 1042 ιβ’,
1335 985 1383 1030 τὸ
1409 987 1576 1041 ὅψίκιον
1589 1019 1617 1040 ,,
1632 984 1687 1039 π’,

243 1056 300 1110 τῷ
330 1055 509 1112 δευτέρῳ
536 1054 641 1111 ὑπὲρ
671 1056 756 1097 τῶν
795 1056 966 1097 πλακῶν
994 1087 1022 1108 ,,
1050 1054 1127 1107 κδ’,
1169 1052 1244 1096 καί
1266 1054 1327 1103 εἰς
1351 1051 1404 1096 τὰ
1432 1052 1585 1108 ταβλία
1611 1052 1690 1094 τοῦ

49 1121 464 1173 Με.α36.ῑ)χλανιδίου
493 1153 521 1174 ,,
549 1119 628 1172 κδ’,
666 1121 726 1177 τῷ
753 1121 967 1178 κανικλείῳ
996 1119 1104 1176 ὑπὲρ
1141 1121 1215 1162 τοῦ
1251 1121 1500 1162 κωδικέλλου
1528 1117 1592 1173 ις’,
1629 1117 1690 1167 εἰς
1871 1166 1874 1167 ⁷

245 1184 324 1240 τὴν
371 1184 492 1239 ἁγίαν
528 1186 728 1241 Σοφίανζ
760 1183 835 1232 λς’.
888 1185 1208 1240 τρισκαιδεκάτη
1246 1183 1271 1240 ἦ
1307 1187 1391 1228 τῶν
1435 1181 1742 1228 ἇνθυποίτωνιό
1874 1168 1878 1210 ³

245 1247 340 1302 ἀξία
356 1283 368 1304 ,
402 1246 452 1307 ἧς
478 1254 690 1307 βραβεῖον,
723 1252 963 1292 κωδίκελλοι
990 1251 1297 1306 ἄλουργοειδεῖς
1323 1252 1614 1307 γεγραμμένοι,
1642 1251 1688 1291 ἐκ

246 1319 466 1372 βασιλικῆς
506 1315 652 1372 χειρὸς
698 1316 971 1361 ἔπιδιῖῖονται.
1029 1318 1178 1359 δίδωσι
1224 1314 1450 1372 συνήθειαν
1500 1313 1572 1358 τὸν
1610 1316 1690 1356 τοῦ

246 1382 478 1425 κανικλείου
505 1416 534 1436 ,,
561 1380 612 1437 η’,
650 1381 724 1425 καί
765 1384 823 1439 τῷ
867 1384 1047 1440 δευτέρῳ
1075 1415 1104 1437 ,,
1133 1380 1182 1434 6⁴,
1232 1384 1307 1424 καί
1341 1387 1429 1431 τοῖς
1466 1383 1689 1438 πραιποσί-

48 1457 231 1504 Ed.1..412
244 1463 332 1497 τοις
357 1481 385 1502 ,,
415 1446 490 1490 κδ’.
530 1447 961 1504 τεσσαρεσκαιδεκάτη
988 1448 1015 1504 ἦ
1042 1450 1124 1490 τῶν
1152 1446 1427 1499 ἐνδοξοτάτων
1451 1449 1689 1503 μαγάιτρων

249 1512 372 1567 ἀξία,
425 1507 475 1568 ἧς
507 1515 726 1568 βραβεῖον,
771 1512 903 1568 χιτών
943 1511 1090 1561 λευκὸς
1132 1507 1194 1555 ὢν
1228 1510 1575 1570 χρυσοῧφαντος,
1617 1513 1742 1556 naimo

248 1579 408 1631 ἐπωμίς
431 1575 744 1633 χρυσόταβλος,
772 1582 847 1622 καί
874 1577 981 1635 ζώνη
1011 1581 1238 1635 δερματίνη
1265 1577 1450 1628 κόκκινος
1476 1580 1523 1621 ἐκ
1550 1580 1688 1622 λίθων

785 1641 805 1658 (Ι

248 1646 398 1698 τιμίων
434 1645 741 1700 κεκοσμημένη,
779 1661 867 1701 ητις
905 1647 1068 1700 λέγεται
1098 1646 1319 1698 ,βαλτίδιῃ
1373 1643 1446 1687 ἐπὶ
1469 1647 1548 1688 τοῦ
1583 1660 1690 1701 χρυ-

343 1734 397 1757 20.
423 1722 509 1768 ἀξίᾳ
524 1724 581 1758 ed.
676 1737 730 1760 αι.
748 1725 879 1772 ἐπιμῖς
905 1724 984 1762 cod.
1005 1730 1042 1759 et
1058 1723 1113 1759 ed.
1146 1724 1216 1760 -Cf.
1234 1725 1272 1758 R.
1287 1724 1334 1758 ad
1359 1723 1394 1756 h.
1414 1725 1438 1758 l.

249 1806 380 1847 cteque
404 1802 613 1845 inhaereat,
638 1804 868 1852 committit];
894 1805 957 1838 dat
981 1804 1283 1839 consuetudinem
1300 1803 1598 1849 protospathariis
1625 1814 1691 1838 eu-

247 1849 378 1882 nuchis
404 1851 464 1894 245
489 1851 788 1895 protospathariis
812 1851 975 1887 barbatis
1003 1852 1069 1896 24,
1103 1857 1275 1897 catepano
1304 1855 1363 1892 18,
1399 1850 1596 1884 domestico
1618 1852 1690 1884 im-

251 1896 447 1940 perialium
466 1897 508 1936 6,
543 1899 672 1943 papiae
699 1903 737 1932 et
761 1898 913 1932 deutero
937 1900 969 1933 6.
1019 1899 1058 1932 Si
1090 1909 1173 1932 vero
1209 1899 1248 1932 in
1272 1897 1555 1941 chrysotriclinii
1576 1898 1690 1932 mini-

253 1944 404 1976 sterium
439 1941 664 1978 adscribatur
699 1946 853 1990 eiusque
875 1944 1174 1990 protospathariis
1198 1943 1433 1989 adiungatur,
1470 1941 1532 1978 dat
1560 1945 1692 1990 papiae

253 1989 311 2032 24,
360 1989 595 2032 Tenendum,
630 1992 661 2025 si
693 1993 775 2038 quis
811 2003 935 2026 eorum
965 1991 1011 2025 ad
1044 1991 1228 2026 demarchi
1260 1991 1474 2036 dignitatem
1499 1990 1692 2031 evehatur,

254 2034 340 2069 dare
365 2036 581 2081 praepositis
606 2037 741 2073 solidos
767 2051 809 2083 72
824 2063 834 2080 ,
860 2040 995 2083 pariter
1015 2038 1125 2072 etiam
1147 2038 1440 2072 cerimoniarium
1459 2037 1590 2071 iisdem
1609 2042 1691 2070 tan-

252 2082 406 2114 tundem
433 2083 602 2126 pendere.
650 2085 876 2119 Duodecima
900 2085 1055 2129 dignitas
1081 2091 1136 2119 est
1161 2084 1414 2130 spectabilium
1437 2084 1692 2128 patriciorum,

257 2128 358 2160 cuius
380 2129 567 2162 ›brabeum
598 2135 684 2163 sunt
714 2131 863 2165 tabulae
899 2131 1082 2165 eburneae
1106 2143 1187 2165 cum
1210 2132 1308 2164 intus
1333 2129 1488 2164 conditis
1511 2129 1692 2164 codicillis

255 2174 466 2218 perscriptis
491 2176 537 2209 ad
559 2177 705 2209 modum
729 2177 839 2221 legis,
864 2189 952 2223 quas
978 2188 1070 2211 novo
1095 2178 1249 2222 patricio
1277 2177 1473 2221 Imperator
1498 2177 1512 2209 i
1541 2187 1578 2209 se
1603 2187 1693 2220 por-

257 2220 353 2265 rigit.
402 2219 622 2262 Coetonitis,
646 2224 676 2255 si
699 2224 791 2257 sorte
816 2224 862 2256 ab
887 2224 976 2268 ipsis
999 2226 1033 2257 ei
1051 2224 1346 2268 praenuntiatum
1371 2222 1485 2255 fuerit
1532 2222 1578 2256 de
1598 2232 1721 2274 novor?

257 2265 396 2300 honore
421 2267 490 2311 ipsi
518 2267 715 2313 destinato]
740 2270 803 2303 dat
826 2271 928 2304 litras
953 2282 994 2310 2,
1022 2275 1059 2303 et
1080 2270 1296 2315 praepositis
1311 2294 1320 2310 ‚
1354 2268 1522 2303 cubiculo
1546 2274 1584 2303 et
1607 2269 1696 2303 reli-

260 2314 342 2358 quis
375 2323 440 2357 pro
475 2315 688 2358 apocombio
720 2327 782 2349 seu
807 2317 971 2360 sportula
995 2317 1074 2350 auri
1097 2317 1198 2350 litras
1223 2319 1255 2352 8.
1302 2314 1695 2360 Tantundem.pendet

258 2364 336 2392 tam
358 2358 538 2401 officialis,
565 2373 674 2406 quam
698 2367 890 2408 strategus3
923 2374 1045 2398 verum
1070 2363 1243 2408 patricius
1263 2363 1514 2396 tantummodo
1538 2361 1694 2395 honora-

257 2405 335 2440 rius
367 2405 428 2438 dat
469 2407 569 2441 liti-as
599 2419 638 2451 7,
663 2413 699 2441 et
721 2410 971 2444 cerimoniario
1004 2415 1145 2454 praeter
1171 2409 1389 2454 obsequium
1407 2420 1457 2443 ια.
1505 2408 1693 2455 Obsequio

261 2457 381 2486 autem
410 2452 486 2500 [seu
509 2453 637 2487 turbae
663 2456 780 2500 ipsum
805 2455 951 2490 domum
977 2456 1183 2503 deducenti]
1211 2458 1276 2498 803
1309 2466 1416 2501 porro
1450 2455 1511 2488 dat
1542 2455 1692 2489 deuterO

261 2509 328 2544 pro
353 2498 486 2534 tabulis
512 2499 679 2535 eburneis
706 2502 751 2546 24
774 2507 811 2535 et
837 2514 902 2547 pro
926 2503 1068 2538 tunicae
1093 2503 1216 2540 tabliis
1231 2501 1285 2546 24.
1334 2501 1496 2536 Caniclei
1508 2502 1691 2546 praesecto

260 2555 328 2589 pro
352 2546 534 2580 codicillis
560 2548 601 2581 16
627 2553 665 2582 et
687 2548 721 2582 S.
742 2548 898 2594 Sophiae
920 2551 975 2585 36.
1023 2549 1278 2584 Decimatertia
1302 2547 1456 2593 dignitas
1485 2554 1540 2582 est
1562 2546 1693 2591 anthy-

261 2597 429 2636 patorum
464 2593 519 2627 vel
554 2595 827 2638 proconsulum,
866 2598 967 2631 cuius
1014 2596 1189 2630 brabeum
1213 2601 1298 2630 sunt
1329 2595 1490 2630 codicilli
1520 2593 1692 2639 purpurei

264 2639 393 2672 coloris
418 2642 621 2685 perscripti,
645 2642 833 2676 aDomino
861 2643 1003 2687 traditi;
1028 2644 1090 2677 dat
1100 2641 1397 2677 consuetudinem
1421 2641 1565 2675 caniclii
1587 2650 1695 2685 prae·

266 2684 360 2718 fecto
388 2689 409 2721 8
434 2692 470 2719 et
493 2687 642 2721 deutero
667 2690 687 2733 4
712 2695 748 2722 et
772 2691 988 2734 praepositis
1014 2691 1068 2735 24.
1127 2690 1402 2734 Decimaquarta
1442 2687 1596 2733 dignitas
1638 2690 1693 2720 est
1869 2706 1878 2750 ξ

252 2730 604 2774 gloriosissimorum
629 2736 900 2781 magistrorum,
933 2739 1032 2772 cuius
1057 2736 1233 2773 brabeum
1268 2735 1389 2771 tunica
1420 2733 1571 2770 candida
1604 2742 1691 2766 auro
