<?xml version="1.0" encoding="UTF-8"?>
<!DOCTYPE html PUBLIC "-//W3C//DTD XHTML 1.0 Transitional//EN"
    "http://www.w3.org/TR/xhtml1/DTD/xhtml1-transitional.dtd">
<html xmlns="http://www.w3.org/1999/xhtml" xml:lang="en" lang="en">
 <head>
  <title>
</title>
<meta http-equiv="Content-Type" content="text/html;charset=utf-8" />
  <meta name='ocr-system' content='tesseract 3.04.00' />
  <meta name='ocr-capabilities' content='ocr_page ocr_carea ocr_par ocr_line ocrx_word'/>
</head>
<body>
  <div class='ocr_page' id='page_1' title='image "./corpusscriptorum07niebuoft_0035.png"; bbox 0 0 1832 3112; ppageno 0'>
   <div class='ocr_carea' id='block_1_1' title="bbox 0 2346 7 3112">
    <p class='ocr_par' dir='ltr' id='par_1_1' title="bbox 0 2346 7 3112">
     <span class='ocr_line' id='line_1_1' title="bbox 0 2346 7 3112; baseline 0 0"><span class='ocrx_word' id='word_1_1' title='bbox 0 2346 7 3112; x_wconf 95' lang='lat' dir='ltr'><strong> </strong></span> 
     </span>
    </p>
   </div>
   <div class='ocr_carea' id='block_1_2' title="bbox 566 130 1518 174">
    <p class='ocr_par' dir='ltr' id='par_1_2' title="bbox 566 130 1518 174">
     <span class='ocr_line' id='line_1_2' title="bbox 566 130 1518 174; baseline -0.003 -1"><span class='ocrx_word' id='word_1_2' title='bbox 566 130 988 174; x_wconf 83' lang='lat' dir='ltr'><strong>PRAEFATIONES.</strong></span> <span class='ocrx_word' id='word_1_3' title='bbox 1386 132 1518 170; x_wconf 82' lang='lat' dir='ltr'><strong>xxx1</strong></span> 
     </span>
    </p>
   </div>
   <div class='ocr_carea' id='block_1_3' title="bbox 0 230 1523 2672">
    <p class='ocr_par' dir='ltr' id='par_1_3' title="bbox 45 230 1523 1481">
     <span class='ocr_line' id='line_1_3' title="bbox 67 230 1522 289; baseline -0.003 -14"><span class='ocrx_word' id='word_1_4' title='bbox 67 234 283 289; x_wconf 81' lang='lat' dir='ltr'><strong>plerasque</strong></span> <span class='ocrx_word' id='word_1_5' title='bbox 309 231 475 275; x_wconf 79' lang='lat' dir='ltr'><strong>mendas</strong></span> <span class='ocrx_word' id='word_1_6' title='bbox 502 238 543 271; x_wconf 88' lang='lat' dir='ltr'><strong>et</strong></span> <span class='ocrx_word' id='word_1_7' title='bbox 569 233 703 286; x_wconf 87' lang='lat' dir='ltr'><strong>ipsum</strong></span> <span class='ocrx_word' id='word_1_8' title='bbox 731 231 848 271; x_wconf 89' lang='lat' dir='ltr'><strong>illum</strong></span> <span class='ocrx_word' id='word_1_9' title='bbox 875 231 1124 285; x_wconf 79' lang='lat' dir='ltr'><strong>antiquitatis</strong></span> <span class='ocrx_word' id='word_1_10' title='bbox 1151 230 1264 270; x_wconf 81' lang='lat' dir='ltr'><strong>velut</strong></span> <span class='ocrx_word' id='word_1_11' title='bbox 1290 233 1411 271; x_wconf 73' lang='grc' dir='ltr'><em>πῖνον</em></span> <span class='ocrx_word' id='word_1_12' title='bbox 1434 230 1522 270; x_wconf 83' lang='lat' dir='ltr'><strong>red·</strong></span> 
     </span>
     <span class='ocr_line' id='line_1_4' title="bbox 68 297 1522 350; baseline -0.004 -9"><span class='ocrx_word' id='word_1_13' title='bbox 68 301 166 341; x_wconf 86' lang='lat' dir='ltr'><strong>dere</strong></span> <span class='ocrx_word' id='word_1_14' title='bbox 193 315 276 340; x_wconf 87' lang='lat' dir='ltr'><strong>non</strong></span> <span class='ocrx_word' id='word_1_15' title='bbox 310 299 582 340; x_wconf 82' lang='lat' dir='ltr'><strong>dubitaverim</strong></span> <span class='ocrx_word' id='word_1_16' title='bbox 595 328 609 350; x_wconf 95' lang='lat'><strong>,</strong></span> <span class='ocrx_word' id='word_1_17' title='bbox 653 299 748 338; x_wconf 90' lang='lat' dir='ltr'><strong>satis</strong></span> <span class='ocrx_word' id='word_1_18' title='bbox 786 298 938 338; x_wconf 87' lang='lat' dir='ltr'><strong>habens</strong></span> <span class='ocrx_word' id='word_1_19' title='bbox 974 297 1213 336; x_wconf 88' lang='lat' dir='ltr'><strong>emendandi</strong></span> <span class='ocrx_word' id='word_1_20' title='bbox 1252 298 1451 336; x_wconf 86' lang='lat' dir='ltr'><strong>rationem</strong></span> <span class='ocrx_word' id='word_1_21' title='bbox 1477 299 1522 336; x_wconf 91' lang='lat' dir='ltr'><strong>in</strong></span> 
     </span>
     <span class='ocr_line' id='line_1_5' title="bbox 65 363 1523 417; baseline -0.004 -9"><span class='ocrx_word' id='word_1_22' title='bbox 65 367 368 408; x_wconf 74' lang='lat' dir='ltr'><strong>commentariis</strong></span> <span class='ocrx_word' id='word_1_23' title='bbox 392 365 604 406; x_wconf 80' lang='lat' dir='ltr'><strong>indicasse.</strong></span> <span class='ocrx_word' id='word_1_24' title='bbox 662 365 712 405; x_wconf 85' lang='lat' dir='ltr'><strong>ln</strong></span> <span class='ocrx_word' id='word_1_25' title='bbox 750 363 983 404; x_wconf 85' lang='lat' dir='ltr'><strong>adornanda</strong></span> <span class='ocrx_word' id='word_1_26' title='bbox 1009 364 1154 403; x_wconf 90' lang='lat' dir='ltr'><strong>Latina</strong></span> <span class='ocrx_word' id='word_1_27' title='bbox 1191 365 1523 417; x_wconf 83' lang='lat' dir='ltr'><strong>interpretatione</strong></span> 
     </span>
     <span class='ocr_line' id='line_1_6' title="bbox 71 428 1523 486; baseline -0.002 -13"><span class='ocrx_word' id='word_1_28' title='bbox 71 435 162 474; x_wconf 82' lang='lat' dir='ltr'><strong>cavi</strong></span> <span class='ocrx_word' id='word_1_29' title='bbox 189 431 329 474; x_wconf 81' lang='lat' dir='ltr'><strong>sedulo</strong></span> <span class='ocrx_word' id='word_1_30' title='bbox 344 462 359 486; x_wconf 89' lang='lat'><strong>,</strong></span> <span class='ocrx_word' id='word_1_31' title='bbox 388 438 585 486; x_wconf 80' lang='lat' dir='ltr'><strong>quantum</strong></span> <span class='ocrx_word' id='word_1_32' title='bbox 614 437 654 470; x_wconf 89' lang='lat' dir='ltr'><strong>et</strong></span> <span class='ocrx_word' id='word_1_33' title='bbox 679 444 754 485; x_wconf 87' lang='lat' dir='ltr'><strong>per</strong></span> <span class='ocrx_word' id='word_1_34' title='bbox 779 445 941 482; x_wconf 89' lang='lat' dir='ltr'><strong>rerum,</strong></span> <span class='ocrx_word' id='word_1_35' title='bbox 970 443 1071 484; x_wconf 87' lang='lat' dir='ltr'><strong>quas</strong></span> <span class='ocrx_word' id='word_1_36' title='bbox 1098 428 1255 469; x_wconf 86' lang='lat' dir='ltr'><strong>Auctor</strong></span> <span class='ocrx_word' id='word_1_37' title='bbox 1275 436 1421 469; x_wconf 85' lang='lat' dir='ltr'><strong>tractat</strong></span> <span class='ocrx_word' id='word_1_38' title='bbox 1437 459 1451 482; x_wconf 88' lang='lat'><strong>,</strong></span> <span class='ocrx_word' id='word_1_39' title='bbox 1482 437 1523 470; x_wconf 87' lang='lat' dir='ltr'><strong>et</strong></span> 
     </span>
     <span class='ocr_line' id='line_1_7' title="bbox 69 496 1520 553; baseline -0.002 -14"><span class='ocrx_word' id='word_1_40' title='bbox 69 513 144 553; x_wconf 86' lang='lat' dir='ltr'><strong>per</strong></span> <span class='ocrx_word' id='word_1_41' title='bbox 170 498 357 539; x_wconf 85' lang='lat' dir='ltr'><strong>dictionis</strong></span> <span class='ocrx_word' id='word_1_42' title='bbox 374 528 388 551; x_wconf 88' lang='lat'>‚</span> <span class='ocrx_word' id='word_1_43' title='bbox 422 512 504 552; x_wconf 87' lang='lat' dir='ltr'><strong>qua</strong></span> <span class='ocrx_word' id='word_1_44' title='bbox 550 496 620 536; x_wconf 89' lang='lat' dir='ltr'><strong>ille</strong></span> <span class='ocrx_word' id='word_1_45' title='bbox 647 498 743 536; x_wconf 85' lang='lat' dir='ltr'><strong>satis</strong></span> <span class='ocrx_word' id='word_1_46' title='bbox 770 496 936 536; x_wconf 88' lang='lat' dir='ltr'><strong>horrida</strong></span> <span class='ocrx_word' id='word_1_47' title='bbox 951 526 965 549; x_wconf 91' lang='lat'>‚</span> <span class='ocrx_word' id='word_1_48' title='bbox 1013 509 1061 535; x_wconf 85' lang='lat' dir='ltr'><strong>ex</strong></span> <span class='ocrx_word' id='word_1_49' title='bbox 1102 509 1215 536; x_wconf 88' lang='lat' dir='ltr'><strong>more</strong></span> <span class='ocrx_word' id='word_1_50' title='bbox 1253 497 1315 536; x_wconf 84' lang='lat' dir='ltr'><strong>sui</strong></span> <span class='ocrx_word' id='word_1_51' title='bbox 1353 496 1520 549; x_wconf 85' lang='lat' dir='ltr'><strong>saeculi,</strong></span> 
     </span>
     <span class='ocr_line' id='line_1_8' title="bbox 67 562 1520 617; baseline -0.001 -12"><span class='ocrx_word' id='word_1_52' title='bbox 67 566 196 605; x_wconf 84' lang='lat' dir='ltr'><strong>utitur</strong></span> <span class='ocrx_word' id='word_1_53' title='bbox 211 593 226 617; x_wconf 90' lang='lat'>‚</span> <span class='ocrx_word' id='word_1_54' title='bbox 246 565 533 605; x_wconf 67' lang='lat' dir='ltr'><strong>obscuritatem</strong></span> <span class='ocrx_word' id='word_1_55' title='bbox 552 562 667 602; x_wconf 90' lang='lat' dir='ltr'><strong>licuit</strong></span> <span class='ocrx_word' id='word_1_56' title='bbox 679 593 692 614; x_wconf 89' lang='lat'><strong>,</strong></span> <span class='ocrx_word' id='word_1_57' title='bbox 711 569 758 602; x_wconf 90' lang='lat' dir='ltr'><strong>ut</strong></span> <span class='ocrx_word' id='word_1_58' title='bbox 776 577 908 616; x_wconf 88' lang='lat' dir='ltr'><strong>neque</strong></span> <span class='ocrx_word' id='word_1_59' title='bbox 926 577 953 602; x_wconf 89' lang='lat' dir='ltr'><strong>a</strong></span> <span class='ocrx_word' id='word_1_60' title='bbox 971 562 1191 602; x_wconf 86' lang='lat' dir='ltr'><strong>verborum</strong></span> <span class='ocrx_word' id='word_1_61' title='bbox 1212 565 1407 603; x_wconf 80' lang='lat' dir='ltr'><strong>sententia</strong></span> <span class='ocrx_word' id='word_1_62' title='bbox 1431 563 1520 603; x_wconf 90' lang='lat' dir='ltr'><strong>abi-</strong></span> 
     </span>
     <span class='ocr_line' id='line_1_9' title="bbox 67 628 1520 686; baseline -0.001 -14"><span class='ocrx_word' id='word_1_63' title='bbox 67 644 173 683; x_wconf 83' lang='lat' dir='ltr'><strong>rem,</strong></span> <span class='ocrx_word' id='word_1_64' title='bbox 199 645 333 686; x_wconf 77' lang='lat' dir='ltr'><strong>neque</strong></span> <span class='ocrx_word' id='word_1_65' title='bbox 361 631 598 685; x_wconf 80' lang='lat' dir='ltr'><strong>perspicuus</strong></span> <span class='ocrx_word' id='word_1_66' title='bbox 626 642 758 668; x_wconf 89' lang='lat' dir='ltr'><strong>sermo</strong></span> <span class='ocrx_word' id='word_1_67' title='bbox 788 628 1099 668; x_wconf 88' lang='lat' dir='ltr'><strong>desideraretur.</strong></span> <span class='ocrx_word' id='word_1_68' title='bbox 1134 629 1183 667; x_wconf 92' lang='lat' dir='ltr'><strong>In</strong></span> <span class='ocrx_word' id='word_1_69' title='bbox 1212 628 1520 670; x_wconf 84' lang='lat' dir='ltr'><strong>Commentariis</strong></span> 
     </span>
     <span class='ocr_line' id='line_1_10' title="bbox 45 694 1521 751; baseline 0 -15"><span class='ocrx_word' id='word_1_70' title='bbox 45 711 162 738; x_wconf 78' lang='lat' dir='ltr'><strong>,cum</strong></span> <span class='ocrx_word' id='word_1_71' title='bbox 190 698 317 739; x_wconf 84' lang='lat' dir='ltr'><strong>verba</strong></span> <span class='ocrx_word' id='word_1_72' title='bbox 341 699 523 751; x_wconf 81' lang='lat' dir='ltr'><strong>ritusque</strong></span> <span class='ocrx_word' id='word_1_73' title='bbox 548 703 706 736; x_wconf 74' lang='lat' dir='ltr'><strong>veteroe</strong></span> <span class='ocrx_word' id='word_1_74' title='bbox 733 694 937 735; x_wconf 83' lang='lat' dir='ltr'><strong>illustrare</strong></span> <span class='ocrx_word' id='word_1_75' title='bbox 950 724 963 747; x_wconf 93' lang='lat'><strong>,</strong></span> <span class='ocrx_word' id='word_1_76' title='bbox 993 701 1191 748; x_wconf 87' lang='lat' dir='ltr'><strong>quantum</strong></span> <span class='ocrx_word' id='word_1_77' title='bbox 1218 694 1330 734; x_wconf 87' lang='lat' dir='ltr'><strong>valui</strong></span> <span class='ocrx_word' id='word_1_78' title='bbox 1357 702 1398 735; x_wconf 87' lang='lat' dir='ltr'><strong>et</strong></span> <span class='ocrx_word' id='word_1_79' title='bbox 1424 698 1521 736; x_wconf 85' lang='lat' dir='ltr'><strong>satis</strong></span> 
     </span>
     <span class='ocr_line' id='line_1_11' title="bbox 67 759 1519 817; baseline -0.002 -12"><span class='ocrx_word' id='word_1_80' title='bbox 67 765 145 816; x_wconf 86' lang='lat' dir='ltr'><strong>sit,</strong></span> <span class='ocrx_word' id='word_1_81' title='bbox 175 765 329 817; x_wconf 80' lang='lat' dir='ltr'><strong>studui,</strong></span> <span class='ocrx_word' id='word_1_82' title='bbox 367 772 456 804; x_wconf 82' lang='lat' dir='ltr'><strong>tum</strong></span> <span class='ocrx_word' id='word_1_83' title='bbox 492 762 544 802; x_wconf 89' lang='lat' dir='ltr'><strong>de</strong></span> <span class='ocrx_word' id='word_1_84' title='bbox 568 763 677 803; x_wconf 85' lang='lat' dir='ltr'><strong>veris</strong></span> <span class='ocrx_word' id='word_1_85' title='bbox 707 775 869 816; x_wconf 91' lang='lat' dir='ltr'><strong>quoque</strong></span> <span class='ocrx_word' id='word_1_86' title='bbox 902 760 1231 801; x_wconf 87' lang='lat' dir='ltr'><strong>membranarum</strong></span> <span class='ocrx_word' id='word_1_87' title='bbox 1262 759 1519 816; x_wconf 85' lang='lat' dir='ltr'><strong>lectionibus,</strong></span> 
     </span>
     <span class='ocr_line' id='line_1_12' title="bbox 65 827 1519 886; baseline -0.002 -15"><span class='ocrx_word' id='word_1_88' title='bbox 65 830 137 870; x_wconf 89' lang='lat' dir='ltr'><strong>ubi</strong></span> <span class='ocrx_word' id='word_1_89' title='bbox 165 845 268 886; x_wconf 80' lang='lat' dir='ltr'><strong>opus</strong></span> <span class='ocrx_word' id='word_1_90' title='bbox 300 838 403 871; x_wconf 89' lang='lat' dir='ltr'><strong>esset</strong></span> <span class='ocrx_word' id='word_1_91' title='bbox 416 860 428 882; x_wconf 87' lang='lat'>‚</span> <span class='ocrx_word' id='word_1_92' title='bbox 455 829 679 883; x_wconf 80' lang='lat' dir='ltr'><strong>siguificare</strong></span> <span class='ocrx_word' id='word_1_93' title='bbox 705 842 790 867; x_wconf 89' lang='lat' dir='ltr'><strong>non</strong></span> <span class='ocrx_word' id='word_1_94' title='bbox 814 827 985 882; x_wconf 83' lang='lat' dir='ltr'><strong>neglexi.</strong></span> <span class='ocrx_word' id='word_1_95' title='bbox 1044 828 1093 866; x_wconf 94' lang='lat' dir='ltr'><strong>In</strong></span> <span class='ocrx_word' id='word_1_96' title='bbox 1119 827 1263 868; x_wconf 84' lang='lat' dir='ltr'><strong>breves</strong></span> <span class='ocrx_word' id='word_1_97' title='bbox 1290 831 1519 868; x_wconf 82' lang='lat' dir='ltr'><strong>annotatio-</strong></span> 
     </span>
     <span class='ocr_line' id='line_1_13' title="bbox 63 893 1519 948; baseline -0.001 -11"><span class='ocrx_word' id='word_1_98' title='bbox 63 911 136 937; x_wconf 84' lang='lat' dir='ltr'><strong>nes</strong></span> <span class='ocrx_word' id='word_1_99' title='bbox 179 897 235 937; x_wconf 88' lang='lat' dir='ltr'><strong>cl.</strong></span> <span class='ocrx_word' id='word_1_100' title='bbox 275 897 505 937; x_wconf 86' lang='lat' dir='ltr'><strong>Decessoris</strong></span> <span class='ocrx_word' id='word_1_101' title='bbox 544 895 646 936; x_wconf 90' lang='lat' dir='ltr'><strong>mihi</strong></span> <span class='ocrx_word' id='word_1_102' title='bbox 686 901 848 948; x_wconf 87' lang='lat' dir='ltr'><strong>praeter</strong></span> <span class='ocrx_word' id='word_1_103' title='bbox 895 893 1130 948; x_wconf 80' lang='lat' dir='ltr'><strong>digestionis</strong></span> <span class='ocrx_word' id='word_1_104' title='bbox 1166 893 1381 934; x_wconf 85' lang='lat' dir='ltr'><strong>arbitrium</strong></span> <span class='ocrx_word' id='word_1_105' title='bbox 1415 895 1519 935; x_wconf 85' lang='lat' dir='ltr'><strong>nibil</strong></span> 
     </span>
     <span class='ocr_line' id='line_1_14' title="bbox 60 959 1520 1018; baseline -0.003 -13"><span class='ocrx_word' id='word_1_106' title='bbox 60 965 260 1018; x_wconf 73' lang='lat' dir='ltr'><strong>anngavi.</strong></span> <span class='ocrx_word' id='word_1_107' title='bbox 314 964 426 1015; x_wconf 86' lang='lat' dir='ltr'><strong>Quas</strong></span> <span class='ocrx_word' id='word_1_108' title='bbox 455 961 524 1002; x_wconf 91' lang='lat' dir='ltr'><strong>ille</strong></span> <span class='ocrx_word' id='word_1_109' title='bbox 566 960 696 1001; x_wconf 82' lang='lat' dir='ltr'><strong>titulis</strong></span> <span class='ocrx_word' id='word_1_110' title='bbox 732 960 921 1000; x_wconf 86' lang='lat' dir='ltr'><strong>undecim</strong></span> <span class='ocrx_word' id='word_1_111' title='bbox 952 959 1181 1015; x_wconf 87' lang='lat' dir='ltr'><strong>complexus</strong></span> <span class='ocrx_word' id='word_1_112' title='bbox 1217 962 1260 1000; x_wconf 91' lang='lat' dir='ltr'><strong>in</strong></span> <span class='ocrx_word' id='word_1_113' title='bbox 1289 961 1520 1003; x_wconf 78' lang='lat' dir='ltr'><strong>adversaria</strong></span> 
     </span>
     <span class='ocr_line' id='line_1_15' title="bbox 61 1026 1519 1084; baseline -0.001 -14"><span class='ocrx_word' id='word_1_114' title='bbox 61 1043 110 1070; x_wconf 88' lang='lat' dir='ltr'><strong>eo</strong></span> <span class='ocrx_word' id='word_1_115' title='bbox 125 1059 139 1081; x_wconf 92' lang='lat'><strong>,</strong></span> <span class='ocrx_word' id='word_1_116' title='bbox 169 1043 252 1084; x_wconf 87' lang='lat' dir='ltr'><strong>quo</strong></span> <span class='ocrx_word' id='word_1_117' title='bbox 290 1027 416 1069; x_wconf 86' lang='lat' dir='ltr'><strong>libros</strong></span> <span class='ocrx_word' id='word_1_118' title='bbox 461 1042 644 1083; x_wconf 87' lang='lat' dir='ltr'><strong>quosque</strong></span> <span class='ocrx_word' id='word_1_119' title='bbox 673 1027 834 1082; x_wconf 84' lang='lat' dir='ltr'><strong>legisset</strong></span> <span class='ocrx_word' id='word_1_120' title='bbox 850 1057 863 1079; x_wconf 89' lang='lat'><strong>,</strong></span> <span class='ocrx_word' id='word_1_121' title='bbox 909 1026 1054 1067; x_wconf 91' lang='lat' dir='ltr'><strong>ordine</strong></span> <span class='ocrx_word' id='word_1_122' title='bbox 1113 1029 1339 1068; x_wconf 86' lang='lat' dir='ltr'><strong>coniecerat</strong></span> <span class='ocrx_word' id='word_1_123' title='bbox 1378 1029 1519 1068; x_wconf 88' lang='lat' dir='ltr'><strong>obser-</strong></span> 
     </span>
     <span class='ocr_line' id='line_1_16' title="bbox 58 1094 1518 1149; baseline 0 -14"><span class='ocrx_word' id='word_1_124' title='bbox 58 1097 240 1136; x_wconf 78' lang='lat' dir='ltr'><strong>vationes</strong></span> <span class='ocrx_word' id='word_1_125' title='bbox 254 1126 268 1147; x_wconf 88' lang='lat'><strong>,</strong></span> <span class='ocrx_word' id='word_1_126' title='bbox 306 1110 373 1135; x_wconf 88' lang='lat' dir='ltr'><strong>eas</strong></span> <span class='ocrx_word' id='word_1_127' title='bbox 416 1103 463 1135; x_wconf 89' lang='lat' dir='ltr'><strong>ut</strong></span> <span class='ocrx_word' id='word_1_128' title='bbox 503 1095 618 1135; x_wconf 82' lang='lat' dir='ltr'><strong>locus</strong></span> <span class='ocrx_word' id='word_1_129' title='bbox 655 1096 826 1149; x_wconf 87' lang='lat' dir='ltr'><strong>quisque</strong></span> <span class='ocrx_word' id='word_1_130' title='bbox 855 1094 963 1134; x_wconf 85' lang='lat' dir='ltr'><strong>ferre</strong></span> <span class='ocrx_word' id='word_1_131' title='bbox 1006 1101 1127 1148; x_wconf 82' lang='lat' dir='ltr'><strong>atque</strong></span> <span class='ocrx_word' id='word_1_132' title='bbox 1165 1094 1371 1148; x_wconf 89' lang='lat' dir='ltr'><strong>postulare</strong></span> <span class='ocrx_word' id='word_1_133' title='bbox 1402 1095 1518 1135; x_wconf 86' lang='lat' dir='ltr'><strong>vide-</strong></span> 
     </span>
     <span class='ocr_line' id='line_1_17' title="bbox 57 1160 1518 1214; baseline 0.001 -13"><span class='ocrx_word' id='word_1_134' title='bbox 57 1162 180 1203; x_wconf 86' lang='lat' dir='ltr'><strong>batur</strong></span> <span class='ocrx_word' id='word_1_135' title='bbox 193 1192 206 1214; x_wconf 93' lang='lat'><strong>,</strong></span> <span class='ocrx_word' id='word_1_136' title='bbox 234 1164 291 1202; x_wconf 88' lang='lat' dir='ltr'><strong>sic</strong></span> <span class='ocrx_word' id='word_1_137' title='bbox 322 1164 359 1202; x_wconf 86' lang='lat' dir='ltr'><strong>ei</strong></span> <span class='ocrx_word' id='word_1_138' title='bbox 383 1161 713 1212; x_wconf 85' lang='lat' dir='ltr'><strong>accommodavi,</strong></span> <span class='ocrx_word' id='word_1_139' title='bbox 742 1168 782 1200; x_wconf 88' lang='lat' dir='ltr'><strong>et</strong></span> <span class='ocrx_word' id='word_1_140' title='bbox 805 1160 910 1200; x_wconf 83' lang='lat' dir='ltr'><strong>telae</strong></span> <span class='ocrx_word' id='word_1_141' title='bbox 943 1175 1057 1200; x_wconf 90' lang='lat' dir='ltr'><strong>meae</strong></span> <span class='ocrx_word' id='word_1_142' title='bbox 1100 1161 1268 1200; x_wconf 85' lang='lat' dir='ltr'><strong>intexui.</strong></span> <span class='ocrx_word' id='word_1_143' title='bbox 1328 1162 1518 1213; x_wconf 90' lang='lat' dir='ltr'><strong>Quorum</strong></span> 
     </span>
     <span class='ocr_line' id='line_1_18' title="bbox 56 1227 1516 1282; baseline 0 -14"><span class='ocrx_word' id='word_1_144' title='bbox 56 1228 271 1270; x_wconf 84' lang='lat' dir='ltr'><strong>titulorum</strong></span> <span class='ocrx_word' id='word_1_145' title='bbox 295 1228 413 1280; x_wconf 87' lang='lat' dir='ltr'><strong>duos,</strong></span> <span class='ocrx_word' id='word_1_146' title='bbox 438 1242 584 1280; x_wconf 86' lang='lat' dir='ltr'><strong>unum,</strong></span> <span class='ocrx_word' id='word_1_147' title='bbox 613 1229 802 1282; x_wconf 86' lang='lat' dir='ltr'><strong>quintum</strong></span> <span class='ocrx_word' id='word_1_148' title='bbox 823 1257 836 1279; x_wconf 85' lang='lat'>‚</span> <span class='ocrx_word' id='word_1_149' title='bbox 873 1242 918 1281; x_wconf 88' lang='lat' dir='ltr'><strong>p.</strong></span> <span class='ocrx_word' id='word_1_150' title='bbox 953 1227 1008 1268; x_wconf 87' lang='lat'><strong>28</strong></span> <span class='ocrx_word' id='word_1_151' title='bbox 1042 1234 1277 1267; x_wconf 88' lang='lat' dir='ltr'><strong>nostrorum</strong></span> <span class='ocrx_word' id='word_1_152' title='bbox 1309 1241 1516 1268; x_wconf 85' lang='lat' dir='ltr'><strong>commen-</strong></span> 
     </span>
     <span class='ocr_line' id='line_1_19' title="bbox 57 1293 1518 1348; baseline 0 -14"><span class='ocrx_word' id='word_1_153' title='bbox 57 1295 255 1335; x_wconf 86' lang='lat' dir='ltr'><strong>tariorum</strong></span> <span class='ocrx_word' id='word_1_154' title='bbox 275 1323 289 1346; x_wconf 90' lang='lat'>‚</span> <span class='ocrx_word' id='word_1_155' title='bbox 319 1293 507 1347; x_wconf 85' lang='lat' dir='ltr'><strong>alterum,</strong></span> <span class='ocrx_word' id='word_1_156' title='bbox 548 1301 764 1346; x_wconf 84' lang='lat' dir='ltr'><strong>octavum,</strong></span> <span class='ocrx_word' id='word_1_157' title='bbox 797 1308 841 1347; x_wconf 88' lang='lat' dir='ltr'><strong>p.</strong></span> <span class='ocrx_word' id='word_1_158' title='bbox 870 1293 926 1348; x_wconf 73' lang='lat'><strong>94</strong></span> <span class='ocrx_word' id='word_1_159' title='bbox 968 1294 1196 1347; x_wconf 90' lang='lat' dir='ltr'><strong>speciminis</strong></span> <span class='ocrx_word' id='word_1_160' title='bbox 1230 1307 1371 1334; x_wconf 85' lang='lat' dir='ltr'><strong>caussa</strong></span> <span class='ocrx_word' id='word_1_161' title='bbox 1406 1294 1518 1334; x_wconf 87' lang='lat' dir='ltr'><strong>exhi-</strong></span> 
     </span>
     <span class='ocr_line' id='line_1_20' title="bbox 52 1359 1518 1417; baseline 0.001 -16"><span class='ocrx_word' id='word_1_162' title='bbox 52 1361 143 1412; x_wconf 85' lang='lat' dir='ltr'><strong>bui,</strong></span> <span class='ocrx_word' id='word_1_163' title='bbox 173 1376 197 1401; x_wconf 90' lang='lat' dir='ltr'><strong>e</strong></span> <span class='ocrx_word' id='word_1_164' title='bbox 223 1375 323 1416; x_wconf 79' lang='lat' dir='ltr'><strong>quo,</strong></span> <span class='ocrx_word' id='word_1_165' title='bbox 359 1361 460 1415; x_wconf 87' lang='lat' dir='ltr'><strong>quid</strong></span> <span class='ocrx_word' id='word_1_166' title='bbox 483 1367 524 1400; x_wconf 88' lang='lat' dir='ltr'><strong>et</strong></span> <span class='ocrx_word' id='word_1_167' title='bbox 551 1360 621 1401; x_wconf 88' lang='lat' dir='ltr'><strong>ille</strong></span> <span class='ocrx_word' id='word_1_168' title='bbox 650 1362 694 1400; x_wconf 92' lang='lat' dir='ltr'><strong>in</strong></span> <span class='ocrx_word' id='word_1_169' title='bbox 724 1359 882 1400; x_wconf 86' lang='lat' dir='ltr'><strong>schedis</strong></span> <span class='ocrx_word' id='word_1_170' title='bbox 901 1359 1127 1415; x_wconf 88' lang='lat' dir='ltr'><strong>reliquerit,</strong></span> <span class='ocrx_word' id='word_1_171' title='bbox 1163 1367 1206 1399; x_wconf 84' lang='lat' dir='ltr'><strong>et</strong></span> <span class='ocrx_word' id='word_1_172' title='bbox 1240 1374 1288 1400; x_wconf 91' lang='lat' dir='ltr'><strong>eo</strong></span> <span class='ocrx_word' id='word_1_173' title='bbox 1321 1369 1518 1417; x_wconf 85' lang='lat' dir='ltr'><strong>apparatu</strong></span> 
     </span>
     <span class='ocr_line' id='line_1_21' title="bbox 54 1427 899 1481; baseline -0.001 -14"><span class='ocrx_word' id='word_1_174' title='bbox 54 1427 259 1481; x_wconf 85' lang='lat' dir='ltr'><strong>quomodo</strong></span> <span class='ocrx_word' id='word_1_175' title='bbox 288 1442 364 1468; x_wconf 88' lang='lat' dir='ltr'><strong>nos</strong></span> <span class='ocrx_word' id='word_1_176' title='bbox 390 1429 453 1467; x_wconf 91' lang='lat' dir='ltr'><strong>usi</strong></span> <span class='ocrx_word' id='word_1_177' title='bbox 475 1428 672 1467; x_wconf 85' lang='lat' dir='ltr'><strong>fuerimus</strong></span> <span class='ocrx_word' id='word_1_178' title='bbox 687 1456 701 1478; x_wconf 95' lang='lat'><strong>,</strong></span> <span class='ocrx_word' id='word_1_179' title='bbox 729 1434 899 1466; x_wconf 87' lang='lat' dir='ltr'><strong>constet.</strong></span> 
     </span>
    </p>

    <p class='ocr_par' dir='ltr' id='par_1_4' title="bbox 0 1494 1514 2605">
     <span class='ocr_line' id='line_1_22' title="bbox 163 1494 1514 1549; baseline 0.002 -16"><span class='ocrx_word' id='word_1_180' title='bbox 163 1494 233 1533; x_wconf 80' lang='lat' dir='ltr'><strong>Ad</strong></span> <span class='ocrx_word' id='word_1_181' title='bbox 258 1494 381 1535; x_wconf 81' lang='lat' dir='ltr'><strong>finem</strong></span> <span class='ocrx_word' id='word_1_182' title='bbox 401 1494 496 1534; x_wconf 86' lang='lat' dir='ltr'><strong>libri</strong></span> <span class='ocrx_word' id='word_1_183' title='bbox 515 1495 640 1548; x_wconf 88' lang='lat' dir='ltr'><strong>primi</strong></span> <span class='ocrx_word' id='word_1_184' title='bbox 664 1495 1050 1533; x_wconf 80' lang='lat' dir='ltr'><strong>commentariorum</strong></span> <span class='ocrx_word' id='word_1_185' title='bbox 1063 1494 1185 1534; x_wconf 88' lang='lat' dir='ltr'><strong>telam</strong></span> <span class='ocrx_word' id='word_1_186' title='bbox 1205 1495 1365 1549; x_wconf 83' lang='lat' dir='ltr'><strong>abrupi.</strong></span> <span class='ocrx_word' id='word_1_187' title='bbox 1396 1496 1514 1547; x_wconf 83' lang='lat' dir='ltr'><strong>Quae</strong></span> 
     </span>
     <span class='ocr_line' id='line_1_23' title="bbox 52 1559 1512 1615; baseline 0.002 -15"><span class='ocrx_word' id='word_1_188' title='bbox 52 1560 108 1600; x_wconf 72' lang='lat' dir='ltr'><strong>ad</strong></span> <span class='ocrx_word' id='word_1_189' title='bbox 121 1561 343 1602; x_wconf 78' lang='lat' dir='ltr'><strong>secundum</strong></span> <span class='ocrx_word' id='word_1_190' title='bbox 371 1568 411 1601; x_wconf 88' lang='lat' dir='ltr'><strong>et</strong></span> <span class='ocrx_word' id='word_1_191' title='bbox 431 1561 556 1615; x_wconf 63' lang='lat' dir='ltr'><strong>primi</strong></span> <span class='ocrx_word' id='word_1_192' title='bbox 581 1559 845 1615; x_wconf 85' lang='lat' dir='ltr'><strong>appendicem</strong></span> <span class='ocrx_word' id='word_1_193' title='bbox 871 1560 1042 1600; x_wconf 89' lang='lat' dir='ltr'><strong>dicenda</strong></span> <span class='ocrx_word' id='word_1_194' title='bbox 1071 1570 1287 1615; x_wconf 83' lang='lat' dir='ltr'><strong>superant,</strong></span> <span class='ocrx_word' id='word_1_195' title='bbox 1322 1577 1415 1601; x_wconf 90' lang='lat' dir='ltr'><strong>cum</strong></span> <span class='ocrx_word' id='word_1_196' title='bbox 1443 1565 1512 1603; x_wconf 89' lang='lat' dir='ltr'><strong>in-</strong></span> 
     </span>
     <span class='ocr_line' id='line_1_24' title="bbox 51 1625 1511 1681; baseline 0.003 -16"><span class='ocrx_word' id='word_1_197' title='bbox 51 1625 223 1678; x_wconf 72' lang='lat' dir='ltr'><strong>dinibus,</strong></span> <span class='ocrx_word' id='word_1_198' title='bbox 248 1627 353 1668; x_wconf 85' lang='lat' dir='ltr'><strong>forte</strong></span> <span class='ocrx_word' id='word_1_199' title='bbox 371 1641 536 1681; x_wconf 88' lang='lat' dir='ltr'><strong>quoque</strong></span> <span class='ocrx_word' id='word_1_200' title='bbox 562 1628 756 1680; x_wconf 85' lang='lat' dir='ltr'><strong>excerptis</strong></span> <span class='ocrx_word' id='word_1_201' title='bbox 777 1627 969 1666; x_wconf 86' lang='lat' dir='ltr'><strong>Chronici</strong></span> <span class='ocrx_word' id='word_1_202' title='bbox 998 1628 1143 1667; x_wconf 90' lang='lat' dir='ltr'><strong>Graeci</strong></span> <span class='ocrx_word' id='word_1_203' title='bbox 1183 1628 1326 1667; x_wconf 89' lang='lat' dir='ltr'><strong>inediti</strong></span> <span class='ocrx_word' id='word_1_204' title='bbox 1341 1630 1511 1669; x_wconf 70' lang='lat' dir='ltr'><strong>Gzomm</strong></span> 
     </span>
     <span class='ocr_line' id='line_1_25' title="bbox 0 1691 1512 1746; baseline 0.002 -15"><span class='ocrx_word' id='word_1_205' title='bbox 0 1722 1 1726; x_wconf 65' lang='lat'><strong>,</strong></span> <span class='ocrx_word' id='word_1_206' title='bbox 48 1691 317 1743; x_wconf 72' lang='lat' dir='ltr'><strong>flmnrou,</strong></span> <span class='ocrx_word' id='word_1_207' title='bbox 341 1692 454 1746; x_wconf 90' lang='lat' dir='ltr'><strong>quod</strong></span> <span class='ocrx_word' id='word_1_208' title='bbox 482 1694 526 1731; x_wconf 91' lang='lat' dir='ltr'><strong>in</strong></span> <span class='ocrx_word' id='word_1_209' title='bbox 551 1691 695 1745; x_wconf 86' lang='lat' dir='ltr'><strong>Ampl.</strong></span> <span class='ocrx_word' id='word_1_210' title='bbox 717 1692 888 1730; x_wconf 86' lang='lat' dir='ltr'><strong>Senatus</strong></span> <span class='ocrx_word' id='word_1_211' title='bbox 907 1693 1125 1744; x_wconf 89' lang='lat' dir='ltr'><strong>Lipsiensis</strong></span> <span class='ocrx_word' id='word_1_212' title='bbox 1140 1693 1391 1733; x_wconf 86' lang='lat' dir='ltr'><strong>Bibliotheca</strong></span> <span class='ocrx_word' id='word_1_213' title='bbox 1407 1697 1512 1734; x_wconf 86' lang='lat' dir='ltr'><strong>inter</strong></span> 
     </span>
     <span class='ocr_line' id='line_1_26' title="bbox 51 1756 1510 1812; baseline 0.003 -17"><span class='ocrx_word' id='word_1_214' title='bbox 51 1756 225 1796; x_wconf 86' lang='lat' dir='ltr'><strong>Codices</strong></span> <span class='ocrx_word' id='word_1_215' title='bbox 255 1759 432 1796; x_wconf 85' lang='lat' dir='ltr'><strong>Graecos</strong></span> <span class='ocrx_word' id='word_1_216' title='bbox 454 1771 580 1796; x_wconf 89' lang='lat' dir='ltr'><strong>manu</strong></span> <span class='ocrx_word' id='word_1_217' title='bbox 609 1763 789 1795; x_wconf 88' lang='lat' dir='ltr'><strong>exaratos</strong></span> <span class='ocrx_word' id='word_1_218' title='bbox 825 1757 1050 1808; x_wconf 84' lang='lat' dir='ltr'><strong>reperitur,</strong></span> <span class='ocrx_word' id='word_1_219' title='bbox 1091 1758 1260 1812; x_wconf 86' lang='lat' dir='ltr'><strong>dignum</strong></span> <span class='ocrx_word' id='word_1_220' title='bbox 1289 1758 1510 1812; x_wconf 86' lang='lat' dir='ltr'><strong>aliquando</strong></span> 
     </span>
     <span class='ocr_line' id='line_1_27' title="bbox 0 1821 1510 1875; baseline 0.003 -15"><span class='ocrx_word' id='word_1_221' title='bbox 0 1840 1 1849; x_wconf 28' lang='grc' dir='ltr'><strong>κ</strong></span> <span class='ocrx_word' id='word_1_222' title='bbox 50 1822 180 1861; x_wconf 88' lang='lat' dir='ltr'><strong>Leoni</strong></span> <span class='ocrx_word' id='word_1_223' title='bbox 205 1822 358 1862; x_wconf 84' lang='lat' dir='ltr'><strong>Allatio</strong></span> <span class='ocrx_word' id='word_1_224' title='bbox 381 1824 517 1863; x_wconf 82' lang='lat' dir='ltr'><strong>visum</strong></span> <span class='ocrx_word' id='word_1_225' title='bbox 531 1852 543 1873; x_wconf 88' lang='lat'><strong>‚</strong></span> <span class='ocrx_word' id='word_1_226' title='bbox 573 1821 685 1875; x_wconf 90' lang='lat' dir='ltr'><strong>quod</strong></span> <span class='ocrx_word' id='word_1_227' title='bbox 711 1823 907 1861; x_wconf 89' lang='lat' dir='ltr'><strong>Latinum</strong></span> <span class='ocrx_word' id='word_1_228' title='bbox 934 1822 1083 1861; x_wconf 81' lang='lat' dir='ltr'><strong>faceret</strong></span> <span class='ocrx_word' id='word_1_229' title='bbox 1107 1831 1147 1862; x_wconf 87' lang='lat' dir='ltr'><strong>et</strong></span> <span class='ocrx_word' id='word_1_230' title='bbox 1176 1838 1200 1862; x_wconf 90' lang='lat' dir='ltr'><strong>a</strong></span> <span class='ocrx_word' id='word_1_231' title='bbox 1237 1838 1279 1863; x_wconf 89' lang='lat' dir='ltr'><strong>se</strong></span> <span class='ocrx_word' id='word_1_232' title='bbox 1307 1824 1510 1865; x_wconf 88' lang='lat' dir='ltr'><strong>edendum</strong></span> 
     </span>
     <span class='ocr_line' id='line_1_28' title="bbox 0 1887 1507 1942; baseline 0.002 -13"><span class='ocrx_word' id='word_1_233' title='bbox 0 1906 1 1929; x_wconf 78' lang='lat'>1</span> <span class='ocrx_word' id='word_1_234' title='bbox 46 1890 327 1942; x_wconf 81' lang='lat' dir='ltr'><strong>promitteret,</strong></span> <span class='ocrx_word' id='word_1_235' title='bbox 364 1889 446 1930; x_wconf 84' lang='lat' dir='ltr'><strong>vid.</strong></span> <span class='ocrx_word' id='word_1_236' title='bbox 478 1888 642 1928; x_wconf 84' lang='lat' dir='ltr'><strong>Fabric.</strong></span> <span class='ocrx_word' id='word_1_237' title='bbox 679 1887 785 1928; x_wconf 91' lang='lat' dir='ltr'><strong>Bibl.</strong></span> <span class='ocrx_word' id='word_1_238' title='bbox 828 1889 974 1927; x_wconf 87' lang='lat' dir='ltr'><strong>Graec.</strong></span> <span class='ocrx_word' id='word_1_239' title='bbox 1011 1889 1064 1927; x_wconf 90' lang='lat' dir='ltr'><strong>T.</strong></span> <span class='ocrx_word' id='word_1_240' title='bbox 1087 1889 1165 1928; x_wconf 86' lang='lat' dir='ltr'><strong>VI.</strong></span> <span class='ocrx_word' id='word_1_241' title='bbox 1186 1904 1230 1942; x_wconf 93' lang='lat' dir='ltr'><strong>p.</strong></span> <span class='ocrx_word' id='word_1_242' title='bbox 1265 1890 1425 1940; x_wconf 54' lang='lat' dir='ltr'><strong>154.-et</strong></span> <span class='ocrx_word' id='word_1_243' title='bbox 1456 1893 1507 1936; x_wconf 88' lang='lat' dir='ltr'><strong>T.</strong></span> 
     </span>
     <span class='ocr_line' id='line_1_29' title="bbox 49 1953 1507 2010; baseline 0.001 -13.967"><span class='ocrx_word' id='word_1_244' title='bbox 49 1955 106 1993; x_wconf 81' lang='lat' dir='ltr'><strong>X.</strong></span> <span class='ocrx_word' id='word_1_245' title='bbox 141 1969 186 2008; x_wconf 86' lang='lat' dir='ltr'><strong>p.</strong></span> <span class='ocrx_word' id='word_1_246' title='bbox 214 1953 311 2006; x_wconf 70' lang='lat'><strong>641.</strong></span> <span class='ocrx_word' id='word_1_247' title='bbox 339 1969 403 2005; x_wconf 88' lang='lat' dir='ltr'><strong>ea,</strong></span> <span class='ocrx_word' id='word_1_248' title='bbox 434 1955 468 1994; x_wconf 89' lang='lat' dir='ltr'><strong>si</strong></span> <span class='ocrx_word' id='word_1_249' title='bbox 496 1955 600 1994; x_wconf 85' lang='lat' dir='ltr'><strong>tanti</strong></span> <span class='ocrx_word' id='word_1_250' title='bbox 627 1953 889 2005; x_wconf 88' lang='lat' dir='ltr'><strong>videbuntur,</strong></span> <span class='ocrx_word' id='word_1_251' title='bbox 926 1955 1090 1993; x_wconf 86' lang='lat' dir='ltr'><strong>tertium</strong></span> <span class='ocrx_word' id='word_1_252' title='bbox 1115 1955 1307 1995; x_wconf 84' lang='lat' dir='ltr'><strong>volumen</strong></span> <span class='ocrx_word' id='word_1_253' title='bbox 1337 1957 1507 2010; x_wconf 85' lang='lat' dir='ltr'><strong>implere</strong></span> 
     </span>
     <span class='ocr_line' id='line_1_30' title="bbox 0 2020 1503 2076; baseline 0.002 -16"><span class='ocrx_word' id='word_1_254' title='bbox 0 2035 1 2068; x_wconf 43' lang='grc' dir='ltr'>ᾗ</span> <span class='ocrx_word' id='word_1_255' title='bbox 44 2028 253 2073; x_wconf 89' lang='lat' dir='ltr'><strong>poterunt.</strong></span> <span class='ocrx_word' id='word_1_256' title='bbox 334 2020 404 2060; x_wconf 91' lang='lat' dir='ltr'><strong>Ad</strong></span> <span class='ocrx_word' id='word_1_257' title='bbox 453 2027 692 2074; x_wconf 84' lang='lat' dir='ltr'><strong>argumenta</strong></span> <span class='ocrx_word' id='word_1_258' title='bbox 737 2022 945 2074; x_wconf 87' lang='lat' dir='ltr'><strong>superiore</strong></span> <span class='ocrx_word' id='word_1_259' title='bbox 991 2021 1242 2074; x_wconf 84' lang='lat' dir='ltr'><strong>praefatione</strong></span> <span class='ocrx_word' id='word_1_260' title='bbox 1294 2027 1477 2076; x_wconf 83' lang='lat' dir='ltr'><strong>exposita</strong></span> <span class='ocrx_word' id='word_1_261' title='bbox 1490 2055 1503 2076; x_wconf 91' lang='lat'><strong>,</strong></span> 
     </span>
     <span class='ocr_line' id='line_1_31' title="bbox 0 2085 1504 2143; baseline 0.002 -17"><span class='ocrx_word' id='word_1_262' title='bbox 0 2093 1 2142; x_wconf 63' lang='grc' dir='ltr'>ξ</span> <span class='ocrx_word' id='word_1_263' title='bbox 47 2100 151 2140; x_wconf 88' lang='lat' dir='ltr'><strong>quae</strong></span> <span class='ocrx_word' id='word_1_264' title='bbox 175 2086 453 2126; x_wconf 78' lang='lat' dir='ltr'><strong>demonstrant</strong></span> <span class='ocrx_word' id='word_1_265' title='bbox 482 2085 754 2126; x_wconf 89' lang='lat' dir='ltr'><strong>Cerimoniale</strong></span> <span class='ocrx_word' id='word_1_266' title='bbox 781 2086 860 2126; x_wconf 91' lang='lat' dir='ltr'><strong>hoc</strong></span> <span class='ocrx_word' id='word_1_267' title='bbox 891 2094 982 2140; x_wconf 88' lang='lat' dir='ltr'><strong>post</strong></span> <span class='ocrx_word' id='word_1_268' title='bbox 1009 2086 1117 2126; x_wconf 89' lang='lat' dir='ltr'><strong>illius</strong></span> <span class='ocrx_word' id='word_1_269' title='bbox 1143 2088 1414 2143; x_wconf 85' lang='lat' dir='ltr'><strong>Constantini,</strong></span> <span class='ocrx_word' id='word_1_270' title='bbox 1437 2093 1504 2130; x_wconf 92' lang='lat' dir='ltr'><strong>cui</strong></span> 
     </span>
     <span class='ocr_line' id='line_1_32' title="bbox 0 2152 1503 2206; baseline 0.003 -15"><span class='ocrx_word' id='word_1_271' title='bbox 0 2175 1 2180; x_wconf 68' lang='lat'>=</span> <span class='ocrx_word' id='word_1_272' title='bbox 46 2152 170 2206; x_wconf 82' lang='lat' dir='ltr'><strong>vulgo</strong></span> <span class='ocrx_word' id='word_1_273' title='bbox 207 2153 335 2192; x_wconf 84' lang='lat' dir='ltr'><strong>tribui</strong></span> <span class='ocrx_word' id='word_1_274' title='bbox 370 2152 488 2204; x_wconf 89' lang='lat' dir='ltr'><strong>solet,</strong></span> <span class='ocrx_word' id='word_1_275' title='bbox 527 2160 712 2206; x_wconf 84' lang='lat' dir='ltr'><strong>tempora</strong></span> <span class='ocrx_word' id='word_1_276' title='bbox 743 2152 951 2192; x_wconf 89' lang='lat' dir='ltr'><strong>conditum</strong></span> <span class='ocrx_word' id='word_1_277' title='bbox 990 2153 1126 2205; x_wconf 74' lang='lat' dir='ltr'><strong>fiiisse,</strong></span> <span class='ocrx_word' id='word_1_278' title='bbox 1166 2154 1250 2194; x_wconf 95' lang='lat' dir='ltr'><strong>duo</strong></span> <span class='ocrx_word' id='word_1_279' title='bbox 1283 2154 1383 2195; x_wconf 91' lang='lat' dir='ltr'><strong>haec</strong></span> <span class='ocrx_word' id='word_1_280' title='bbox 1423 2155 1503 2196; x_wconf 85' lang='lat' dir='ltr'><strong>alia</strong></span> 
     </span>
     <span class='ocr_line' id='line_1_33' title="bbox 44 2217 1501 2271; baseline 0.003 -12.883"><span class='ocrx_word' id='word_1_281' title='bbox 44 2217 170 2258; x_wconf 85' lang='lat' dir='ltr'><strong>velim</strong></span> <span class='ocrx_word' id='word_1_282' title='bbox 198 2218 317 2270; x_wconf 78' lang='lat' dir='ltr'><strong>addi3</strong></span> <span class='ocrx_word' id='word_1_283' title='bbox 356 2232 484 2259; x_wconf 90' lang='lat' dir='ltr'><strong>unum</strong></span> <span class='ocrx_word' id='word_1_284' title='bbox 498 2249 512 2271; x_wconf 91' lang='lat'>‚</span> <span class='ocrx_word' id='word_1_285' title='bbox 552 2218 807 2259; x_wconf 87' lang='lat' dir='ltr'><strong>Constantini</strong></span> <span class='ocrx_word' id='word_1_286' title='bbox 839 2220 1007 2259; x_wconf 89' lang='lat' dir='ltr'><strong>senioris</strong></span> <span class='ocrx_word' id='word_1_287' title='bbox 1045 2227 1175 2259; x_wconf 86' lang='lat' dir='ltr'><strong>aetate</strong></span> <span class='ocrx_word' id='word_1_288' title='bbox 1222 2222 1264 2260; x_wconf 90' lang='lat' dir='ltr'><strong>in</strong></span> <span class='ocrx_word' id='word_1_289' title='bbox 1300 2236 1378 2261; x_wconf 91' lang='lat' dir='ltr'><strong>usu</strong></span> <span class='ocrx_word' id='word_1_290' title='bbox 1416 2237 1501 2262; x_wconf 88' lang='lat' dir='ltr'><strong>non</strong></span> 
     </span>
     <span class='ocr_line' id='line_1_34' title="bbox 46 2284 1500 2342; baseline 0.004 -18.816"><span class='ocrx_word' id='word_1_291' title='bbox 46 2284 167 2324; x_wconf 79' lang='lat' dir='ltr'><strong>fuisse</strong></span> <span class='ocrx_word' id='word_1_292' title='bbox 195 2284 504 2325; x_wconf 88' lang='lat' dir='ltr'><strong>Prohedrorum</strong></span> <span class='ocrx_word' id='word_1_293' title='bbox 517 2315 533 2338; x_wconf 86' lang='lat'><strong>,</strong></span> <span class='ocrx_word' id='word_1_294' title='bbox 579 2299 704 2339; x_wconf 91' lang='lat' dir='ltr'><strong>quam</strong></span> <span class='ocrx_word' id='word_1_295' title='bbox 734 2284 879 2326; x_wconf 84' lang='lat' dir='ltr'><strong>titulus</strong></span> <span class='ocrx_word' id='word_1_296' title='bbox 919 2287 1061 2339; x_wconf 89' lang='lat' dir='ltr'><strong>capitis</strong></span> <span class='ocrx_word' id='word_1_297' title='bbox 1090 2285 1223 2326; x_wconf 85' lang='lat' dir='ltr'><strong>ultimi</strong></span> <span class='ocrx_word' id='word_1_298' title='bbox 1245 2287 1340 2327; x_wconf 87' lang='lat' dir='ltr'><strong>libri</strong></span> <span class='ocrx_word' id='word_1_299' title='bbox 1377 2291 1500 2342; x_wconf 85' lang='lat' dir='ltr'><strong>primi</strong></span> 
     </span>
     <span class='ocr_line' id='line_1_35' title="bbox 0 2350 1499 2404; baseline 0.003 -15"><span class='ocrx_word' id='word_1_300' title='bbox 0 2386 2 2400; x_wconf 66' lang='grc'>,</span> <span class='ocrx_word' id='word_1_301' title='bbox 49 2358 275 2402; x_wconf 76' lang='lat' dir='ltr'><strong>memorat,</strong></span> <span class='ocrx_word' id='word_1_302' title='bbox 305 2350 559 2404; x_wconf 82' lang='lat' dir='ltr'><strong>dignitatem,</strong></span> <span class='ocrx_word' id='word_1_303' title='bbox 588 2365 614 2390; x_wconf 89' lang='lat' dir='ltr'><strong>a</strong></span> <span class='ocrx_word' id='word_1_304' title='bbox 649 2352 802 2391; x_wconf 88' lang='lat' dir='ltr'><strong>Ioanne</strong></span> <span class='ocrx_word' id='word_1_305' title='bbox 825 2353 1023 2391; x_wconf 88' lang='lat' dir='ltr'><strong>Tzimisce</strong></span> <span class='ocrx_word' id='word_1_306' title='bbox 1050 2351 1215 2391; x_wconf 89' lang='lat' dir='ltr'><strong>demum</strong></span> <span class='ocrx_word' id='word_1_307' title='bbox 1254 2367 1325 2392; x_wconf 90' lang='lat' dir='ltr'><strong>seu</strong></span> <span class='ocrx_word' id='word_1_308' title='bbox 1354 2356 1499 2393; x_wconf 87' lang='lat' dir='ltr'><strong>inven-</strong></span> 
     </span>
     <span class='ocr_line' id='line_1_36' title="bbox 0 2404 1498 2473; baseline 0.001 -16"><span class='ocrx_word' id='word_1_309' title='bbox 0 2404 2 2457; x_wconf 35' lang='grc' dir='ltr'><strong><em>Τ</em></strong></span> <span class='ocrx_word' id='word_1_310' title='bbox 45 2423 158 2468; x_wconf 86' lang='lat' dir='ltr'><strong>tam,</strong></span> <span class='ocrx_word' id='word_1_311' title='bbox 194 2431 265 2456; x_wconf 70' lang='lat' dir='ltr'><strong>sm</strong></span> <span class='ocrx_word' id='word_1_312' title='bbox 291 2425 551 2457; x_wconf 84' lang='lat' dir='ltr'><strong>revocatam:</strong></span> <span class='ocrx_word' id='word_1_313' title='bbox 593 2416 782 2468; x_wconf 85' lang='lat' dir='ltr'><strong>alterum,</strong></span> <span class='ocrx_word' id='word_1_314' title='bbox 814 2432 858 2471; x_wconf 87' lang='lat' dir='ltr'><strong>p.</strong></span> <span class='ocrx_word' id='word_1_315' title='bbox 887 2417 986 2473; x_wconf 77' lang='lat'><strong>575.</strong></span> <span class='ocrx_word' id='word_1_316' title='bbox 1021 2417 1078 2458; x_wconf 85' lang='lat' dir='ltr'><strong>A.</strong></span> <span class='ocrx_word' id='word_1_317' title='bbox 1113 2432 1156 2472; x_wconf 88' lang='lat'><strong>9.</strong></span> <span class='ocrx_word' id='word_1_318' title='bbox 1186 2419 1498 2459; x_wconf 75' lang='lat' dir='ltr'><strong>Constantinum</strong></span> 
     </span>
     <span class='ocr_line' id='line_1_37' title="bbox 0 2473 1498 2538; baseline 0.002 -16"><span class='ocrx_word' id='word_1_319' title='bbox 0 2473 2 2476; x_wconf 63' lang='lat'><strong>,</strong></span> <span class='ocrx_word' id='word_1_320' title='bbox 46 2483 196 2522; x_wconf 83' lang='lat' dir='ltr'><strong>Leonis</strong></span> <span class='ocrx_word' id='word_1_321' title='bbox 234 2481 387 2535; x_wconf 86' lang='lat' dir='ltr'><strong>filium,</strong></span> <span class='ocrx_word' id='word_1_322' title='bbox 414 2478 626 2536; x_wconf 78' lang='grc' dir='ltr'><em>μακάριον</em></span> <span class='ocrx_word' id='word_1_323' title='bbox 664 2483 883 2537; x_wconf 89' lang='lat' dir='ltr'><strong>appellari,</strong></span> <span class='ocrx_word' id='word_1_324' title='bbox 922 2483 1034 2537; x_wconf 87' lang='lat' dir='ltr'><strong>quod</strong></span> <span class='ocrx_word' id='word_1_325' title='bbox 1071 2476 1247 2538; x_wconf 82' lang='lat' dir='ltr'><strong>elogium</strong></span> <span class='ocrx_word' id='word_1_326' title='bbox 1282 2500 1366 2524; x_wconf 89' lang='lat' dir='ltr'><strong>non</strong></span> <span class='ocrx_word' id='word_1_327' title='bbox 1395 2485 1498 2526; x_wconf 86' lang='lat' dir='ltr'><strong>solet</strong></span> 
     </span>
     <span class='ocr_line' id='line_1_38' title="bbox 45 2548 1492 2605; baseline 0.003 -18"><span class='ocrx_word' id='word_1_328' title='bbox 45 2549 124 2588; x_wconf 88' lang='lat' dir='ltr'><strong>nisi</strong></span> <span class='ocrx_word' id='word_1_329' title='bbox 151 2548 237 2588; x_wconf 69' lang='lat' dir='ltr'><strong>vim</strong></span> <span class='ocrx_word' id='word_1_330' title='bbox 259 2548 456 2605; x_wconf 81' lang='lat' dir='ltr'><strong>defunctis</strong></span> <span class='ocrx_word' id='word_1_331' title='bbox 482 2549 626 2589; x_wconf 85' lang='lat' dir='ltr'><strong>tribui.</strong></span> <span class='ocrx_word' id='word_1_332' title='bbox 682 2549 803 2603; x_wconf 87' lang='lat' dir='ltr'><strong>Vale,</strong></span> <span class='ocrx_word' id='word_1_333' title='bbox 828 2549 973 2602; x_wconf 84' lang='lat' dir='ltr'><strong>lector,</strong></span> <span class='ocrx_word' id='word_1_334' title='bbox 998 2558 1038 2590; x_wconf 91' lang='lat' dir='ltr'><strong>et</strong></span> <span class='ocrx_word' id='word_1_335' title='bbox 1057 2551 1200 2592; x_wconf 89' lang='lat' dir='ltr'><strong>studiis</strong></span> <span class='ocrx_word' id='word_1_336' title='bbox 1218 2552 1366 2592; x_wconf 87' lang='lat' dir='ltr'><strong>nostris</strong></span> <span class='ocrx_word' id='word_1_337' title='bbox 1386 2551 1492 2594; x_wconf 80' lang='lat' dir='ltr'><strong>fave.</strong></span> 
     </span>
    </p>

    <p class='ocr_par' dir='ltr' id='par_1_5' title="bbox 121 2612 934 2672">
     <span class='ocr_line' id='line_1_39' title="bbox 121 2612 934 2672; baseline 0.002 -18"><span class='ocrx_word' id='word_1_338' title='bbox 121 2612 123 2614; x_wconf 67' lang='grc'><strong>’</strong></span> <span class='ocrx_word' id='word_1_339' title='bbox 150 2613 238 2656; x_wconf 84' lang='lat' dir='ltr'><strong>Ser.</strong></span> <span class='ocrx_word' id='word_1_340' title='bbox 265 2628 401 2656; x_wconf 82' lang='lat' dir='ltr'><strong>meuse</strong></span> <span class='ocrx_word' id='word_1_341' title='bbox 428 2616 619 2657; x_wconf 87' lang='lat' dir='ltr'><strong>Ianuario</strong></span> <span class='ocrx_word' id='word_1_342' title='bbox 646 2615 703 2656; x_wconf 83' lang='lat' dir='ltr'><strong>A.</strong></span> <span class='ocrx_word' id='word_1_343' title='bbox 734 2616 784 2656; x_wconf 89' lang='lat' dir='ltr'><strong>C.</strong></span> <span class='ocrx_word' id='word_1_344' title='bbox 815 2615 934 2672; x_wconf 67' lang='lat'><strong>¹75⁴-</strong></span> 
     </span>
    </p>
   </div>
  </div>
 </body>
</html>
