1832 3112
306 95 325 129 1
337 75 372 142 4
568 93 920 136 CONSTANrm
973 92 1455 137 PORPHYROGENJTI

150 194 501 252 Εᾱ.ι.9άριστερᾷ
531 193 569 235 οἱ
597 193 853 250 ὄργανάριοι,
881 193 1160 249 εὐφημοῦντες
1187 195 1293 238 κατὰ
1322 197 1448 239 τύπον
1464 196 1562 246 τούς
1583 194 1730 240 δεσπό-

298 276 384 309 τας.
438 261 510 301 καί
547 254 627 300 εἶθ’
656 255 786 306 οὕτως
826 257 981 311 γίνεται
1022 257 1125 314 δοχὴ
1153 260 1325 316 τετάρτη
1352 259 1433 312 ἔξω
1459 262 1532 304 τοῦ
1559 264 1730 316 καγκέλ-

300 330 376 367 λου
405 325 475 380 τῆς
498 325 666 379 χαλκῆς,
695 325 767 364 καί
797 324 963 377 δέχεται
989 325 1120 367 ἐκεῖσε
1149 324 1173 367 ὅ
1203 324 1418 381 δήμαρχος
1436 329 1521 370 τῶν
1546 330 1732 370 Βενέτων

303 389 410 444 μετὰ
439 392 514 432 τοῦ
542 387 676 444 δήμου
705 389 781 429 τοῦ
809 390 969 442 λευκοῦ,
999 390 1186 444 δηλονότι
1212 385 1388 434 ὄπισθεν
1413 394 1487 434 τοῦ
1514 391 1732 449 δημάρχου

299 454 526 508 ἱσταμένου
546 452 619 494 καί
642 454 715 495 τοῦ
736 452 1047 508 δευτερεύοντος
1064 454 1213 508 αὕτοῦ,
1221 457 1295 498 καί
1305 455 1359 497 τὰ
1380 453 1472 512 ἑξῆς
1487 459 1760 507 ἐπιτελεῖταις

309 517 456 568 καθώς
485 519 739 574 προείρηται.
773 519 846 559 καί
877 513 960 559 άπὸ
993 519 1078 560 τῶν
1102 520 1233 562 ἐκεῖσε
1255 518 1414 574 γίνεται
1440 524 1604 578 πέμπτη
1628 520 1733 577 δοχῆ

302 582 383 639 πρὸ
407 585 481 638 τῆς
509 581 692 638 μεγάλης
713 582 845 637 πύλης
863 584 937 638 τῆς
954 581 1230 640 εἰσφερούσης
1255 585 1314 633 εἰς
1331 583 1404 627 τὸν
1430 582 1736 640 αὖγουστέωνα,

303 647 375 690 καὶ
397 649 566 702 δέχεται
590 647 753 690 κάκεῖσε
777 647 799 690 ὃ
834 646 1052 703 δήμαρχος
1074 650 1158 690 τῶν
1181 651 1412 705 Πρασι’νων
1431 650 1538 704 μετὰ
1561 651 1633 693 καί
1659 653 1738 693 τοῦ

305 714 440 768 δήμου
465 714 539 754 τοῦ
574 711 772 768 ῥουσίου,
801 710 997 767 δηλονότι
1021 707 1196 755 ὄπισθεν
1226 715 1302 755 τοῦ
1329 715 1545 771 δημάρχου
1566 715 1739 769 ἱσταμέ-

307 794 382 821 νου
413 776 486 820 καί
521 779 598 819 τοῦ
635 778 953 833 δευτερεύοντος
988 773 1137 831 αὐτοῦ,
1175 778 1250 820 καί
1283 777 1337 820 τὰ
1374 775 1468 835 ἑξῆς
1489 781 1790 822 ἐπιτελεῖταιιο

273 842 451 893 Bata-‘hog
481 841 655 899 εἴρηται.
710 841 784 884 καὶ
824 840 929 895 μετὰ
967 840 1123 898 ταύτην
1155 845 1313 898 γίνεται
1340 847 1434 900 ἕκτη
1463 844 1567 901 δοχῆ
1601 846 1661 894 εἷς
1689 844 1737 886 τὰ

309 909 538 965 ὡρολόγιον
561 910 635 965 τῆς
660 905 784 962 ἁγίας
805 908 977 963 Σοφίας,
1005 909 1078 950 καί
1104 909 1272 963 δέχεται
1293 906 1457 952 κᾶκεΐσε
1479 911 1504 952 ὅ
1525 910 1741 965 δήμαρχος

305 975 390 1015 τῶν
418 975 605 1016 Βενὲτων
629 971 736 1026 μετὰ
763 976 836 1015 τοῦ
861 973 996 1028 δήμου
1017 975 1093 1015 τοῦ
1122 975 1286 1028 λευκοῦ,
1313 974 1386 1017 καὶ
1404 974 1455 1017 τὰ
1479 972 1573 1030 ἑξῆς
1603 977 1741 1017 ἐπιτε-

305 1041 445 1079 λεῖται
473 1036 611 1087 καθώς
649 1036 909 1093 προείρηται.
982 1039 1076 1095 (Θ.)
1116 1038 1211 1080 Καὶ
1234 1037 1315 1080 άπὸ
1340 1041 1424 1082 τῶν
1451 1040 1582 1082 ἐκεῖσε
1606 1039 1742 1096 εἰσέρ-

303 1118 451 1156 χονται
476 1102 516 1144 οἱ
541 1101 741 1145 δεσπόται
764 1101 834 1144 διά
861 1105 937 1159 τῆς
963 1103 1124 1160 ὦραίας
1152 1102 1305 1159 πύλης,
1343 1103 1417 1147 καὶ
1436 1100 1794 1162 ἇποστέφονταιιό
1821 1097 1826 1102 ’

304 1166 388 1209 ὑπὸ
431 1170 514 1210 τῶν
556 1169 841 1223 πραιποσίτων
876 1169 994 1212 ἔνδον
1025 1171 1099 1212 τοῦ
1117 1168 1248 1224 βήλου
1276 1171 1352 1212 τοῦ
1385 1172 1646 1227 κρεμαμένου
1685 1172 1744 1220 εἷς

305 1233 380 1288 τὴν
414 1236 632 1290 καμάραν,
670 1229 805 1289 ἤγουν
838 1236 899 1283 εἷς
924 1233 973 1276 τὸ
1003 1233 1262 1291 προπύλαιον
1292 1238 1370 1278 τοῦ
1400 1235 1619 1293 νάρθηκος
1647 1235 1671 1278 ὅ
1697 1238 1746 1278 δὲ

139 1312 205 1345 Ms.
222 1309 309 1348 25‚1›
319 1298 581 1355 πατριάρχης
610 1301 827 1353 ἐκδέχεται
864 1301 925 1349 εἷς
960 1299 1034 1356 την
1071 1300 1204 1354 πύλην
1224 1302 1299 1342 τοῦ
1318 1302 1525 1358 νάρθηκος
1549 1301 1654 1356 μετὰ
1675 1302 1747 1357 τῆς

279 1363 529 1420 οσυνήθους
561 1364 692 1406 αὕτοῦ
718 1363 950 1421 ὑπηρεσίας
970 1367 1042 1407 καί
1060 1362 1237 1419 τάξεως,
1264 1367 1338 1408 καί
1362 1366 1471 1419 μετὰ
1493 1365 1542 1409 τὰ
1573 1367 1748 1409 ἀποστε-

308 1431 469 1486 φθῆναι
526 1428 624 1478 τούς
671 1428 873 1479 δεσπότας
915 1432 1174 1487 εἰσέρχονται
1218 1430 1326 1487 πρὸς
1367 1429 1436 1473 τὸν
1470 1433 1800 1488 πατριάρχην,αο
1830 1462 1832 1467 -

308 1496 383 1536 καί
399 1495 445 1537 ἓν
468 1496 651 1550 πρώτοις
672 1497 752 1548 μὲν
781 1497 1059 1550 προσκυνοῦσι
1086 1489 1134 1537 τὸ
1162 1491 1279 1550 ἅγιον
1319 1491 1561 1551 εὖαγγέλιον
1591 1500 1749 1550 βαστα-

310 1560 480 1613 ζόμενον
513 1558 597 1601 ὖπό
625 1561 699 1602 τοῦ
731 1560 1056 1616 ἅρχιδιακόνου,
1083 1563 1171 1608 καί,
1188 1557 1270 1602 εἶθ)
1305 1557 1438 1610 οὕτως
1462 1564 1750 1618 χαιρετίζουσι

310 1623 385 1666 τὸν
411 1624 699 1680 πατριάρχην,
730 1625 803 1666 καὶ
829 1625 1087 1677 α’σπάζονται
1127 1624 1280 1679 αὐτὸν,
1307 1625 1379 1668 καὶ
1402 1626 1655 1682 ἀπέρχονται
1672 1627 1751 1674 ἕως

315 1690 399 1732 τῶν
426 1691 655 1743 βασιλικῶν
673 1692 845 1744 πυλῶν,
873 1691 1037 1733 κάκεῖσε
1060 1689 1130 1732 διὰ
1159 1692 1233 1746 τῆς
1251 1691 1423 1746 τρισσῆς
1440 1690 1549 1744 μετὰ
1574 1692 1658 1732 τῶν
1677 1707 1752 1744 κη·

315 1756 405 1811 ρῶν
434 1756 751 1811 προσκυνήσεως
781 1755 1162 1813 ἄπευχαριστοῦσιν
1189 1758 1245 1813 τῷ
1273 1757 1388 1813 Θεῷ,
1422 1755 1497 1798 καὶ
1520 1757 1593 1812 τῆς
1624 1751 1804 1811 εὗχῆςαό
1830 1775 1832 1777 ’

414 1878 442 1899 1.
468 1867 621 1900 ΣΧΟΛ.
641 1866 820 1911 Εὔτυχῶς
842 1867 895 1904 εἰς
918 1864 1066 1904 πολλάς
1087 1865 1229 1912 ἑορτάς.
1254 1867 1335 1903 Om.
1359 1866 1399 1899 in
1423 1849 1480 1900 eil.
1505 1865 1585 1899 add.
1614 1866 1656 1902 R.

320 1956 507 1996 Dominis,
546 1961 588 1990 11ι
623 1966 700 1989 mos
745 1961 818 1997 est,
866 1956 984 1990 fausta
1014 1957 1262 1991 acclamantes.
1326 1956 1386 1989 sie
1426 1966 1565 1996 Qum-u
1590 1956 1751 1999 receptio

322 2007 424 2034 extra
460 2002 636 2035 cancellos
661 2001 802 2035 chalces
851 2002 912 2043 fit,
966 2008 1004 2036 et
1032 2003 1255 2036 Venetorum
1286 2001 1453 2035 trIbuuus
1499 2013 1580 2035 cum
1622 2002 1753 2035 factio-

322 2058 370 2080 ne
402 2046 507 2087 alba,
542 2052 660 2081 stante
694 2049 834 2082 scilicet
862 2059 884 2080 a
907 2053 1006 2094 tergo
1030 2049 1188 2089 tribuni,
1233 2059 1387 2093 cumque
1416 2059 1483 2089 eo,
1527 2050 1592 2094 qui
1623 2058 1753 2081 secun-

326 2092 412 2126 dum
436 2094 480 2126 ab
514 2094 592 2138 ipso
616 2094 735 2128 locum
760 2099 883 2135 tenet,
921 2095 1097 2128 Dominus
1133 2095 1288 2138 excipit,
1329 2099 1518 2140 ceteraque
1567 2099 1609 2127 ut
1648 2104 1754 2137 supra

326 2141 528 2184 expositum
561 2145 615 2173 est
661 2142 811 2186 peragit.
859 2141 948 2175 Inde
977 2152 1108 2182 Qmuu
1130 2141 1289 2185 receptio
1319 2141 1362 2174 fit
1400 2146 1483 2174 ante
1513 2145 1654 2186 portam
1676 2151 1753 2172 ma-

326 2197 432 2230 gnam
467 2187 678 2231 augustalis,
721 2187 786 2220 ubi
809 2187 976 2232 princeps
1000 2187 1226 2221 Prasinorum
1259 2197 1340 2219 011111
1362 2187 1520 2220 factione
1542 2197 1661 2226 tussa,
1683 2186 1754 2218 sci-

325 2231 416 2267 licet
437 2244 532 2277 pone
556 2233 673 2277 ipsum
696 2233 873 2274 adstante,
898 2245 1048 2279 cumque
1072 2245 1135 2274 eo,
1168 2234 1232 2280 qui
1253 2233 1571 2273 secundas'tenem
1606 2232 1753 2276 excipit,

328 2284 517 2324 ceteraque
579 2285 620 2312 ιιι
669 2280 804 2313 (1ἰοι11111
839 2285 894 2313 est
971 2285 1170 2326 eraguntur.
1236 2279 1319 2312 Post
1353 2279 1465 2323 ipsam
1514 2289 1617 2311 snxTA
1650 2289 1754 2311 rece-

327 2325 407 2371 ptio
433 2326 470 2358 in
494 2325 680 2371 horologio
703 2332 847 2360 sanctae
872 2291 1026 2369 Sopssiae
1059 2327 1118 2367 fit,
1161 2331 1199 2360 et
1227 2325 1394 2370 princeps
1428 2325 1650 2359 Venetorum
1674 2335 1754 2358 cum

329 2372 486 2405 factione
510 2372 592 2405 alba
614 2378 756 2416 praesto
781 2378 847 2413 est,
875 2379 1065 2418 ceteraque
1089 2377 1131 2405 ut
1163 2382 1271 2416 supra
1308 2371 1536 2414 exposuimus
1562 2370 1755 2415 perficiun-

329 2423 399 2451 tur.
448 2418 537 2464 (lx.)
574 2419 668 2451 Hinc
687 2430 751 2464 per
777 2423 914 2464 portam
946 2420 1142 2464 speciosam
1166 2418 1315 2451 Domini
1345 2423 1547 2457 transeunt,
1578 2416 1709 2463 quibus
1732 2426 1754 2448 a

330 2466 544 2509 praepositis
587 2465 682 2498 intra
715 2466 834 2499 velum
885 2466 923 2498 in
948 2477 1085 2498 camera
1117 2476 1180 2498 seu
1205 2465 1245 2496 in
1268 2464 1360 2496 atrio
1386 2463 1566 2497 narthecis
1602 2472 1754 2506 311811011-

332 2522 410 2543 sum
436 2522 566 2544 corona
595 2511 776 2545 adimitur.
824 2511 1024 2546 patriarcha
1048 2522 1130 2544 vero
1153 2511 1192 2544 in
1228 2515 1330 2554 porta
1360 2509 1538 2543 narthecis
1563 2519 1642 2542 cum
1668 2519 1755 2541 con-

333 2561 434 2589 sueto
459 2569 522 2590 suo
546 2557 745 2591 ministerio
770 2562 806 2591 et
831 2557 957 2591 ordine
981 2569 1041 2591 eos
1065 2557 1213 2601 excipit,
1247 2556 1292 2590 ad
1317 2567 1434 2602 quem,
1458 2567 1587 2590 corona
1610 2553 1756 2598 deposi-

333 2607 382 2642 ta,
408 2604 553 2637 Domini
578 2603 726 2643 intrant,
752 2605 979 2650 primumque
1004 2604 1095 2637 flexo
1124 2614 1228 2647 genu,
1264 2607 1423 2635 sanctum
1446 2602 1666 2647 evangelium
1706 2599 1755 2632 ab·

335 2648 584 2684 archidiacono
615 2655 797 2694 portatum
845 2655 1079 2694 venerantum
1123 2647 1252 2683 deinde
1276 2648 1512 2694 patriarcham
1535 2648 1692 2682 salutant
1715 2650 1757 2678 et
