1832 3112
200 115 274 157 DE
309 113 453 157 VITA,
476 112 545 155 ET
580 113 750 156 REBUS
793 111 976 154 GEsns
1010 110 1384 154 CONSTANTINI.
1460 114 1554 153 Lm

115 229 220 269 nus,
238 219 362 266 ‹inter
393 224 525 258 ceta-a
564 215 616 256 de
652 215 850 256 servanda
886 216 1090 255 maiestate
1125 221 1336 270 praecepta
1350 243 1363 264 ‚
1398 211 1523 252 filium
1540 243 1553 263 ,

117 287 170 314 ne
194 272 264 316 illa
291 287 470 327 unquam
497 279 719 324 expeteret,
746 271 998 310 admonuerit
1014 271 1067 320 ί).
1126 271 1238 309 Missi
1265 282 1358 309 cum
1375 267 1479 321 Elga
1499 282 1555 307 sa-

117 328 299 373 cerdotes
314 357 328 379 ,
355 329 427 382 qui
453 327 647 366 deformia
674 325 887 365 simulacra
908 355 921 375 ‚
949 324 1181 378 cultumque
1199 355 1213 375 ‚
1241 325 1399 378 penitus
1426 322 1557 362 abole-

118 390 224 422 rent.
279 382 349 423 An
383 382 454 421 diu
490 396 588 435 gens
628 383 832 434 promissis
868 382 1021 419 steterit
1038 409 1051 429 ‚
1091 381 1304 419 incertum.
1361 378 1561 430 Traditur

118 438 227 477 fima
243 466 257 487 ‚
289 439 444 478 venisse
470 438 677 476 interiecto
702 443 883 488 tempore
909 435 960 473 ad
989 436 1182 474 Ottonem
1210 436 1316 488 Imp.
1345 448 1370 473 a
1395 435 1520 488 Rugis
1543 463 1556 484 ‚

119 507 192 533 seu
221 493 359 532 Russis
373 521 387 543 ,
414 500 616 540 oratores,
645 493 715 545 qui
742 491 946 530 doctrinae
964 490 1212 529 Christianae
1237 491 1472 542 interpretes
1491 502 1559 541 po-

120 546 219 601 pulo
258 555 488 600 expeterent
501 562 513 586 :
551 545 666 586 facile
704 548 889 585 annuisse
930 546 1123 583 Ottonem
1138 574 1151 595 ,
1193 552 1232 584 et
1260 544 1524 583 Adelbertum
1545 573 1557 595 ,

121 602 300 655 aliosque
313 631 327 652 ,
355 602 559 655 ablegasse
576 631 588 651 ‚
631 601 701 639 sed
737 614 875 639 omnes
910 614 935 638 a
962 600 1114 652 perfida
1151 606 1269 653 gente
1295 607 1367 638 aut
1390 613 1523 639 caesos
1542 629 1555 650 ‚

121 665 194 698 aut
218 658 329 696 omni
356 656 597 697 contumelia
626 655 788 694 affectos
816 670 923 705 esse,
944 654 1074 693 solum
1086 654 1350 693 Adelbertum
1377 655 1560 695 evasisse.

45 727 50 731 ’
122 713 264 763 Quae,
292 712 385 752 licet
410 726 434 751 a
461 711 720 764 Rheghone,
749 717 889 749 autore
906 723 986 747 non
1004 709 1226 761 indiligenti
1248 738 1260 759 ‚
1280 715 1501 748 memorata
1509 710 1559 762 ²),

121 766 252 807 aliena
279 782 304 807 a
331 781 428 806 vero
442 794 456 816 ,
489 773 559 805 aut
595 765 780 807 confusas
806 779 891 804 esse
917 765 1098 802 nationes
1125 764 1282 802 dissitas
1310 778 1356 802 ac
1384 764 1562 803 diversas

121 823 312 862 arbitror.
370 822 454 860 Cur
481 823 589 861 enim
616 834 699 859 non
725 833 750 858 a
777 821 941 858 Graecis
968 819 1102 871 potius
1123 848 1135 869 ,
1176 832 1299 871 quam
1326 833 1349 857 a
1378 819 1560 868 Latinis,

122 877 243 917 Russi
267 876 490 917 sacerdotes
505 875 772 928 postulassent
785 877 805 912 ?
834 882 904 913 aut
930 875 1020 926 quis
1039 881 1224 912 veterum
1242 880 1451 912 auctorum
1472 873 1562 913 illos

123 933 260 986 Rugos
286 930 531 984 appellavit?
560 930 644 969 Hos
673 929 761 968 loca
787 929 891 968 inter
917 928 1116 967 viadrum
1145 935 1184 967 et
1214 928 1415 967 Vistulam
1443 927 1563 967 fluvi-

127 1001 174 1027 os
193 1015 208 1037 ,
233 987 286 1034 ad
316 988 448 1026 sinum
469 984 679 1024 Codanum
707 991 893 1037 porrecta
912 1013 924 1033 ‚
953 982 1123 1023 coluisse
1140 985 1389 1035 accepimus:
1423 983 1472 1021 ad
1493 983 1566 1022 hos

125 1041 371 1091 Adalbertus
390 1069 403 1090 ‚
445 1041 479 1079 is
517 1042 586 1093 qui
623 1047 763 1093 postea
801 1038 1135 1092 Magdeburgicus
1171 1037 1330 1090 praesul
1373 1038 1474 1088 fixit,
1519 1046 1566 1078 ut

125 1098 448 1149 superstitionem
474 1094 633 1134 foedam
661 1103 701 1134 et
728 1093 918 1133 infamem
945 1095 1190 1147 extingueret
1205 1122 1217 1143 ‚
1247 1094 1425 1131 accessit.
1483 1093 1566 1131 Ne·-

123 1165 204 1204 que
229 1165 295 1190 me
320 1151 559 1203 scriptorum
572 1179 586 1200 ‚
614 1152 685 1204 qui
712 1151 836 1189 secuti
864 1149 1138 1202 Rheginonem
1165 1155 1259 1187 sunt
1271 1148 1318 1198 ³),
1342 1162 1417 1186 nec
1445 1148 1565 1187 Ioan-

124 1207 188 1245 nis
214 1205 439 1246 mabillonii
453 1235 466 1255 ‚
494 1207 631 1259 magni
657 1207 735 1245 viri
763 1205 986 1257 imprimis,
1015 1205 1165 1243 Russos
1190 1205 1292 1242 tanti
1319 1202 1477 1242 sceleris
1497 1217 1565 1242 co-

124 1263 327 1314 arguentis
342 1290 354 1311 ,
382 1262 574 1300 autoritas
600 1268 737 1300 movet
745 1259 794 1309 ⁴).
850 1259 978 1298 Silent
1004 1261 1112 1298 enim
1144 1260 1287 1297 Graeci
1307 1272 1445 1296 omnes
1461 1287 1474 1308 ,
1503 1272 1567 1298 res

123 1316 254 1356 multo
280 1315 450 1355 leviores
475 1317 699 1368 posteritati
735 1313 897 1352 tradere
932 1314 1117 1364 adsueti3
1158 1313 1249 1353 silet
1290 1313 1566 1363 Theodosius,

126 1379 168 1411 et
203 1371 484 1411 Suentoslaum
498 1399 510 1420 ‚
538 1370 665 1424 Elgae
700 1370 852 1418 fllium,
888 1376 928 1408 et
968 1368 1223 1423 laropolcum
1238 1398 1250 1419 ,
1291 1376 1478 1421 nepotem
1501 1397 1513 1417 ,
1544 1382 1570 1408 a

127 1425 357 1473 Christiano
392 1425 503 1466 cultu
531 1425 793 1478 abhorrentes
809 1452 822 1475 ,
863 1423 915 1463 ad
957 1437 1069 1463 sacra
1095 1426 1296 1462 maiorum
1335 1425 1541 1462 transiisse
1555 1451 1568 1473 ,

127 1488 324 1520 memorat
333 1482 381 1534 ⁵).
437 1480 688 1520 Vlodimirus
713 1482 800 1534 ipse
814 1508 828 1528 ‚
880 1492 962 1531 quo
989 1479 1148 1518 nullum
1173 1480 1280 1518 inter
1299 1479 1447 1517 Russus
1474 1476 1568 1516 illu-

129 1537 251 1576 atrius
277 1550 424 1576 nomen
452 1542 512 1575 est
531 1565 544 1586 ,
582 1551 675 1575 cum
714 1550 740 1574 a
773 1534 962 1586 pontifice
987 1533 1107 1588 legati
1126 1564 1139 1584 ‚
1178 1533 1382 1588 religionis
1410 1546 1530 1572 causa
1555 1562 1567 1583 ‚

128 1593 347 1641 venissent,
375 1592 622 1630 Graecorum
648 1590 889 1630 cerimonias
915 1590 1093 1642 recipere
1116 1588 1275 1638 maluit,
1301 1590 1460 1626 iunctus
1482 1587 1570 1625 An-

129 1659 207 1685 nae
224 1675 238 1696 ,
263 1647 436 1685 Romani
462 1646 630 1685 iunioris
656 1645 760 1687 filiae
777 1675 789 1696 ‚
819 1643 960 1682 Ottoni
989 1645 1225 1698 Imperatori
1253 1650 1371 1682 antea
1397 1642 1570 1694 despon-

132 1708 265 1749 satae,
292 1701 507 1740 connubio.

241 1754 322 1793 xl.
378 1755 489 1793 Inter
524 1753 624 1802 baec
651 1752 1011 1806 Langobardorum
1025 1782 1037 1802 ‚
1083 1753 1153 1806 qui
1191 1752 1266 1791 soli
1306 1752 1497 1790 hactenus
1528 1751 1571 1788 in

133 1808 342 1849 occidente
366 1808 486 1848 fidem
513 1815 552 1847 et
586 1808 823 1861 obsequium
862 1815 1069 1848 servarant
1084 1837 1096 1856 ‚
1137 1807 1290 1846 tributa
1330 1806 1571 1858 Imperatori

133 1865 348 1917 quotannis
374 1863 581 1904 solverant
594 1862 651 1915 ⁶),
690 1863 858 1904 defectio
882 1862 1165 1903 nunciabatur.
1221 1861 1389 1901 Dudum
1417 1873 1571 1899 exarse-

173 1972 276 2019 1)De
293 1972 492 2007 administr.
514 1974 641 2018 Imper.
662 1985 735 2020 cap.
753 1971 847 2007 xm.
874 1974 966 2018 p.65.
986 1973 1071 2006 edit.
1087 1970 1198 2004 Band.
1273 1971 1309 2016 2)
1324 1969 1378 2004 Ad
1407 1980 1463 2002 an.
1491 1970 1571 2013 959.

226 2020 392 2100 33⁵5>ssss
393 2019 597 2110 ³30⁵1⁰2¹1¹2¹ss
618 2068 661 2100 32
672 2019 813 2100 ³2?ss?
817 2020 951 2100 {3¹2³ssss
978 2015 1298 2109 ⁶5¹¹‘⁰¹²·⁵³3¹}:“'1‘¹3?;
1322 2015 1575 2107 95593-13332

167 2144 169 2146 .
225 2112 266 2159 6)
281 2111 466 2146 Constant.
478 2080 815 2158 deAdminJmperii
828 2126 855 2147 c.
867 2124 920 2158 ²7·
932 2079 1255 2159 pgafiedssandur.
1282 2107 1387 2142 Μετὰ
1407 2102 1447 2142 τό
1465 2107 1574 2142 ἄνελ-

224 2161 314 2192 θεῒν
343 2157 385 2192 ‘td
411 2160 605 2203 βασίλειον
633 2159 676 2193 ἐν
698 2159 1103 2193 Κωνστιιντινουπόλει
1139 2155 1436 2196 διεμερίσθησαν
1457 2155 1575 2187 ταῦτα

223 2204 351 2241 πάντα
378 2207 432 2243 εἰς
464 2200 588 2250 ἀρχὰς
611 2195 702 2246 δύοζ
743 2206 782 2245 ἐξ
815 2199 864 2239 οὗ
895 2208 959 2239 καὶ
993 2197 1096 2251 παρὰ
1134 2191 1204 2236 mii
1234 2187 1499 2246 βασιλεύοντος
1533 2200 1575 2233 ἐν

150 2284 154 2286 .
225 2252 633 2286 Κωνσταντινουπόλει
682 2250 952 2287 ἀπεστέλλοντο
995 2252 1197 2295 πατρίκιοι
1228 2248 1319 2288 δύο,
1354 2250 1418 2282 καὶ
1451 2247 1472 2281 ὁ
1501 2246 1574 2293 μὲν

226 2293 281 2334 εἷς
318 2301 518 2341 πατρίκιος
553 2297 707 2343 ἐκράτει
734 2292 805 2341 τὴν
835 2300 1017 2332 Σικελίαν
1047 2299 1111 2331 καὶ
1136 2289 1204 2340 ''l'‘
1234 2296 1479 2340 Καλαβρίαν,
1509 2293 1575 2326 καὶ

225 2342 296 2386 τὴν
325 2345 547 2386 Νεάπολιν,
569 2347 634 2379 καὶ
654 2344 875 2391 ᾎααλφῆν,
899 2344 922 2378 ὅ
945 2344 986 2378 δὲ
1007 2344 1134 2389 ἕτερος
1154 2345 1355 2388 πατρίκιος
1379 2340 1571 2379 ἐκαθέζετο

227 2391 283 2427 εἰς
309 2389 561 2435 Βενεβενδὸν,
606 2394 672 2425 καὶ
703 2393 853 2435 ἐκράτει
879 2383 948 2433 τὴν
979 2394 1165 2431 llantur,
1197 2391 1261 2422 καὶ
1291 2382 1360 2431 τὴν
1386 2387 1573 2425 Κάπυαν,

228 2437 295 2471 καὶ
315 2431 501 2471 uilem&
542 2436 678 2472 πάντα.
725 2441 804 2472 Καὶ
829 2438 976 2472 ἐτέλεον
1008 2439 1159 2473 κατέ-τος
1191 2437 1244 2479 τῷ
1269 2435 1420 2478 βασιλεῖ
1440 2429 1484 2466 τὰ
1510 2441 1574 2467 νε-

229 2485 444 2530 νομισμένα
454 2486 507 2529 τῷ
528 2483 705 2530 δημοσίῳ.
756 2485 937 2529 occupata
961 2483 1276 2528 Langobardorum
1299 2481 1404 2514 armis
1422 2484 1573 2525 utraque

228 2530 435 2574 provincia,
460 2530 584 2565 eadem
616 2531 728 2564 facies
753 2531 920 2575 imperii,
945 2529 1082 2563 tributa
1112 2528 1237 2563 eadem
1259 2537 1432 2559 mansere.
1478 2524 1576 2558 Hinc

232 2576 458 2620 Nicephorus
487 2576 577 2622 Imp.
605 2575 792 2623 capuanos
820 2582 858 2610 et
886 2578 1157 2610 Beneventanos
1186 2585 1313 2609 servos
1341 2584 1444 2611 suos,
1469 2581 1570 2616 &5¹⁰³

233 2631 357 2656 eorum
388 2634 455 2656 sua
495 2622 678 2663 themata,
714 2635 808 2669 quae
848 2623 918 2656 sibi
956 2623 1058 2656 nullo
1103 2625 1182 2656 iure
1225 2623 1449 2664 arrogassent
1480 2617 1575 2666 ipsi,

232 2668 402 2716 appellat.
450 2668 492 2702 V.
525 2669 737 2715 Luitprand.
774 2670 894 2716 Legat.
936 2663 1084 2714 1).ιῖιᾷ
1123 2667 1196 2714 147.
