1878 3112
342 81 453 147 420
568 117 574 124 -
618 98 972 141 coNsTmlNl
1010 96 1492 142 PoRPHYnoGENm

342 205 443 250 λεως
469 201 755 256 πατριάρχου,
793 200 866 239 καί
887 200 1190 254 προκειμένων,
1235 201 1293 250 αἷς
1320 200 1506 258 εἴρηται,
1527 199 1768 256 ’τῶνᾶγάυν

341 268 508 320 λογιὶυν,
551 266 745 318 γενέσθαι
785 262 859 318 την
885 262 1102 318 ἒπιλογὴν,
1141 265 1206 320 ἐφ’
1235 260 1313 323 ᾧτε
1339 268 1498 320 μηδένα
1524 267 1630 321 μηδὲ
1659 268 1773 321 aptal-

149 338 333 384 Ed.L.244
345 348 406 382 ας,
433 331 540 384 μηδὲ
568 328 741 384 ἔχθρας,
769 330 876 383 μηδὲ
904 330 1080 379 σκοποῦ,
1109 331 1215 384 μηδὲ
1243 333 1481 384 συγγενίας,
1509 333 1617 386 μηδὲ
1645 327 1770 373 ἄλλον

337 394 448 443 τινὸς
475 395 583 436 ἰδίου
611 395 882 448 μεμνημένον,
914 394 1004 434 ἀλλ’
1031 391 1179 448 ἔχοντα
1207 394 1396 451 καθαρὸν
1422 394 1467 437 τὸ
1493 395 1680 445 συνειδὸς
1701 399 1775 438 καί

341 457 436 501 ὅλον
473 457 577 512 πρὸς
602 457 675 500 τὸν
717 457 916 513 δεσπότην
947 456 1054 500 Θεὸν
1090 458 1304 512 νενευκὸς,
1349 457 1476 508 οὕτως
1513 460 1798 514 ποιήσασθαι5

145 523 414 584 Μ3,,64,ι)τῆν
441 523 646 578 ἐπι-λογήν.
702 523 843 579 ἐπειδη
871 519 967 576 οὖν,
1011 523 1067 572 ὥς
1094 525 1166 565 καί
1191 525 1216 579 ἡ
1244 524 1424 581 ὑμετέρα
1452 526 1617 581 καθορᾷ
1644 529 1772 566 καθο-

338 591 512 642 σίωσις,
540 587 587 630 τὸ
615 590 785 645 πρᾶγμα
811 591 918 643 μέγα
946 588 1019 630 καί
1044 588 1143 644 περὶ
1177 592 1374 644 κοσμικῆς
1401 588 1614 645 πρόκειται
1641 608 1773 646 σωτη-

338 657 455 711 ρίας,
499 655 698 710 προσήκει
731 653 804 709 την
847 655 1056 708 ὑμετέραν
1090 657 1343 696 καθοσίωσιν
1379 653 1528 710 μικρὸν
1564 656 1770 707 ἐνδοῦναι,

340 717 446 762 (ὅστε
474 721 546 761 καί
573 718 648 774 την
675 720 841 774 κηδείαν
867 720 942 760 τοῦ
968 723 1040 777 τῆς
1067 720 1188 768 θειάς
1215 716 1368 773 λήξεως
1397 718 1587 773 Ζήνωνος
1613 722 1771 775 προβῆ-

339 801 410 827 ναι
437 783 636 836 δεόντως,
667 786 740 825 καί
763 782 820 838 μὴ
850 785 895 825 ἐκ
923 786 1155 839 προπετοῦς
1182 785 1373 838 ε’πιλογῆς
1401 785 1596 837 γενέσθαι
1623 801 1663 826 τι
1690 801 1819 837 pce-10

339 853 538 903 ταμελίας
566 844 718 900 ἅξιον.”
773 847 852 891 ὑπὸ
883 848 1044 890 πάντων
1072 847 1236 903 ε’κράγη·
1293 847 1428 900 »καλὰ
1458 848 1602 902 πάσχα
1629 850 1683 906 τῇ
1711 850 1770 891 οἰ-

341 917 534 972 κουμένῃ,
564 916 756 965 εὐταξίαν
782 915 854 955 καί
881 911 1080 968 εὐθηνίαν
1108 916 1159 971 τῇ
1185 912 1316 958 πόλει.
1365 911 1495 955 πολλὰ
1522 912 1573 955 τὰ
1600 912 1672 968 ἔτη
1699 917 1772 969 τῆς

338 977 584 1033 αὖγούστας.
637 978 717 1029 ἔξω
744 978 844 1032 βάλε
873 978 944 1020 τὸν
971 981 1146 1033 κλέπτην
1174 976 1354 1032 ἔπαρχον
1368 979 1426 1034 ’τῇ
1453 977 1584 1020 πόλει·
1639 976 1770 1020 πολλὰ

296 1044 385 1088 Bw}
424 1043 495 1099 ἔτη
532 1046 603 1099 τῆς
628 1046 886 1099 βασιλίσσης.
941 1042 1100 1097 Κύριε,
1141 1043 1247 1098 ζωὴν
1283 1043 1412 1099 αὐτῇ·
1469 1039 1545 1086 ὅλα
1571 1042 1625 1086 τὰ
1662 1045 1768 1086 καλὰ

338 1110 410 1152 ἐπὶ
435 1111 514 1151 σοῦ
540 1111 720 1163 γένηται,
747 1106 956 1161 εΡιομαῑά,
985 1109 1025 1149 εἰ
1051 1108 1173 1149 οὐδὲν
1201 1109 1316 1157 ξένον
1339 1103 1456 1158 αὔξει
1482 1106 1662 1162 τὸγένος
1688 1110 1824 1157 τῶνι5

332 1164 569 1226 ιΡωμαίων.
625 1171 672 1214 τὸ
701 1174 915 1226 βασίλειον
954 1170 1029 1214 σόν
1056 1173 1178 1225 ἐστιν,
1212 1169 1411 1227 Ἀριάδνη
1441 1171 1662 1226 αὖγούοτα.
1714 1171 1766 1214 οὐ

337 1240 489 1295 νικᾷς.”
521 1235 753 1293 ἆπόκρισισ·
782 1238 1144 1291 ,,εὕχαριστοῦμεν
1171 1239 1229 1294 τῷ
1256 1236 1431 1293 δεσπότῃ
1450 1238 1554 1294 Θεῷ,
1582 1234 1646 1279 ὅτι
1666 1237 1770 1279 πάν-

337 1320 390 1345 τα
398 1336 412 1355 ‚
457 1297 536 1344 ὅσα
563 1302 662 1354 ὑμῖν
690 1303 801 1343 ἐστιν
828 1303 900 1342 καί
925 1302 1191 1356 συμφέροντα
1229 1303 1303 1342 καί
1327 1302 1594 1355 καταθύμια,
1635 1305 1768 1344 ταῦτα

337 1369 412 1408 καί
435 1365 515 1422 πρὸ
543 1368 624 1408 τῶν
652 1366 860 1420 ὑμετέρων
893 1364 1094 1420 αἰτήσεων
1132 1367 1192 1413 εἰς
1230 1364 1303 1407 τὸν
1339 1368 1436 1407 νοῦν
1465 1364 1539 1408 τὸν
1565 1367 1767 1422 ἡμέτερον

337 1431 505 1487 ἔρχεται
543 1431 616 1472 καὶ
648 1432 905 1485 πληροῦται,
959 1428 1137 1485 καὶγὰρ
1177 1429 1257 1485 πρὸ
1302 1432 1372 1485 τῆς
1400 1431 1584 1472 ἐνταῦθα
1611 1428 1823 1479 οἷνόδουῃο

339 1494 576 1543 συνιδόντες
600 1494 774 1551 χρῄζειν
807 1492 885 1549 την
911 1493 1116 1549 ὖμετέραν
1152 1493 1404 1536 καθοσίωσιν
1430 1492 1584 1550 α’νδρὸς
1610 1493 1770 1552 ἔμφρο-

336 1628 577 1673 patriarcha,
600 1629 813 1664 electionem
837 1627 1083 1675 conficerent,
1121 1628 1175 1662 sic
1199 1636 1239 1662 ut
1261 1640 1363 1662 nemo
1386 1638 1449 1663 seu
1472 1628 1681 1668 amicitiae,
1706 1641 1770 1664 seu

339 1674 430 1715 odii,
443 1686 507 1708 seu
517 1676 732 1709 intentionis
756 1675 915 1708 alicuius
938 1675 1143 1709 remotioris
1155 1687 1222 1720 pro
1235 1674 1406 1720 paranda
1429 1674 1499 1707 sibi
1510 1686 1578 1708 sua
1596 1675 1767 1720 fortuna,

338 1732 402 1753 seu
421 1720 621 1766 affinitatis
656 1721 815 1755 ulliusve
852 1721 949 1754 alius
974 1721 1222 1766 cuiuscunque
1246 1720 1391 1754 tandem
1413 1721 1586 1766 privatae
1610 1723 1769 1755 rationis

339 1767 381 1799 in
405 1766 472 1800 hoc
496 1769 641 1811 negotio
664 1768 888 1806 meminerit,
913 1778 1061 1813 eamque
1086 1769 1127 1799 in
1150 1778 1293 1802 censum
1317 1765 1527 1807 admiserit,
1551 1766 1617 1800 sed
1637 1769 1678 1800 ut
1702 1767 1770 1799 ha-

339 1812 426 1845 bens
459 1815 708 1859 unusquisque
736 1824 960 1859 servansque
987 1824 1117 1857 puram
1152 1814 1438 1852 conscientiam,
1471 1821 1507 1846 et
1541 1823 1635 1859 quae
1661 1813 1769 1848 unice

339 1856 391 1889 ad
411 1859 604 1891 Dominum
616 1860 730 1892 Deum
752 1859 949 1903 respiciat,
974 1859 1184 1892 electionem
1197 1858 1382 1906 conficiat.
1433 1861 1613 1900 Quoniam
1637 1859 1766 1903 igitur,

338 1911 378 1937 ut
401 1913 525 1937 vestra
551 1916 692 1950 quoque
719 1906 888 1938 maiestas
913 1903 1015 1938 videt
1030 1929 1039 1944 ‚
1063 1905 1244 1949 negotium
1269 1905 1336 1938 hoc
1359 1906 1485 1951 magni
1510 1904 1679 1938 momenti
1700 1912 1768 1945 est,

338 1957 373 1983 et
396 1948 440 1983 de
464 1951 580 1983 salute
604 1952 716 1984 totius
741 1958 922 1984 terrarum
945 1951 1042 1984 orbis
1070 1951 1216 1994 agitur,
1240 1949 1343 1984 decet
1369 1959 1526 1984 vestram
1547 1951 1770 1984 maiestatem

338 1995 511 2028 nonnihil
534 1998 715 2039 remittere
747 2007 954 2043 moramque
988 1995 1159 2040 temporis
1192 1995 1388 2030 concedere
1405 2021 1415 2035 ,
1433 1995 1549 2030 donec
1571 1996 1768 2042 exsequiae

337 2041 500 2073 Zenonis
523 2041 676 2075 divinae
707 2042 814 2075 sortis
847 2041 966 2075 debito
999 2040 1104 2075 modo
1134 2050 1306 2085 peractae
1327 2041 1493 2085 fuerint‚·
1517 2052 1561 2074 ne
1586 2053 1633 2074 ea:
1653 2053 1766 2087 prae—

337 2086 492 2130 cipitata
515 2088 758 2121 tumultuaria
781 2087 956 2121 electione
981 2094 1227 2132 argumentum
1244 2089 1492 2132 poenitentiae
1513 2087 1764 2121 subnascatur.

337 2131 595 2165 Acclamabant
631 2144 774 2165 omnes:
801 2133 994 2166 Pulchrum
1029 2131 1167 2165 Pascha
1193 2131 1272 2176 [seu
1299 2134 1375 2166 dies
1400 2133 1546 2166 festivus
1573 2138 1610 2166 et
1647 2134 1764 2167 laetus

337 2175 398 2209 hic
432 2178 508 2223 est]
550 2178 630 2211 orbi
651 2187 840 2212 terrarum.
889 2180 1027 2212 Bonum
1051 2176 1216 2210 ordinem
1234 2186 1288 2211 .et
1306 2181 1583 2223 prosperitatem
1608 2179 1697 2213 Urbi
1721 2178 1764 2224 [o

337 2223 434 2255 Deus
464 2223 634 2270 largire]!
680 2225 816 2258 Multos
843 2236 959 2256 annos
983 2225 1177 2267 Augustae.
1229 2226 1359 2257 Amove
1379 2224 1506 2270 furem
1530 2225 1633 2258 illum
1653 2237 1766 2269 prae-

327 2269 466 2314 fictum
496 2270 593 2303 Urbi.
651 2271 762 2303 Multi
794 2270 869 2302 sint
893 2271 986 2302 anni
1001 2269 1274 2313 Imperatricis!
1297 2271 1463 2310 Domine,
1488 2270 1600 2303 vitam
1623 2272 1719 2316 ipsi!
1741 2284 1767 2306 ο

338 2316 524 2354 Romana,
550 2317 672 2348 omnia
689 2323 787 2349 recta
811 2323 847 2347 et
879 2315 1034 2359 pulchra
1058 2323 1176 2352 erunt,
1201 2323 1234 2349 te
1256 2325 1450 2360 regnante,
1473 2318 1508 2349 si
1535 2319 1767 2360 peregrinum

339 2360 435 2393 nihil
458 2370 565 2405 auget
588 2373 772 2394 numerum
795 2361 948 2394 Romani
976 2360 1130 2404 generis.
1177 2360 1369 2406 Imperium
1393 2370 1491 2396 tuum
1515 2370 1577 2395 est.
1602 2363 1766 2398 Ariadne

338 2409 520 2450 Augusta,
545 2416 585 2441 tu
610 2409 746 2440 vincas.
774 2408 898 2450 Resp.:
927 2407 1074 2439 Gratias
1098 2407 1236 2449 agimus
1259 2408 1352 2446 Deo,
1378 2407 1479 2455 quod
1499 2408 1644 2448 omnia,
1668 2420 1764 2456 quae

339 2452 440 2485 vobis
463 2459 499 2486 et
521 2453 713 2498 conserunt
735 2461 770 2486 et
796 2451 986 2491 arrident,
1021 2453 1130 2485 etiam
1155 2453 1283 2492 nobis,
1323 2455 1381 2487 vel
1405 2463 1489 2487 ante
1516 2463 1655 2487 vestras
1675 2467 1764 2500 sup-

337 2498 557 2543 plicationes
573 2523 582 2539 ,
615 2500 656 2532 in
682 2507 829 2532 mentem
866 2500 1040 2536 veniant,
1066 2505 1101 2530 et
1112 2497 1278 2544 firmiter
1301 2498 1546 2534 decernantur
1565 2500 1765 2546 perficien-

339 2542 400 2580 da.
423 2544 516 2577 Nam
542 2553 575 2579 et
597 2552 791 2589 antequam
811 2543 879 2576 huc
904 2542 1197 2583 ascenderemus,
1226 2544 1313 2578 bene
1335 2547 1465 2590 gnari,
1490 2555 1630 2580 vestrae
1651 2547 1764 2581 maie-

338 2591 427 2624 stati
450 2601 537 2635 opus
560 2602 632 2624 esse
666 2591 761 2632 viror
770 2589 948 2634 prudente
963 2615 972 2629 ‚
1015 2589 1107 2636 qui,
1137 2598 1175 2621 ut
1196 2591 1297 2624 vobis
1319 2591 1406 2625 bene
1431 2592 1505 2631 sit,
1529 2591 1740 2637 provideret

338 2637 600 2679 praevertimus
635 2645 669 2670 et
701 2636 977 2681 praecurrimus
1014 2643 1151 2668 vestras
1173 2647 1317 2680 preces,
1341 2646 1376 2671 et
1400 2635 1640 2679 decrevimus,
1664 2618 1764 2684 quod
