1878 3112
327 160 403 201 DE
438 155 701 201 caumont.
734 154 916 197 Auum
941 154 1170 196 num.
1203 155 1258 196 11.
1285 156 1354 200 52.
1451 135 1560 209 703

119 261 248 315 τέραν
283 255 500 314 ἀμάθειαν
525 261 601 314 τῆς
643 257 843 315 ἀκριβοῦς
868 256 1031 301 τούτων
1056 255 1334 312 καταλήψεως
1356 254 1434 312 τὴν
1460 270 1565 310 συγ-

118 324 291 383 γραφὴν
326 323 614 383 ἐξῃτήσασθε,
653 322 752 368 ὅσον
794 326 854 383 τῷ
894 325 953 382 νῷ
989 324 1189 379 ἀμυδρῶς
1227 323 1275 365 ἐκ
1308 324 1394 364 τῶν
1419 320 1565 378 πρώην

119 393 364 446 ἐγκειμένων
422 389 497 433 καί
529 392 605 433 νῦν
644 392 940 447 πραττομένων
980 393 1220 445 περιλαβεῖν
1270 383 1562 444 ἠδυνήθημεν,

117 458 169 514 τῇ
197 457 375 516 ὖμετέρᾳ
403 455 522 514 φιλίᾳ
550 457 794 512 περιφανῶς
831 457 1098 509 «ἔκ-τιθέμεθα.
1153 455 1310 497 εἰδέναι
1345 453 1426 509 γὰρ
1456 453 1567 508 ὗμᾶς

91 522 386 577 5βουλόμεθα,
426 518 460 565 ὦ
499 521 642 580 φίλοι,
683 518 747 564 ὅτι
789 523 906 564 πᾶσα
944 523 1023 575 μὲν
1049 523 1208 576 τεχνῶν
1234 521 1438 576 ἐπιστήμη
1464 519 1758 580 πρόςΕᾱ.1..4οῚ

119 604 164 630 τι
205 583 436 645 εὔχρηστον
463 591 580 638 τέλος
616 589 698 631 τῶν
741 589 787 630 ἐν
821 589 882 645 τῷ
922 589 1001 646 βίῳ
1034 588 1294 643 συνέστηκεν.
1348 586 1374 642 ἦ
1404 587 1451 629 δὲ
1477 589 1563 630 τῶν

119 656 371 710 α’ρτικλινῶν
416 651 625 710 ἐπιστήμη
664 655 710 697 ἐν
747 652 890 695 οὖδενί
926 649 1039 712 ἄλλῳ
1065 652 1113 695 τὸ
1148 649 1380 708 εὔχρηστον
1407 654 1572 696 δείκνυ-

118 736 214 773 σιν,
259 719 353 763 ἀλλ’
380 715 408 776 ἢ
434 721 480 762 ἐν
515 723 574 778 τῷ
600 719 715 771 τάξει
749 720 823 762 καί
843 719 1046 762 συστάσει
1084 719 1157 761 καί
1185 715 1356 775 ἀκριβεῖ
1377 720 1571 762 διαθέσει

117 784 196 836 τὰς
220 787 302 829 τῶν
329 782 580 839 ἀξιωμάτων
607 783 816 843 διαφορὰς
845 787 1117 828 διαστέλλειν.
1146 784 1220 827 καί
1245 783 1327 841 γὰρ
1354 787 1469 828 πᾶσα
1494 783 1581 827 πε·-ι

68 851 322 909 ιοριφάνεια
360 854 464 907 βίου
504 847 532 908 ἢ
569 850 734 905 ἔνδοξος
773 852 1025 906 ἀξιωμάτων
1064 849 1163 903 ἀξία
1198 853 1245 894 ἐν
1289 847 1432 894 οιῗδενί
1457 847 1570 910 ἄλλῳ

116 924 204 967 τοῖς
232 917 390 974 δρῶσιν
427 918 710 972 ἐνδείκνυται,
748 918 839 960 ἀλλ’
865 914 894 974 ἢ
922 919 967 960 ἐν
995 918 1048 975 τῇ
1089 917 1231 973 κλήσει
1258 919 1332 974 τῆς
1357 921 1569 973 προκαθε-

117 982 240 1039 δρίας
265 985 340 1039 τῆς
366 985 412 1026 ἐν
439 986 493 1042 τῇ
520 986 695 1043 λαμπρᾷ
721 986 906 1041 τραπέζῃ
937 986 1011 1026 καί
1048 982 1317 1041 περιποθήτῳ
1345 982 1603 1026 austorici-13

115 1064 182 1091 σει
212 1050 298 1092 τῶν
337 1051 594 1107 σοφωτάτων
621 1051 743 1107 ἡμῶν
768 1051 991 1105 βασιλέων.
1039 1053 1081 1093 εἰ
1105 1052 1153 1093 δέ
1179 1065 1244 1099 τις
1270 1050 1317 1092 ἐκ
1342 1051 1419 1105 τῆς
1445 1049 1565 1104 ἡμῶν

116 1111 371 1171 ἀπροσεξίας
397 1114 635 1173 ἐπισφαλὴς
672 1116 946 1172 προσγένηται
989 1114 1195 1171 σύγχυσις
1220 1122 1308 1166 τοῖς
1333 1119 1566 1170 βασιλικοῖς

67 1183 384 1238 ιόκλητωρίοις,
424 1182 474 1224 οὗ
497 1182 628 1236 μόνον
652 1181 729 1232 τοὶς
754 1184 841 1225 τῶν
867 1185 1097 1236 βασιλικῶν
1133 1179 1382 1235 ἀξιωμάτων
1411 1179 1567 1238 ἀρετὰς

116 1254 383 1303 καταριπτεῖ,
432 1245 541 1290 ἀλλὰ
581 1250 656 1291 καί
685 1247 796 1304 ἡμᾶς
837 1245 994 1298 αὗτοὺς
1038 1247 1373 1303 καταγελάστως
1408 1246 1483 1289 καὶ
1518 1247 1571 1289 ἀ-

114 1312 287 1368 χρείους
320 1314 394 1370 τῆς
422 1316 636 1365 διακονίας
664 1317 931 1371 παρίστησιν.
986 1312 1053 1356 διὸ
1084 1309 1185 1368 οὖν,
1233 1315 1460 1370 ἀγαπητοί,
1503 1316 1575 1355 δεῖ

113 1379 230 1435 ἡμᾶς
265 1382 312 1422 ἐν
350 1381 403 1438 τῇ
438 1380 607 1438 τοιαύτῃ
647 1379 858 1435 λαχόντας
911 1380 1126 1430 διακονίας
1165 1382 1356 1436 προσοχῇ
1389 1381 1602 1435 μελέτηςῦ

115 1447 190 1487 καί
222 1445 455 1502 ἐπιστήμης
486 1446 564 1495 τοὶς
605 1447 689 1489 τῶν
726 1446 975 1499 ἀξιωμάτων
1017 1444 1312 1499 κυριοκλησίας
1340 1446 1385 1486 ἐν
1409 1449 1467 1501 τῷ
1496 1448 1633 1492 οἰ-Μι.
1646 1460 1762 1506 2341»

61 1513 210 1568 'antip
237 1511 320 1553 νωῒ
349 1510 646 1567 περιγράφειν,
685 1511 758 1552 καί
782 1509 866 1553 εἶθ’
892 1509 1027 1560 οὕτως
1051 1509 1128 1560 τοὶς
1165 1509 1309 1551 αὐτῶν
1337 1511 1567 1565 διαιρέσεις

115 1575 193 1618 καί
217 1576 528 1631 ὖποδιαιρέσεις
568 1576 642 1618 καί
666 1577 855 1632 ἀκριβεῖς
885 1574 1107 1626 συστάσεις
1133 1577 1338 1631 ἐκφωνεῖν
1361 1576 1435 1617 καί
1459 1576 1568 1618 ἐκτί-

128 1669 157 1678 -.
209 1661 240 1695 7.
267 1654 306 1684 et
330 1661 381 1683 ιο.
399 1648 491 1683 ἄλλο
509 1648 588 1684 cod.
614 1653 652 1682 et
675 1647 731 1682 ed.
881 1661 915 1695 9.
941 1648 1130 1683 διαστέλει
1154 1647 1233 1681 cod.
1257 1653 1297 1682 et
1319 1648 1378 1682 ed.

115 1728 177 1757 tur
202 1722 248 1756 ab
273 1723 419 1769 ingenio
443 1729 567 1757 nostro
593 1722 674 1757 rudi
700 1724 863 1769 quamvis
890 1728 928 1757 et
951 1735 1077 1769 parum
1106 1725 1303 1759 exercitato
1327 1724 1564 1772 scriptionem

115 1769 204 1804 hnic
225 1771 279 1804 rei
303 1770 434 1804 clarius
459 1770 720 1815 intelligendae
745 1771 871 1804 utilem
888 1771 1097 1816 flagitastis,
1121 1773 1302 1806 voluimus
1317 1772 1389 1807 hoe
1403 1783 1563 1818 opuscu-

115 1817 153 1850 lo
177 1823 354 1863 quantum
371 1829 415 1851 ex
439 1817 601 1851 obscuris
627 1818 786 1861 vestigiis
803 1823 964 1851 veterum
974 1818 1209 1853 traditionum
1224 1819 1358 1853 litteris
1374 1823 1563 1867 consigna-

116 1868 233 1897 urum
259 1868 296 1896 et
317 1863 575 1898 hodierna-um
599 1864 904 1897 consuetudinum
929 1867 1072 1912 assequi
1095 1867 1281 1911 potuimus
1296 1892 1307 1908 ,
1334 1873 1476 1911 vestrae
1501 1880 1562 1901 ca-

116 1910 220 1945 risaei
244 1921 434 1955 exponere.
482 1912 524 1945 In
551 1912 759 1944 universum
784 1911 823 1944 id
847 1922 868 1944 a
891 1911 994 1945 vobis
1018 1914 1137 1946 teneri
1159 1914 1292 1955 velim,
1325 1919 1367 1947 ut
1398 1915 1560 1950 omnium

116 1957 250 1991 artium
275 1957 432 2003 cognitio
465 1957 511 1991 ad
547 1958 655 1991 finem
680 1958 840 2003 aliquem
867 1969 952 1992 usus
977 1959 1033 1992 sui
1058 1959 1097 1992 in
1123 1960 1355 2005 quotidianas
1377 1959 1559 1996 humanae

113 2003 214 2037 vitae
235 2014 292 2038 res
315 2004 560 2049 implicantem
583 2003 724 2045 tendit,
761 2006 813 2039 ita
845 2015 991 2052 quoque
1028 2006 1275 2041 articlinorum
1302 2005 1488 2042 scientiam
1514 2009 1559 2042 fl-

114 2060 198 2084 ηοω
222 2050 358 2085 habere
382 2062 501 2092 suum,
525 2056 562 2084 et
586 2051 626 2084 iu
649 2062 692 2085 eo
716 2053 872 2085 maxime
895 2052 952 2084 sui
977 2052 1063 2086 dare
1088 2064 1191 2086 usum
1215 2059 1326 2100 atque
1342 2055 1562 2100 exemplum,

168 2095 216 2130 od
239 2098 469 2132 accuratione
502 2099 625 2132 stricta
658 2098 852 2143 dignitates
884 2100 990 2132 aulae
1015 2100 1172 2134 diversas
1197 2113 1262 2134 suo
1287 2113 1470 2147 quamque
1493 2113 1555 2135 or-

143 2143 223 2185 ine,
248 2155 398 2190 corpore
424 2149 461 2177 et
483 2145 562 2179 loco
588 2145 770 2190 dispescit.
794 2146 950 2180 Illustris
975 2147 1090 2180 omnis
1114 2147 1189 2180 vita
1216 2159 1420 2194 munusque
1445 2160 1554 2182 omne

114 2190 252 2242 gioriac
275 2192 424 2236 plenum
449 2192 488 2224 in
509 2192 612 2226 nulla
637 2203 675 2225 re
706 2204 745 2226 se
768 2193 880 2237 magis
905 2193 1102 2238 spectabile
1126 2194 1374 2239 spectantibus
1401 2195 1556 2229 exhibet

114 2237 300 2284 magisque
326 2238 411 2272 ferit
433 2239 577 2280 oculos,
601 2250 709 2286 quam
736 2239 765 2272 si
790 2238 936 2285 publica
956 2251 1044 2274 voce
1070 2241 1287 2287 praecedere
1309 2247 1347 2274 et
1367 2243 1554 2287 praeside-

116 2285 156 2316 re
183 2285 290 2317 alteri
313 2285 480 2318 inferiori
503 2287 599 2331 apud
623 2286 853 2333 splendidam
869 2286 1030 2321 tabulam
1051 2289 1250 2334 epulasque
1266 2289 1420 2322 multum
1441 2300 1555 2332 expe-

115 2329 202 2362 titas
227 2331 573 2376 sapientissimorum
597 2338 803 2367 nostrorum
818 2335 1079 2379 Imperatorum
1095 2334 1252 2369 iubetur.
1301 2336 1339 2370 si
1361 2335 1450 2380 quid
1468 2346 1555 2379 ergo

116 2376 157 2408 in
180 2377 338 2420 augustis
364 2379 535 2413 conviviis
559 2391 624 2425 per
640 2385 799 2414 nostram
817 2380 997 2426 quandam
1015 2382 1192 2415 incuriam
1216 2387 1253 2415 et
1268 2381 1555 2426 imprudentiam

115 2420 335 2456 obturbetur
357 2432 524 2469 peccetur
552 2439 618 2468 uc,
650 2438 693 2461 eo
717 2439 791 2460 non
813 2430 954 2460 tantum
978 2429 1233 2473 proculcantur
1259 2428 1462 2462 officiorum
1487 2438 1556 2460 cu-

115 2469 262 2502 rialium
284 2471 455 2512 virtutes,
490 2483 528 2506 se
578 2479 615 2508 et
637 2474 706 2520 ipsi
737 2473 909 2507 ridiculos
933 2485 999 2508 nos
1024 2480 1062 2508 et
1089 2476 1234 2520 ineptos
1258 2474 1461 2507 ministerio
1486 2484 1553 2507 ex-

114 2514 295 2549 hibemus.
351 2516 600 2564 Quapropter,
635 2521 761 2560 amici,
795 2526 938 2564 oportet
970 2533 1056 2563 nos,
1088 2522 1127 2555 in
1150 2521 1241 2561 hoc3
1287 2521 1386 2566 quod
1426 2525 1552 2554 nostra

116 2567 214 2595 sorte
237 2563 343 2597 nobis
375 2565 539 2611 contigit,
580 2569 794 2601 constitutos
824 2571 927 2600 tanto
959 2569 1182 2609 ministerio,
1214 2567 1369 2612 primum
1401 2568 1550 2612 quidem

116 2614 255 2642 attenta
280 2621 363 2643 cura
398 2613 594 2646 secundum
623 2615 710 2647 artis
736 2615 832 2657 leges
864 2614 986 2646 animo
1002 2617 1164 2660 propr-ias
1181 2613 1396 2658 dignitatum
1418 2614 1550 2658 appel-

114 2654 271 2689 lationes
296 2658 483 2702 concipere
514 2665 624 2706 atque
663 2661 907 2700 conformare,
943 2665 1019 2694 tum
1043 2673 1126 2695 vero
1153 2659 1369 2705 dignitatum
1397 2659 1552 2694 divisio·-

115 2709 180 2735 nes
204 2702 356 2737 maiores
381 2704 610 2752 minoresque
634 2713 672 2741 et
700 2717 802 2741 veras
827 2708 985 2741 rationes
1008 2709 1199 2742 enuntiare
1222 2711 1334 2753 atque
1357 2716 1550 2751 exponere.

115 2748 294 2794 Antiquas
320 2755 440 2786 autem
465 2763 576 2798 quum
600 2753 861 2789 decreverimus
892 2755 1083 2798 omittere,
1118 2763 1195 2788 non
1227 2752 1377 2799 quidem
1407 2763 1553 2795 omncs,
