1832 3112
251 69 342 107 LIV
503 66 576 108 10.
621 68 786 107 HENR.
828 65 1029 107 LEICHII
1069 64 1464 107 COMMENTATIO

253 175 345 207 rant
372 167 569 206 intestinis
597 167 699 207 odiis
715 198 726 218 ,
757 175 796 206 et
811 196 822 216 ‚
864 166 994 206 divisa
1020 167 1125 206 inter
1151 167 1288 222 plures
1326 169 1507 222 potentia
1521 196 1533 219 ‚
1571 181 1638 208 res
1664 168 1708 207 in

240 237 459 269 ,summum
487 223 701 262 discrimen
728 223 946 261 ambitione
973 223 1202 276 principum
1231 230 1318 262 erat
1345 223 1555 278 perducta.
1587 223 1709 263 Prae

254 281 372 332 cipue
399 279 619 329 Saraceni,
649 278 700 316 ab
732 292 779 316 eo
807 285 1005 330 tempore,
1034 293 1116 331 quo
1143 280 1317 332 primum
1346 280 1428 318 suis
1459 278 1621 318 sedibus
1649 292 1709 318 ex·

255 337 350 384 citi,
378 333 504 373 classe
531 336 573 373 in
603 333 759 372 ltaliam
789 340 985 372 venerant
1003 363 1015 385 ,
1055 334 1207 373 crebris
1246 334 1544 373 incursionibus
1582 334 1709 373 mari-

254 391 398 429 timam
428 403 543 428 oram
570 388 783 428 vexabant.
826 388 986 427 Horum
1012 396 1059 428 ut
1085 389 1276 428 ferociam
1302 396 1574 444 compesceret
1588 419 1600 441 ,
1631 389 1711 442 (ha-

254 445 406 484 bebant
435 447 542 483 enim
567 446 611 483 in
627 443 833 482 Gariliano
862 451 999 482 monte
1027 459 1137 484 arces
1153 475 1164 496 ,
1194 459 1293 498 quas
1320 459 1467 499 magna
1494 446 1556 484 vis
1585 457 1712 484 arma-

255 508 299 539 ta
326 507 366 539 et
393 500 598 539 incondita
629 499 818 538 tuebatur
833 500 867 550 ,)
911 498 1168 552 Atenulphus
1183 529 1195 550 ,
1225 501 1387 554 Capuae
1425 508 1465 540 et
1491 500 1712 540 Beneventi

255 557 458 609 princeps,
480 553 766 607 Landulphum
794 554 937 605 filium,
966 562 1012 593 ut
1038 554 1174 595 valida
1202 570 1226 594 a
1244 556 1381 595 Leone
1393 556 1544 609 Imper.
1566 555 1715 595 auxilia

258 618 428 665 peteret,
457 611 694 663 Byzantium
731 611 839 650 misit
859 611 903 661 1).
958 610 1021 648 De
1058 612 1233 650 exercitu
1270 612 1313 650 in
1342 610 1500 650 Italiam
1527 611 1713 650 ducendo

258 665 374 705 facile
402 666 627 718 Imperator
654 668 821 704 assensit
835 695 846 715 ,
875 672 915 704 et
942 665 1230 719 Landulphum
1244 695 1257 717 ,
1287 667 1529 720 Gregorium
1560 667 1716 720 Neapo-

257 721 459 773 litanum,
490 729 530 759 et
559 721 753 759 Ioannem
768 750 780 770 ,
811 721 971 759 Caietae
1000 721 1144 760 ducem
1160 750 1172 772 ,
1212 722 1383 775 patricia
1422 722 1615 775 dignitate
1643 736 1713 761 or·-

257 777 383 816 navit.
449 776 529 815 Sed
557 776 654 814 dum
690 777 732 814 in
761 790 805 814 re
831 776 989 830 trepida
1029 778 1188 829 segnius
1227 779 1362 830 copias
1380 806 1392 827 ‚
1439 777 1713 830 classemque,

258 834 447 881 instruit,
478 831 667 870 Ataulfus
695 832 868 870 moritur
882 861 893 881 ‚
923 832 1173 884 principatus
1201 831 1445 886 Landulpho
1472 839 1512 871 et
1540 831 1715 872 Atenul·

259 886 342 941 pho
360 917 372 939 ,
402 886 493 926 filiis
511 916 523 938 ,
565 886 758 925 defertur.
817 888 911 925 Mox
941 886 992 925 ad
1021 887 1227 926 ferendam
1256 902 1375 941 opem
1403 889 1547 926 Graeci
1592 888 1717 928 adve-

260 956 380 993 nere,
411 956 504 980 cum
532 942 679 995 quibus
708 943 878 981 Ioannes
906 942 1109 995 pontifex,
1153 943 1381 982 Gaimarius
1398 972 1410 993 ,
1440 942 1718 983 Salernitanus

260 994 448 1052 princeps
463 1027 475 1047 ,
517 997 642 1050 Apuli
671 1005 710 1036 et
741 997 933 1047 Calabri,
971 1012 1089 1037 suum
1118 997 1312 1050 militem,
1358 998 1411 1036 ad
1450 998 1717 1038 exscindenda

263 1052 519 1092 castellorum
549 1052 676 1091 ardua
695 1082 707 1103 ,
737 1052 961 1092 eduxerunt
972 1053 1016 1106 2).
1071 1053 1287 1104 Saraceni,
1322 1066 1415 1092 cum
1446 1053 1578 1103 fame,
1604 1069 1718 1093 com-

262 1116 398 1147 meatu
430 1110 668 1161 intercepto‚
697 1116 993 1161 premerentur,
1022 1110 1158 1162 ignem
1183 1111 1265 1148 arci
1294 1109 1512 1160 subiecere,
1542 1123 1590 1148 ac
1614 1109 1719 1148 nihil

262 1171 397 1202 tutum
427 1165 530 1215 rati,
561 1165 604 1202 in
632 1163 744 1203 silvis
773 1171 812 1203 et
839 1166 1039 1203 montium
1067 1164 1206 1215 editis,
1237 1164 1481 1218 praesidium
1507 1167 1719 1217 quaesive-

263 1226 376 1258 runt.
435 1219 513 1257 Res
552 1233 693 1258 eorum
729 1217 849 1271 plane
887 1221 1042 1258 attritas
1079 1234 1211 1259 novus
1254 1235 1300 1259 ex
1344 1219 1484 1258 Astica
1524 1222 1720 1259 exercitus

264 1275 463 1324 restituit,
492 1276 562 1327 qui
586 1282 800 1328 postquam
815 1276 968 1314 Romae
996 1275 1067 1313 diu
1092 1276 1373 1325 imminuerat,
1401 1289 1535 1315 arcem
1559 1277 1602 1314 in
1623 1275 1722 1314 Gar·

267 1343 389 1384 gano,
419 1329 594 1383 Apuliae
621 1337 780 1380 monte,
811 1332 969 1369 munire
998 1331 1144 1383 coepit,
1172 1331 1280 1370 unde
1308 1332 1443 1370 vicino
1470 1345 1566 1384 agro
1594 1338 1723 1370 vasta*

266 1393 331 1436 to,
362 1386 660 1436 Beneventum,
689 1384 896 1424 obsidione
925 1386 1058 1439 longa.
1075 1385 1281 1440 fatigatam
1295 1418 1308 1436 ‚
1339 1385 1526 1425 incendio
1555 1382 1721 1426 delevit}

268 1441 428 1479 Interea
446 1439 598 1493 Apulia
626 1442 756 1481 omnis
788 1447 828 1481 et
848 1440 1061 1491 Calabria,
1091 1443 1134 1479 in
1162 1442 1401 1480 seditionem
1429 1455 1575 1492 versa,
1603 1442 1724 1480 Grae·

268 1511 409 1549 corum
438 1497 578 1549 iugum
605 1497 826 1549 deiecerat,
865 1496 974 1550 quod
1001 1496 1242 1549 proferendo
1275 1496 1723 1550 dominatui-opportu-

267 1566 368 1590 num
397 1559 508 1590 ratus
538 1551 824 1605 Landulphus,
854 1555 897 1591 in
927 1553 1100 1591 Graecos
1128 1552 1267 1591 duxit:
1297 1552 1367 1591 sed
1394 1550 1567 1602 auxilia,
1597 1566 1622 1591 a
1649 1552 1723 1592 Sa-

272 1607 428 1646 racenis
457 1610 668 1657 accersita,
706 1607 875 1648 rebelles
915 1607 966 1646 ad
1000 1607 1239 1660 obsequium
1267 1607 1399 1646 redire
1426 1614 1644 1660 coegerunt
1673 1608 1722 1658 ³).

275 1661 398 1700 Anno
426 1664 608 1714 proximo
636 1664 679 1701 in
708 1663 813 1714 agris
842 1663 1055 1702 Asculanis
1094 1662 1355 1702 memorabile
1394 1662 1593 1716 praelium
1618 1664 1725 1701 inter

273 1717 562 1770 Landulphum
582 1725 621 1756 et
637 1717 861 1768 Ursileum,
891 1719 1035 1757 Graeci
1054 1720 1248 1758 exercitus
1266 1717 1410 1757 ducem
1424 1749 1436 1768 ‚
1466 1718 1725 1757 commissum

271 1780 355 1822 est,
385 1773 509 1811 dubio
536 1774 714 1825 primum
742 1781 890 1813 eventu
905 1803 917 1824 ,
947 1780 1039 1826 post
1067 1775 1163 1813 victi
1193 1775 1336 1812 Graeci
1355 1803 1368 1824 ,
1397 1773 1549 1826 Apulia
1578 1781 1618 1812 et
1645 1773 1725 1811 Ca-

270 1826 400 1865 labria
427 1835 588 1880 recepta
614 1836 696 1877 est,
737 1842 859 1880 quam
876 1858 887 1878 ‚
927 1831 1007 1868 icto
1036 1843 1131 1868 cum
1151 1830 1357 1869 Gaimario
1384 1828 1566 1877 foedere,
1614 1828 1723 1867 Lan-

272 1881 448 1935 dulphus
489 1890 640 1935 septem
680 1884 794 1921 annis
833 1886 961 1922 tenuit
976 1884 1022 1935 ²¹).
1082 1883 1181 1922 Inde
1209 1885 1398 1922 continua
1437 1897 1530 1921 cum
1558 1883 1722 1922 Graecis

300 2024 334 2070 1)
356 2023 456 2057 Idem
469 2023 561 2058 Hist.
577 2024 655 2057 Lib.
671 2026 713 2058 II.
728 2036 813 2058 c.12.
837 2024 1003 2069 Theoph.
1019 2023 1722 2070 Contin.p.219.expeditionemLeonis

366 2070 406 2103 in
426 2071 683 2115 Langobardos
714 2076 906 2112 memorat,
932 2073 1131 2117 eorumque
1155 2070 1283 2105 (lucem
1314 2072 1490 2117 Egionem
1521 2073 1572 2119 (f.
1597 2072 1724 2117 Hugo-

365 2117 474 2162 nem)
496 2123 610 2151 vocat.
705 2117 744 2159 2)
770 2119 892 2162 Lupus
917 2119 1079 2163 Protosp.
1102 2119 1142 2151 in
1168 2117 1347 2152 Chronico
1370 2118 1417 2151 ad
1433 2130 1488 2152 an.
1516 2121 1596 2165 916.
1643 2120 1724 2154 Ex-

367 2166 494 2208 iesum
513 2166 678 2210 Agar-eni
704 2164 747 2199 de
775 2165 975 2199 Gariliano
1002 2165 1307 2211 ‹it—explentur
1329 2165 1383 2209 4ο.
1414 2166 1618 2206 annisa-1:
1649 2177 1724 2212 quo

366 2212 535 2256 Agar-eni
571 2212 799 2246 introierunt
827 2213 868 2246 in
905 2212 1066 2245 Italiam.
1118 2211 1220 2245 Conf.
1263 2211 1459 2245 Giannone
1501 2210 1620 2246 Storia
1661 2211 1723 2245 del

370 2258 492 2301 Regno
525 2256 562 2290 di
603 2258 735 2302 Napoli
774 2259 815 2291 T.
856 2258 881 2290 Ι.
916 2258 955 2292 L.
987 2258 1065 2293 VII.
1088 2269 1115 2291 c.
1153 2259 1188 2302 4,
1282 2258 1321 2304 3)
1347 2258 1612 2304 Luitprandus:
1646 2259 1723 2293 Rex

369 2303 598 2350 Africanus,
644 2306 830 2350 legatione
862 2305 1102 2351 Imperatoris
1131 2305 1295 2344 accitus,
1340 2306 1629 2340 innumerabiles
1656 2317 1723 2339 ra-

370 2351 467 2385 tibus
495 2353 620 2396 copias
647 2353 688 2384 in
724 2353 938 2386 Calabriam
967 2352 1210 2398 Apuliamque
1252 2350 1409 2393 direxit,
1446 2351 1626 2400 binasque
1655 2350 1723 2386 has

369 2398 538 2442 regiones
560 2399 798 2443 Imperator-is
821 2397 1031 2432 dominatui
1055 2398 1303 2444 potentissime
1329 2396 1504 2442 subdidit.
1599 2398 1639 2444 4)
1649 2398 1725 2431 Lu-

370 2455 439 2489 pus
477 2443 710 2489 Protospatha
735 2457 790 2480 an.
815 2456 895 2489 92¹·
946 2445 1094 2480 [mer-iit
1129 2445 1274 2479 Ursileo
1310 2446 1468 2487 stratigo
1498 2446 1540 2479 in
1575 2443 1725 2492 praelio

372 2489 417 2524 de
446 2491 600 2531 Asculo,
641 2503 760 2526 mense
796 2492 961 2536 Aprilis,
997 2501 1033 2526 et
1062 2490 1304 2538 apprehendit
1334 2490 1592 2538 Pandulphum
1623 2493 1726 2537 Apu-

371 2538 430 2570 leo
467 2537 559 2582 (leg.
591 2537 830 2618 Εαηάιιὶἔῆιω
858 2539 1029 2583 Apuliam
1040 2539 1066 2585 ).
1113 2538 1284 2572 Meminit
1308 2538 1554 2583 expeditionis
1574 2538 1726 2572 Romani

375 2583 416 2616 in
441 2583 693 2628 Langobardos
759 2586 953 2620 onstantin.
982 2586 1020 2620 L.
1054 2585 1098 2620 dc
1132 2584 1311 2619 Cerimon.
1344 2585 1423 2621 Aul.
1460 2585 1541 2630 Byz.
1565 2584 1639 2620 MS.
1661 2583 1724 2619 sol.

375 2641 453 2663 222.
491 2641 541 2676 sq.
