1884 3112
312 106 420 188 {76
591 115 948 173 CONSTANTmi
989 126 1470 169 PoRPHYROGENm

302 233 512 290 τραπέζης
537 233 581 275 ἒν
598 233 656 288 τῷ
675 229 956 286 Ἰουστινιανῷ
984 228 1174 288 τρικλίνῳ
1203 224 1283 270 ἀπὸ
1305 224 1634 284 σκαραμαγγώυ,
1661 226 1745 270 ὦσ-

303 298 442 348 αύτως
481 299 552 340 καί
589 296 627 338 οἱ
655 296 900 351 κληθέντες·
941 290 1022 335 ἀπὸ
1051 291 1131 350 γὰρ
1159 295 1230 349 τῆς
1258 291 1552 349 λιτῆς-πάντες
1588 291 1745 336 ἀλλὰστ

302 380 436 407 σουσι.
506 365 590 420 (Ε.)
632 359 728 417 Χρὴ
761 361 807 402 δὲ
837 361 1014 412 εἰδέναι,
1047 356 1136 413 ὅτι,
1168 362 1209 402 εἰ
1229 362 1307 413 μὲν
1335 357 1443 417 τύχῃ
1469 360 1515 401 ἐν
1540 357 1666 415 ταύτῃ
1693 364 1744 415 τῇ

305 426 430 486 ἑορτῇ
456 427 476 470 ὃ
506 425 802 482 εὖαγγελισμὸς
830 426 902 480 τῆς
930 424 1157 481 ὕπεραγιάς
1186 425 1416 479 Θεοτόκου,
1457 429 1634 467 τελεῖται
1673 419 1747 464 oi}-

107 502 397 550 Ει1.Ι.ιο4τως.
454 492 658 536 λιτανεύει
697 492 721 534 ὅ
761 489 976 546 βασιλεῦς,
1019 491 1077 541 οἷς
1118 492 1312 548 ἀνωτέρω
1350 490 1539 547 εἴρηται,
1575 491 1772 535 ἒκτελῶνό

294 557 463 603 -ἅπαντα
505 560 750 608 ἀκολούθως
788 560 834 601 ἑν
867 562 954 606 τοῖς
994 554 1223 613 εὖκτηρίοις
1258 559 1332 612 τῆς
1358 559 1542 614 δάφνης,
1579 557 1750 605 τελέσας

304 628 351 669 δὲ
388 622 579 679 ἅπαντα,
622 625 680 674 ὥς
720 622 908 666 εἴθισται
947 623 1060 680 αὐτῷ
1087 624 1139 681 τῇ
1165 624 1248 666 τῶν
1274 624 1408 677 βαΐων
1434 623 1571 681 ἡμέρᾳ
1601 627 1749 665 τελεῖν.

303 691 343 735 οἵ
376 694 455 746 μὲν
483 690 606 748 ἱερεῖς
633 689 740 745 μετὰ
770 689 815 733 τὸ
854 690 1069 732 ἐκτελέσαι
1099 688 1235 732 πάντα
1272 689 1514 739 ἀκολούθως
1541 690 1586 733 ἐν
1613 691 1672 748 τῷ
1698 689 1749 731 οἷ-

302 758 379 818 γίῳ
417 755 618 816 Στεφάνῳ
657 757 914 813 ἀπέρχονται
951 751 1075 798 αὗτοί
1108 754 1237 809 μόνον
1265 755 1311 798 ἐν
1335 756 1391 814 τῷ
1417 757 1603 814 παλατίῳ
1633 760 1751 798 λιτα-

303 824 517 877 νεύοντες,
548 822 570 865 ὃ
603 825 648 866 δὲ
675 820 877 877 βασιλεύς
904 823 1140 878 εἰσέρχεται
1167 823 1212 864 ἐν
1239 826 1297 881 τῷ
1324 823 1487 865 κοιτῶνι
1515 821 1658 874 αὐτοῦ,
1684 823 1804 864 ε’κ-ιο

304 888 530 945 δεχόμενος
559 887 634 931 τὸν
663 887 825 945 καιρόν.
881 889 1187 942 καταλαβόντος
1217 889 1263 930 δὲ
1289 888 1362 931 τοῦ
1388 887 1562 944 καιροῦ,
1599 885 1752 942 μηνύει

307 955 335 998 o‘
365 959 441 1012 τῆς
455 953 764 1004 -καταστάσεως
798 956 854 1011 τῷ
882 955 1140 1012 πραιποσίτῳ
1158 988 1171 1007 ,
1212 954 1235 997 ὄ
1265 956 1311 997 δὲ
1339 950 1609 1011 πραιπόσιτος
1636 955 1759 1009 δηλοῖ

301 1023 359 1081 τῷ
385 1025 570 1076 βασιλεῖ,
610 1023 685 1063 καί
725 1019 906 1071 ἐξελθών
946 1019 967 1061 ὅ
991 1019 1192 1074 βασιλεὺς
1220 1022 1264 1063 ἐν
1288 1022 1346 1079 τῷ
1375 1018 1606 1078 ὄκταγώνῳ,
1634 1035 1753 1076 περι-

310 1087 513 1144 βάλλεται
540 1086 616 1143 τὴν
640 1086 823 1141 χλανίδα
853 1085 985 1128 αὑτοῦ
1016 1085 1085 1127 διὰ
1114 1089 1197 1128 τῶν
1223 1085 1509 1142 βεστητόρων,
1535 1084 1679 1135 καθώς
1694 1083 1754 1128 εἴ·

304 1158 475 1207 θισται,
501 1152 574 1195 καί
598 1151 912 1208 δηριγευὸμενος
940 1150 1021 1193 ὑπὸ
1052 1154 1136 1194 τῶν
1173 1153 1248 1194 τοῦ
1276 1151 1568 1207 κουβουκλείου
1597 1148 1807 1208 ἀρχόν-15

266 1233 385 1266 Βτων
400 1254 413 1274 ,
442 1221 655 1274 ἐξέρχεται
685 1217 756 1260 διὰ
786 1219 861 1260 τοῦ
891 1217 1175 1273 αὕγουστέως,
1205 1217 1278 1260 καί
1302 1217 1485 1260 διελθών
1510 1215 1556 1260 τὸ
1583 1217 1752 1271 στενὸν,

303 1281 432 1342 ἤγουν
471 1283 547 1340 τὴν
581 1286 748 1341 χρυσῆν
786 1289 939 1340 χεῖρα,
982 1283 1213 1340 ἀνέρχεται
1248 1285 1307 1333 εἰς
1335 1281 1408 1326 τὸν
1437 1280 1640 1338 ὄνόποδα,
1682 1284 1756 1327 καί

304 1349 404 1402 στὰς
433 1351 478 1393 ἐν
503 1352 554 1408 τῇ
579 1352 716 1408 χαλκῇ
745 1347 853 1408 πύλῃ
881 1350 957 1392 τοῦ
985 1345 1206 1404 ὄνόποδος,
1237 1350 1433 1404 δέχονται
1461 1346 1590 1392 αὖτὸν
1618 1352 1754 1392 ἐκεῖσε

305 1415 346 1459 οἶ
381 1414 592 1472 πατρίκιοι
620 1418 693 1458 καί
727 1415 977 1473 στρατηγοί·
1019 1414 1228 1458 πεσόντων
1268 1418 1315 1459 δὲ
1342 1417 1415 1458 καί
1441 1414 1754 1471 προσκυνησὰν-

305 1499 405 1536 των,
434 1480 548 1525 νεύει
578 1480 601 1523 ὅ
630 1482 905 1537 πραιπόσιτος
931 1482 989 1539 τῷ
1014 1483 1086 1537 τῆς
1107 1481 1394 1531 καταστάσεως
1410 1477 1492 1523 ἀπὸ
1511 1480 1807 1535 κελεύσεως,αο

309 1547 499 1597 κάκεῖνος
534 1548 644 1602 λέγει
684 1546 975 1602 ,,κελεύσατε.”
1061 1544 1142 1590 ἀπὸ
1184 1549 1230 1590 δὲ
1267 1550 1352 1590 τῶν
1388 1548 1475 1590 ἐκεῖ
1516 1548 1752 1603 διέρχεται,

308 1616 439 1658 τελῶν
467 1610 578 1656 ἅπαν
605 1613 870 1667 ἀκολούθως,
899 1611 948 1655 ὃν
975 1611 1129 1670 τρόπον
1157 1614 1354 1671 ἀνωτέρω
1382 1615 1427 1656 ἐν
1445 1614 1496 1670 τῇ
1512 1611 1756 1669 προελεύσει

132 1684 387 1733 'Hs-84²1&
413 1681 715 1736 εὖαγγελισμοῦ
739 1681 811 1722 ἐπὶ
831 1682 967 1739 λεπτῷ
995 1681 1243 1734 ἔξεθέμεθα.
1298 1681 1452 1733 ἰστέον,
1475 1676 1542 1722 ὅτι
1567 1680 1619 1737 τῇ
1647 1678 1756 1736 αὐτῇ

310 1745 446 1806 ἡμέρᾳ
482 1747 566 1790 τῶν
606 1748 740 1800 βαΐων
777 1747 851 1789 καί
883 1746 910 1803 ἢ
940 1743 1156 1802 αὖγούστα
1185 1748 1353 1802 δέχεται
1379 1745 1432 1790 τὰ
1460 1747 1571 1804 βῆλα
1600 1744 1757 1801 ὁμοίως

411 1871 463 1905 ¹9·
488 1858 526 1894 οἱ
546 1871 616 1898 om.
638 1859 694 1893 ed.

318 1962 396 2004 dit,
422 1973 462 1995 ac
484 1960 710 1996 venerandae
735 1973 881 1997 mensae
907 1974 991 1997 suae
1015 1965 1054 1997 in
1078 1963 1274 1998 Iustiniani
1298 1964 1460 1998 triclinio
1491 1963 1531 1997 in
1557 1972 1760 1996 scaraman—

319 2011 398 2054 gio,
434 2020 506 2054 quo
540 2008 649 2041 etiam
691 2011 862 2043 convivae
888 2010 1007 2043 induti
1042 2016 1150 2050 sunt,
1187 2010 1341 2044 assidet:
1377 2016 1461 2044 ante
1494 2009 1761 2055 processionem

319 2057 416 2089 enim
449 2066 572 2088 omnes
604 2057 815 2090 mutatorias
856 2062 1013 2090 sumunt.
1063 2057 1142 2098 (V.)
1191 2057 1386 2090 Sciendum
1419 2061 1496 2097 est,
1530 2057 1560 2090 si
1601 2056 1641 2089 in
1677 2066 1763 2089 eum

321 2102 417 2136 diem
442 2102 670 2135 annuntiatio
697 2104 941 2136 sanctissimae
968 2103 1126 2148 Virginis
1155 2103 1351 2143 inciderit,
1389 2114 1467 2137 eam
1491 2104 1545 2136 ita
1576 2101 1761 2140 celebrari.

322 2151 548 2195 Imperator,
572 2150 667 2181 sicut
689 2161 796 2195 supra
820 2149 1099 2183 demonstratum
1125 2155 1190 2190 est,
1218 2149 1401 2196 procedit,
1427 2150 1546 2184 omnia
1570 2148 1697 2182 ordine
1722 2149 1764 2183 in

324 2197 492 2230 oratoriis
519 2195 681 2242 daphnes
708 2208 900 2242 peragens,
924 2196 1122 2230 observatis
1147 2197 1192 2230 iis
1217 2197 1346 2230 ritibus
1361 2222 1371 2237 ,
1408 2209 1498 2243 quos
1523 2197 1616 2230 solet
1638 2196 1678 2228 in
1701 2194 1763 2229 die

322 2243 522 2289 palmarum
540 2242 741 2279 observare.
766 2243 976 2276 Sacerdotes
998 2249 1152 2284 tantum,
1167 2245 1273 2276 sacris
1299 2244 1338 2276 in
1357 2244 1390 2276 S.
1405 2244 1580 2290 Stephani
1604 2241 1764 2276 celebra-

323 2291 386 2331 tis,
401 2290 440 2323 in
453 2290 681 2336 processione
697 2289 742 2322 ad
755 2291 932 2336 palatium
947 2289 1104 2333 abeunt3
1128 2292 1323 2336 Imperator
1338 2296 1457 2324 autem
1476 2289 1522 2323 ad
1538 2301 1642 2323 suum
1658 2288 1764 2322 cubi-

327 2337 460 2377 culum,
478 2341 617 2382 tempus
632 2342 910 2383 exspectaturus,
925 2348 962 2370 se
976 2337 1125 2371 confert.
1152 2337 1234 2382 Quo
1258 2338 1585 2383 appropinquante,
1610 2336 1763 2370 cerimo-

327 2384 463 2417 niarius
475 2385 728 2429 praepositum,
738 2383 796 2417 hic
810 2385 1064 2430 Imperatorem
1078 2383 1258 2425 admonet,
1271 2385 1335 2431 qui
1349 2390 1560 2430 octagonum
1574 2385 1764 2428 ingressus,

327 2432 454 2464 tunica
477 2441 540 2463 sua
563 2442 627 2476 per
645 2432 847 2472 vestitores,
873 2437 913 2464 ut
935 2443 1010 2464 mos
1036 2437 1101 2471 est,
1123 2430 1299 2471 induitur,
1321 2437 1357 2464 et
1377 2431 1569 2477 praefectis
1594 2429 1763 2464 cubiculo

330 2478 451 2523 ipsum
476 2478 742 2518 comitantibus,
762 2489 827 2523 per
852 2478 1035 2521 augustale
1058 2479 1198 2518 transit,
1211 2489 1347 2523 perque
1372 2484 1514 2512 stenum·
1531 2489 1594 2511 seu
1619 2487 1766 2510 auream

330 2535 476 2559 manum
498 2523 686 2569 digressus,
700 2524 743 2558 ad
767 2525 967 2570 onopodem
992 2524 1163 2565 ascendit,
1187 2526 1227 2558 in
1246 2526 1347 2558 cuius
1373 2537 1483 2559 aenea
1506 2529 1609 2569 porta
1628 2524 1780 2558 consti»

330 2576 451 2604 tutum
470 2571 614 2615 patricii
631 2577 668 2606 et
687 2572 832 2615 strategi
855 2573 1049 2617 excipiunt.
1087 2572 1181 2605 Dum
1204 2578 1323 2605 autem
1341 2572 1535 2617 procidunt
1547 2575 1584 2604 et
1605 2570 1767 2610 adorant,

330 2617 558 2661 praepositus
595 2619 844 2664 cerimoniario
877 2630 896 2651 a
926 2618 1095 2653 mandato
1129 2619 1268 2663 signum
1293 2618 1375 2659 dat,
1412 2620 1441 2652 is
1475 2618 1586 2652 dicit:
1635 2617 1766 2651 lubere·

331 2664 422 2697 Inde
448 2662 615 2706 omnibu's
641 2657 710 2699 rite
735 2666 888 2710 peractis
903 2690 912 2705 ,
949 2677 1042 2712 quae
1067 2676 1173 2709 supra
1198 2666 1236 2699 in
1262 2667 1490 2710 processione
1517 2663 1769 2698 annuntiatio-

330 2711 390 2744 nis
411 2710 571 2747 breviter
594 2712 856 2762 explicuimus,
880 2711 1044 2748 discedit.
1093 2711 1309 2758 Sciendum,
1334 2713 1426 2749 festo
1472 2712 1668 2759 palmarum
1708 2707 1769 2744 die
