1884 3112
866 0 897 35 Ο

311 60 416 116 160
576 72 942 125 eousrmnm
980 81 1466 125 PORPHYROGENITI

302 183 380 233 ζαν
407 185 482 225 καί
501 182 577 239 τὴν
607 183 803 240 ἕνδυτὴν,
837 186 912 227 καί
933 183 1005 226 διὰ
1039 186 1218 240 πλαγίας
1239 187 1316 228 τοῦ
1346 185 1652 242 θυσιαστηρίου
1674 187 1749 228 καί

298 251 375 291 τοῦ
412 253 585 304 κοχλιοῦ
615 254 690 292 τοῦ
722 245 899 292 ὄπισθεν
937 253 1012 306 τῆς
1042 251 1197 307 κόγχης
1229 250 1419 294 α’νελθών
1450 252 1510 301 εἷς
1539 249 1590 293 τοὶ
1621 267 1748 307 κατη-

261 314 505 370 οχουμένια
520 350 532 370 ,
566 317 824 371 εἰσέρχονται
858 317 917 366 εἰς
939 314 984 358 τὸ
1008 315 1294 374 μητατώριον,
1326 319 1400 360 καί
1429 315 1747 360 α’παλλάσσουσι

299 380 374 430 τοὶς
414 379 573 424 ἑαυτῶν
607 380 832 437 χλαμύδας
873 384 947 424 καί
979 380 1130 437 μόνον,
1160 386 1234 425 καί
1274 382 1476 427 α’κούουσι
1508 386 1584 426 τοῦ
1623 385 1744 425 θείου

298 448 541 502 εΰαγγελίου
573 449 647 489 καί
685 450 758 503 τῆς
789 450 1001 502 ἐκτενοῦς,
1037 451 1112 491 καί
1133 449 1239 503 μετὰ
1267 453 1403 493 ταῦτα
1445 451 1683 506 εἰσέρχεται
1721 445 1771 496 «55

297 516 372 568 τῆς
402 515 606 568 τραπέζης
632 513 740 566 μετὰ
780 517 864 556 τῶν
896 515 1168 571 α’ρτοκλίνων,
1211 517 1285 557 καί
1322 523 1488 571 στοιχεῖ
1515 514 1561 558 τό
1592 512 1747 571 κλητιό-

296 595 403 634 ριόν.
457 581 531 621 καί
570 581 811 635 ἐξέρχονται
851 580 890 622 οἱ
933 578 1132 623 δεσπόται
1177 581 1251 623 καί
1293 582 1546 638 ἀπέρχονται
1598 582 1658 630 εἰς
1698 578 1744 622 τὸ

295 642 556 701 μητατώριον
597 649 674 687 τοῦ
725 644 1016 704 πατριάρχου,
1058 648 1133 689 καί
1184 646 1317 697 εὐθυς
1357 649 1541 690 δίδονται
1577 648 1748 701 μίνσαι,

295 711 540 765 έκδυόμενοι
566 711 616 754 τὰ
650 711 872 768 διβητήσια
905 713 1065 768 αὐτῶν,
1110 715 1186 754 καί
1215 715 1454 767 ἐκδέχονται
1481 715 1556 755 τοῦ
1585 717 1749 755 τελειω-

293 780 425 833 θῆναι
468 776 543 833 τὴν
575 780 698 821 θείαν
737 781 999 836 λειτουργίαν
1027 781 1101 822 καί
1132 779 1322 822 ἀνελθεῖν
1351 778 1424 822 τὸν
1469 777 1800 836 πατριάρχην.ι,ο

294 842 332 886 οὶ
357 846 403 887 δὲ
424 842 692 901 πραιπόσιτοι
716 846 993 902 α’πέρχονται,
1026 847 1100 888 καί
1125 848 1379 898 καθέζονται
1401 847 1461 896 εἰς
1480 844 1557 902 τὴν
1581 839 1747 897 ἄνοδον,

293 911 352 952 δι’
370 905 422 965 ἧς
455 911 478 952 ὁ
507 909 771 967 πατριάρχης
804 910 1049 969 ἀνέρχεται,
1084 913 1159 955 καί
1190 911 1238 955 τὸ
1270 913 1461 955 α’νελθεῖν
1489 910 1616 954 αὐτὸν
1645 928 1750 967 κρα-

299 978 420 1018 τοῦσι
449 975 536 1033 τᾶςζ
556 983 705 1034 χεῖρας
741 978 896 1031 αὐτοῦ,
930 975 1211 1032 ἀσπαζόμενοι
1248 977 1406 1033 αὕτάς,
1439 980 1514 1021 καί
1542 978 1750 1022 α’πελθόν-

251 1051 362 1092 Duc
397 1041 637 1098 εἰσάγουσιν
672 1042 802 1086 αὐτὸν
843 1042 951 1100 πρὸς
982 1043 1082 1094 τούς
1119 1042 1336 1095 δεσπότας.
1391 1045 1467 1087 καί
1505 1043 1695 1099 ἐκβαλών
1724 1043 1750 1085 ὅ

120 1118 189 1158 Ms,
201 1107 562 1166 78.a7zar91a'9)517;
597 1108 648 1152 τά
691 1111 954 1164 α’λλαξίματα
999 1112 1155 1165 αὕτοῦ,
1199 1110 1343 1164 λαβών
1383 1109 1483 1160 τούς
1519 1107 1802 1163 δεσπότας,15

294 1174 476 1226 ἐξελθών
504 1176 750 1231 α’κουμβίζει
777 1175 883 1230 μετὰ
912 1179 997 1219 τῶν
1026 1179 1099 1232 τῆς
1128 1177 1358 1232 τραπέζης,
1389 1177 1464 1218 καί
1491 1178 1750 1232 εἰσέρχονται

264 1259 267 1265 ’
295 1241 335 1284 οἱ
376 1243 592 1298 κληθέντες
638 1243 713 1283 καί
749 1243 975 1299 α’ριστοῧσι
1001 1247 1093 1296 μετ’
1121 1244 1260 1286 αὕτῶν
1279 1275 1292 1296 ,
1322 1243 1397 1285 καί
1429 1240 1476 1285 τὸ
1512 1243 1750 1297 ἀναστῆναι

296 1307 471 1362 αιῖτοὺς,
507 1308 765 1364 ἀπέρχονται
799 1305 927 1351 πάλιν
964 1307 1003 1350 οἱ
1040 1306 1240 1351 δεσπόται
1273 1307 1342 1350 διὰ
1375 1310 1458 1352 τῶν
1490 1309 1750 1363 διαβατικῶν

295 1376 356 1424 εἰς
391 1373 437 1417 τὸ
462 1372 676 1417 παλάτιον.
748 1375 887 1418 ἰστέον
923 1376 996 1429 δὲ,
1035 1372 1097 1418 ὅτι
1127 1376 1201 1417 καί
1229 1375 1356 1431 κηρία
1399 1375 1446 1417 ἐκ
1475 1376 1551 1417 τοῦ
1587 1375 1747 1416 οἰκονο-

291 1443 394 1495 μίου
415 1439 702 1495 λαμβάνουσιν
729 1441 773 1482 οἳ
797 1456 842 1483 τε
873 1437 1098 1497 μάγιστροι
1118 1441 1193 1483 καί
1213 1437 1483 1497 πραιπόσιτοι
1505 1441 1579 1482 καί
1599 1440 1803 1496 πατρί-20

293 1522 406 1562 mot,
442 1509 514 1550 ἐπὶ
532 1508 578 1549 δὲ
602 1509 679 1549 τοῦ
702 1507 854 1562 κυρίου
875 1504 1172 1564 Θεοφυλάκτου
1202 1508 1276 1549 καί
1291 1504 1545 1560 θυμιάματα
1566 1499 1746 1558 εὔοσμα,

304 1575 399 1616 ἀλλ’
430 1569 505 1616 οὖν
534 1573 609 1615 καί
633 1571 826 1615 δούλκιον
850 1574 981 1615 ἐποίει
1003 1573 1027 1615 ὁ
1049 1570 1194 1630 κύριος
1217 1572 1512 1630 Θεοφύλακτος
1549 1570 1573 1613 ὅ
1600 1586 1751 1627 πατρι-

112 1652 176 1687 Ed.
191 1638 431 1700 1,,95άρχης
460 1639 533 1682 ἐπὶ
558 1637 604 1682 τό
632 1640 761 1696 μέρος
798 1641 878 1682 τοῦ
903 1641 1121 1696 εὕκτηρίου
1154 1642 1232 1682 τοῦ
1270 1640 1390 1694 ἁγίου
1427 1635 1749 1694 Θεοφυλάκτου,

292 1707 367 1749 καί
389 1705 428 1749 οἱ
453 1701 656 1749 δεσπόται
684 1703 904 1762 α’πήλαυον
933 1708 1009 1748 τοῦ
1043 1706 1236 1748 δουλκίου
1268 1703 1373 1759 μετὰ
1405 1706 1487 1747 τῶν
1508 1704 1750 1760 μαγίστρων

292 1775 369 1815 καί
386 1775 470 1815 τῶν
501 1773 789 1829 πραιποσίτων
808 1772 882 1814 καί
909 1774 1095 1825 λοιπῶν,
1129 1766 1187 1814 ὧν
1216 1773 1450 1814 ἐκέλευσαν.
1753 1774 1803 1818 25

391 1854 442 1887 16.
466 1845 561 1899 μετὰ
584 1854 731 1933 τῶνᾱΒἿ
753 1850 834 1900 μετ’
854 1850 980 1887 αὐτῶν
1008 1851 1085 1885 cod.
1103 1857 1140 1885 et
1167 1851 1223 1884 ed.
1346 1864 1398 1899 ¹9·
1429 1851 1672 1897 οἰκονομείου
1693 1848 1749 1882 cd.

390 1912 445 1935 αι.
476 1902 596 1946 κυροῦ
620 1911 660 1932 co
691 1924 697 1932 .

296 1978 391 2014 ponc
417 1966 590 2000 concham
607 1972 680 2009 est,
706 1968 744 2000 in
764 1967 1022 2001 catechumena
1043 1967 1253 2009 adscendit,
1276 1966 1509 2000 metatoriam
1535 1964 1666 2004 intrat,
1690 1967 1750 1997 tud

298 2016 415 2048 nicam
437 2026 537 2048 suam
559 2020 700 2047 tantum
723 2020 840 2047 mutat
867 2026 909 2047 ac
937 2015 1099 2047 divinum
1123 2015 1348 2058 evangelium
1369 2018 1405 2046 et
1423 2018 1607 2045 extensam
1625 2010 1748 2044 audit:

300 2061 433 2095 deinde
452 2061 656 2106 praefectus
686 2072 831 2094 mensae
850 2071 922 2094 una
940 2072 1020 2094 cum
1047 2062 1274 2094 tricliniariis
1301 2060 1427 2105 epulas
1446 2063 1558 2104 parat.
1607 2057 1750 2102 Egressi

299 2114 422 2142 autem
432 2109 580 2142 Domini
598 2108 644 2140 ad
663 2108 895 2140 metatorium
911 2107 1138 2152 patriarchae
1155 2105 1311 2148 abeunt,
1337 2106 1531 2152 statimque
1548 2105 1678 2137 missus
1694 2104 1751 2136 af-

300 2155 485 2196 feruntur,
512 2161 599 2188 tunc
617 2154 795 2188 dibetesia
814 2165 877 2188 sua
899 2159 1056 2195 exuunt,
1083 2160 1120 2187 et
1136 2165 1251 2199 usque
1270 2153 1355 2186 dum
1380 2152 1502 2185 divina
1526 2151 1673 2196 liturgia
1690 2161 1751 2183 ee-

300 2202 441 2236 lebrata
466 2207 520 2235 est
549 2207 586 2235 et
607 2201 810 2247 patriarcha
837 2200 1044 2241 adscendit,
1076 2205 1292 2246 exspectant.>
1341 2199 1540 2243 Praepositi
1564 2198 1603 2230 in
1628 2197 1749 2239 aditu,

302 2261 369 2297 per
389 2261 496 2298 quem
514 2249 660 2282 advenit
676 2247 902 2294 patriarcha,
944 2247 1153 2288 consident,
1179 2248 1280 2280 cuius
1299 2246 1524 2279 advenientis
1559 2255 1686 2278 manus
1709 2255 1751 2277 o-

304 2298 514 2338 sculantur,
548 2295 680 2330 deinde
699 2295 838 2329 abeunt
867 2305 1023 2342 eumque
1043 2295 1090 2327 ad
1106 2295 1281 2328 Dominos
1306 2293 1502 2326 adducunt.
1550 2293 1604 2333 ls,
1631 2291 1749 2324 exutis

302 2344 464 2380 vestibus
483 2344 575 2386 suis,
602 2342 784 2388 egreditur
813 2348 850 2376 et
875 2353 954 2375 cum
976 2342 1142 2374 Dominis
1164 2352 1308 2374 mensae
1336 2339 1538 2380 accumbit,
1562 2338 1680 2371 vocati
1703 2336 1751 2370 ad

305 2391 510 2425 convivium
539 2391 695 2432 intrant,
729 2395 767 2423 et
792 2400 865 2422 una
890 2400 970 2422 cum
998 2387 1054 2421 his
1086 2388 1302 2434 epulantur,
1336 2387 1470 2434 quibus
1499 2385 1750 2431 surgentibus,

302 2438 454 2474 Domini
473 2449 595 2472 rursus
614 2449 678 2484 per
695 2437 854 2483 porticus
873 2435 920 2469 ad
941 2435 1120 2481 palatium
1145 2434 1292 2468 abeunt.
1351 2433 1545 2468 Sciendum
1566 2437 1639 2474 est,
1672 2442 1750 2464 ma-

304 2486 456 2531 gistros,
481 2485 705 2531 praepositos
727 2489 763 2518 et
787 2483 960 2528 patricios
987 2493 1031 2516 ex
1061 2482 1294 2516 oeconomico
1328 2493 1471 2521 cereos,
1503 2479 1569 2512 sub
1590 2477 1750 2513 Domino

306 2532 581 2578 Theophylacto
603 2539 724 2566 autem
743 2531 852 2564 etiarn
872 2534 1057 2575 unguenta
1077 2528 1186 2562 odora
1212 2528 1383 2574 accipere.
1432 2527 1609 2561 Dominus
1626 2524 1751 2559 Theo-⁴

304 2579 496 2625 phylactus
516 2578 720 2624 patriarcha
742 2579 780 2611 in
805 2582 909 2623 parte
936 2577 1089 2610 oratorii
1115 2577 1229 2609 sancti
1252 2576 1282 2610 T
1285 2574 1517 2621 heophylacti
1535 2573 1643 2605 etiam
1663 2581 1750 2604 con-

305 2627 441 2660 vivium
473 2627 664 2668 instruxit,
701 2626 757 2659 cui
778 2624 927 2660 Domini
954 2634 1035 2658 cum
1061 2623 1260 2669 magistris,
1283 2620 1502 2670 praepositis
1523 2619 1750 2664 ceterisque,

307 2685 400 2721 quos
418 2674 618 2716 iusserant,
644 2672 854 2708 interfuere.
