1878 3112
345 125 411 180 61
424 144 457 178 o
616 141 973 184 CONSTANTINI
1013 111 1502 188 PORPHYROGENiTI

342 242 455 301 αἴρει
471 238 626 291 αὖτοὺς
646 240 728 284 ἀπὸ
752 242 836 284 τῶν
861 244 1006 294 ἐκεῖσε,
1030 244 1103 284 καί
1128 239 1221 297 ἄγει
1243 245 1287 286 ἐν
1317 247 1373 303 τῷ
1399 249 1514 305 μέσῳ
1544 251 1629 291 τοῦ
1644 252 1781 307 φόρου

341 312 414 352 καί
452 311 614 362 ἵστησιν
650 305 805 355 αὐτοὺς
839 309 1067 359 μονοειδῶς
1105 307 1212 350 κατά
1246 308 1324 364 την
1360 313 1438 354 τοῦ
1473 311 1602 356 τόπου
1636 309 1784 362 θέσιντ.

339 375 413 417 καὶ
436 372 591 421 εὐθέως
625 368 804 428 ἄρχεται
830 371 853 412 ὅ
887 371 1051 427 ψάλτης
1077 374 1183 426 μετὰ
1215 377 1373 427 μέλους
1399 375 1473 432 τήν
1500 380 1700 424 ἐπινίκιον
1731 378 1783 441 ᾅ-

339 443 426 482 δειν
461 436 598 497 ᾠδήν·
654 434 848 495 »ᾅσωμεν
885 439 944 495 τῷ
972 440 1140 496 Κυρίῳ.
1196 439 1370 492 ἐνδόξως
1403 441 1486 499 γὰρ
1523 442 1783 496 δεδόξασται.

337 508 461 548 ἵππον
487 503 561 545 καὶ
583 499 795 558 ἆναβάτην
823 499 1004 559 ἔρῥιψεν
1033 505 1093 553 εἰς
1122 503 1392 548 θάλασσαν.”
1447 511 1530 550 τῶν
1554 511 1602 552 δὲ
1625 514 1806 556 λοιπῶνδ

334 571 508 624 ψαλτῶν
531 570 604 610 καί
631 571 707 610 τοῦ
731 571 839 610 λαοῦ
875 568 1028 619 παντὸς
1069 570 1425 627 ἀποκρινομένου,
1467 574 1542 617 καί
1568 578 1645 632 τῆς
1671 576 1782 635 ᾠδῆς

292 631 879 691 Βπάσης-ἆποπληρουμένης,
913 634 1047 684 εὐθυς
1075 634 1188 691 αἴρει
1220 634 1242 677 ὅ
1274 640 1494 694 λογοθέτης
1517 643 1592 682 τοῦ
1619 641 1779 696 δρόμου

334 700 436 751 τούς
463 701 718 756 μεγιστᾶνας
750 703 832 742 τῶν
869 703 1124 757 Σαρακηνῶν
1160 701 1266 755 μετὰ
1305 705 1380 746 καί
1415 706 1492 747 τοῦ
1531 707 1778 759 δομεστίκου

333 768 419 810 τῶν
448 767 611 821 σχολῶν
638 765 711 807 καί
736 768 820 807 τῶν
855 766 1070 820 τυχόντων
1109 771 1349 823 στρατηγῶν
1388 771 1449 820 εἷς
1484 769 1532 814 τὸ
1561 775 1777 826 ταξειδςον,

333 833 419 875 εἴτε
463 833 542 875 τοῦ
570 831 845 888 δρουγγαρίου
892 833 976 874 τῶν
1002 834 1189 886 πλοΐμων
1218 833 1290 876 καί
1314 837 1398 878 τῶν
1431 838 1620 892 πλοΐμων
1646 855 1834 894 erpa-10

331 901 469 954 τηγῶν
506 898 579 940 καί
617 899 699 940 τῶν
740 897 931 952 μεγάλων
970 899 1188 954 οἷρχόντων
1232 903 1307 942 τοῦ
1334 904 1535 958 πλοῖμου,
1593 903 1675 947 εἴτε
1707 905 1782 948 καὶ

331 966 588 1021 στρατηγῶν,
628 961 817 1020 δηλονότι
844 967 927 1006 τῶν
955 963 1000 1007 τὸ
1027 967 1232 1015 ταξείδιον
1259 967 1534 1023 ποιησάντων,
1566 969 1673 1023 μετὰ
1696 972 1779 1014 τῶν

331 1032 613 1087 τουρμαρχῶν
641 1032 714 1071 καί
736 1030 931 1084 μεγάλων
954 1027 1170 1086 ἀρχόντων
1192 1033 1274 1074 τῶν
1294 1033 1492 1086 θεμάτων
1519 1037 1673 1089 αὐτῶν,
1705 1036 1782 1080 καὶ

333 1094 426 1151 ἄγει
451 1095 688 1152 ἔμπροσθεν
709 1098 783 1137 τοῦ
804 1099 1011 1148 βασιλέως
1025 1129 1037 1151 ,
1078 1093 1207 1152 ἤγουν
1227 1100 1299 1140 ε’πί
1327 1101 1409 1141 τῶν
1425 1102 1501 1142 τοῦ
1520 1100 1653 1151 κίονος
1674 1104 1778 1145 α’να-

135 1159 514 1218 Εᾰ.Β.353βάθρων,
543 1160 616 1202 καί
641 1159 750 1215 αἴρει
774 1160 795 1202 ὃ
822 1164 1041 1215 λογοθέτης
1065 1162 1173 1214 μετὰ
1197 1166 1273 1205 τοῦ
1301 1165 1544 1217 δομεστίκου
1563 1170 1646 1209 τῶν
1673 1175 1828 1222 cxv-15

329 1230 436 1281 λῶν,
477 1226 592 1282 εἴπερ
628 1222 750 1275 αὗτὸς
781 1221 831 1281 ἦν
859 1226 881 1267 ὅ
910 1226 955 1269 τὸ
988 1227 1192 1278 ταξείδιον
1221 1228 1424 1284 ποιήσας,
1469 1229 1545 1286 τήν
1573 1232 1773 1288 κεφαλὴν,

288 1307 292 1310 ’
329 1289 460 1349 ἤγουν
489 1290 562 1334 τὸν
591 1294 759 1348 πρῶτον
797 1293 1007 1347 Ἀμηρᾶν,
1053 1292 1126 1334 καί
1154 1294 1325 1349 τίθησιν
1355 1293 1439 1335 ὖπὸ
1480 1298 1564 1337 τῶν
1587 1299 1669 1338 ,τοῦ
1692 1301 1774 1351 βα-

329 1359 478 1408 σιλέως
503 1359 667 1410 ποδῶν,
694 1356 766 1398 καί
798 1364 927 1399 πατεῖ
950 1356 1080 1400 αὐτὸν
1112 1358 1135 1399 ὅ
1163 1357 1364 1412 βασιλευς
1386 1359 1458 1401 ἐπὶ
1485 1359 1559 1416 τὴν
1580 1362 1773 1418 -κεφαλὴν

327 1425 386 1480 τῷ
417 1425 542 1480 δεξιῷ
571 1424 695 1464 ποδί·
754 1419 776 1464 ὅ
805 1424 851 1464 δὲ
882 1422 1214 1479 πρωτοστράτωρ
1244 1423 1316 1466 ἐπὶ
1347 1427 1423 1467 τοῦ
1453 1424 1662 1482 τραχήλου
1691 1429 1773 1470 av’-

327 1492 404 1532 τοῦ
441 1491 632 1544 ἐπίστησι
661 1487 707 1530 τὸ
748 1487 963 1542 βασιλικὸν
999 1488 1132 1545 δόρυ,
1181 1493 1431 1545 κρατοῦντος
1469 1489 1658 1547 δηλονότι
1693 1496 1825 1539 ‘rotho

327 1557 534 1610 βασιλέως
560 1556 611 1611 τῇ
640 1555 756 1612 δεξιᾷ
782 1553 898 1610 χειρὶ
926 1552 970 1596 τὸ
1000 1554 1102 1597 αὐτὸ
1133 1552 1250 1611 δόρυ.
1306 1555 1380 1598 καὶ
1407 1557 1567 1606 εὐθέως
1597 1560 1772 1601 πίπτου-

327 1637 373 1664 σι
408 1619 560 1669 πάντες
594 1618 634 1662 οἱ
673 1621 838 1674 δέσμιοι
875 1627 1042 1676 πρηνεῖς
1074 1619 1147 1664 ε’πί
1185 1623 1260 1677 τῆς
1288 1623 1388 1676 γῆς·
1443 1620 1493 1664 τὰ
1529 1623 1576 1664 δὲ
1605 1621 1766 1668 τούτων

330 1812 423 1835 unus
455 1800 640 1834 modulata
663 1809 750 1834 voce
775 1809 919 1833 carmen
942 1799 1162 1845 triumphale
1186 1810 1333 1842 canere,
1357 1799 1455 1845 quod
1479 1799 1549 1834 hoc
1572 1805 1627 1835 est
1651 1799 1766 1848 [Mose

329 1847 515 1894 auctore]:
545 1848 727 1881 canamus
753 1848 921 1881 Domino.
968 1848 1115 1881 Illustri
1136 1848 1231 1882 enim
1255 1855 1292 1880 et
1313 1847 1476 1892 glorioso
1499 1848 1659 1893 exemplo
1675 1860 1766 1894 pro-

329 1893 427 1928 didit
448 1894 606 1940 gloriam
630 1902 665 1928 et
686 1895 888 1939 potentiam
919 1906 1032 1927 suam.
1084 1894 1230 1941 Equum
1263 1901 1299 1928 et
1335 1894 1492 1941 equitem
1528 1894 1690 1928 coniecit
1723 1895 1767 1928 in

331 1953 443 1975 mare.
470 1940 538 1973 Cui
562 1941 696 1985 reliqui
720 1946 883 1973 cantores
909 1947 946 1974 et
970 1946 1066 1977 totus
1091 1941 1246 1985 populus
1271 1940 1530 1984 respondentes
1554 1940 1766 1974 continuant

329 1986 502 2030 hymnum
530 1987 631 2020 illum
646 2011 656 2028 ,
692 1986 807 2019 donec
834 1993 916 2031 post
941 1988 1083 2031 saepius
1109 1988 1301 2020 alternatas
1322 1988 1482 2030 partium
1505 1986 1687 2020 ambarum
1706 1987 1765 2021 vi-

328 2044 386 2066 ces
420 2039 517 2067 totus
542 2032 702 2066 canendo
729 2033 915 2066 absolutus
941 2034 1060 2066 fuerit.
1119 2032 1294 2067 Absolute
1330 2033 1495 2076 protinus
1519 2034 1668 2076 rapiunt
1703 2033 1762 2066 lo-

328 2079 475 2124 gotheta
509 2079 658 2118 dromi,
698 2078 913 2112 domesticus
946 2079 1146 2112 scholarum
1182 2084 1219 2111 et
1257 2079 1318 2123 qui
1344 2078 1575 2111 excubiarum
1603 2079 1698 2112 vices
1722 2079 1764 2113 in

326 2126 509 2170 praetorio
535 2125 734 2158 identidem
761 2124 901 2158 obeunt
924 2126 1069 2170 strategi
1095 2137 1114 2158 e
1139 2126 1295 2157 statione
1320 2136 1383 2157 sua
1407 2130 1590 2167 magnates
1613 2124 1762 2159 Sarace-

326 2182 481 2205 norum:
507 2173 581 2205 sive
605 2173 676 2204 iam
701 2182 743 2204 eo
769 2171 829 2204 die
853 2172 1114 2204 classiariorum
1138 2170 1346 2216 drungarius
1370 2174 1407 2203 et
1429 2171 1575 2215 strategi
1602 2176 1638 2203 et
1665 2177 1763 2206 cete-

326 2219 359 2252 ri
394 2219 545 2252 maiores
577 2223 730 2250 rectores
751 2242 760 2258 ,
807 2218 880 2250 sive
920 2217 1118 2250 thematum
1162 2227 1225 2250 seu
1266 2217 1450 2262 legionum
1482 2218 1762 2262 provincialium

327 2266 493 2310 strategi,
519 2263 740 2298 turmarchae
766 2268 803 2296 et
824 2264 976 2296 maiores
1002 2269 1157 2296 rectores
1174 2289 1184 2304 ,
1207 2262 1301 2296 illud
1324 2262 1502 2297 taxidium
1530 2262 1607 2310 [seu
1629 2263 1760 2298 cohor-

326 2316 402 2345 tem
426 2312 466 2344 in
500 2311 605 2344 armis
638 2308 892 2353 procedentem
933 2310 1192 2354 securitatique
1218 2315 1326 2353 atque
1351 2309 1446 2343 bono
1471 2309 1591 2343 ordini
1615 2311 1758 2356 prospi-

327 2355 496 2404 cientem]
525 2357 726 2390 conficiant.
775 2355 866 2391 lude
891 2355 990 2389 ducit
1014 2367 1087 2396 eos,
1101 2367 1231 2400 nempe
1257 2355 1439 2400 logotheta
1464 2356 1592 2398 dromi,
1617 2356 1663 2389 ad
1684 2357 1760 2390 Im-

324 2409 526 2450 peratorem
549 2414 656 2448 super
678 2401 804 2447 gradus
829 2403 1016 2436 columnae
1044 2401 1286 2449 [Constantini
1300 2401 1324 2448 ,]
1352 2407 1388 2435 et
1419 2403 1564 2436 adiutus
1585 2414 1605 2436 a
1631 2403 1759 2437 dome-

326 2453 418 2484 stico
445 2451 647 2484 scholarum
662 2475 671 2489 ‚
695 2448 742 2494 (si
765 2460 894 2493 nempe
921 2449 981 2482 hic
1004 2454 1090 2482 tunc
1114 2448 1289 2482 taxidium
1314 2449 1421 2482 ducat
1431 2449 1457 2495 ,)
1481 2451 1678 2495 prosternit
1699 2460 1758 2483 ca-

324 2503 415 2542 put,
453 2497 492 2530 id
523 2497 576 2531 est
599 2497 755 2541 primum
782 2502 818 2528 et
852 2497 1084 2539 praecipuum
1119 2497 1278 2529 Amirum
1310 2497 1514 2540 captivum,
1544 2496 1610 2528 sub
1643 2495 1754 2540 pedes

324 2545 567 2588 Imperatoris,
614 2543 659 2575 Et
685 2547 771 2574 tunc
794 2543 949 2586 imponit
972 2543 1168 2586 Imperator
1198 2541 1326 2585 pedem
1353 2553 1455 2575 suum
1489 2541 1652 2575 dextrum
1677 2543 1755 2575 eius

325 2591 457 2635 capiti:
486 2594 722 2635 protostrator
746 2594 866 2621 autem
900 2590 1055 2634 imponit
1079 2589 1228 2622 iacentis
1254 2589 1383 2622 cervici
1415 2589 1552 2622 hastam
1583 2588 1755 2633 imperia-

324 2635 397 2669 lem
412 2661 422 2676 ,
457 2647 562 2683 quam
587 2637 663 2680 ipse
686 2636 884 2679 Imperator
909 2647 972 2668 sua
995 2646 1140 2680 quoque
1172 2635 1296 2668 dextra
1328 2634 1617 2679 comprehensam
1641 2639 1751 2668 tenet.

323 2683 376 2715 Eo
402 2683 511 2724 facto,
537 2682 668 2715 cadunt
691 2682 802 2714 ceteri
827 2683 959 2726 captivi
987 2693 1111 2716 omnes
1134 2683 1299 2727 protinus
1323 2683 1362 2715 in
1387 2688 1517 2715 terram
1538 2681 1662 2725 proni3
1687 2682 1752 2716 ha-

325 2734 473 2775 staeque
500 2734 536 2763 et
559 2728 714 2762 flamulla
739 2729 899 2774 ipsorum
931 2727 1079 2762 humum
1112 2739 1233 2767 versus
1265 2728 1437 2762 inclinata
1459 2729 1687 2764 invertuntur
1710 2727 1752 2761 in
