1832 3112
313 91 450 130 XXIV
790 88 865 129 10.
906 88 1012 129 IAC.
1056 88 1255 130 RElSKu

313 197 470 243 patrem
506 189 622 230 obiit.
688 186 802 229 Idem
835 188 1011 243 appellat
1054 188 1227 229 eundem
1270 190 1573 244 imperatorem
1618 203 1764 244 euum3

313 270 394 310 quo
423 257 618 310 significat
645 255 836 295 Basilium
851 285 862 307 ,
891 270 972 310 quo
1000 263 1182 310 tempore
1207 257 1283 296 ista
1313 255 1440 296 verba
1469 256 1735 297 exarabantur
1750 285 1764 310 ‚

313 324 445 363 adbuc
474 324 517 362 in
547 323 649 362 vivis
678 330 718 362 et
746 324 788 361 in
819 336 976 361 summa
1003 336 1140 362 rerum
1168 330 1364 376 potestate
1395 322 1532 362 fuisse.
1562 323 1769 378 Significat

313 404 475 444 quoque
502 404 544 429 se
570 391 703 443 ipsum
730 387 790 428 illi
823 389 1064 442 expeditioni
1093 389 1336 428 interfuisse.
1406 388 1630 430 Perhibent
1656 389 1765 431 idem

311 457 363 496 de
394 458 673 508 Constantino,
701 454 837 494 Basilii
875 454 974 503 filio,
1005 470 1088 496 non
1113 463 1274 495 tantum
1298 455 1506 496 Cznntnus
1535 463 1575 496 et
1601 456 1764 496 Smmn

311 524 521 563 Mimsmx
536 552 547 573 ,
577 522 646 561 sed
674 523 795 560 etiam
814 521 1027 575 Appendix
1055 523 1183 562 nostri
1201 521 1322 561 huius
1348 523 1500 575 operis,
1526 521 1616 562 loco
1641 536 1766 578 quem

310 590 447 644 paullo
469 597 562 628 ante
588 588 832 628 indicabam.
896 589 1035 639 Quum
1063 590 1199 642 itaque
1227 580 1514 628 Constantinus
1543 588 1612 628 ille
1637 588 1766 630 altero

310 664 402 710 post
429 659 546 696 istam
575 655 868 708 expeditionem
899 669 1005 693 anno
1022 654 1104 695 fato
1131 669 1204 694 suo
1223 655 1476 703 concesserit,
1504 669 1667 695 necesse
1688 662 1766 707 est,

48 731 51 734 ⁴
123 724 295 760 Ed.1,.1x
309 722 474 762 Tactica
502 721 572 761 illa
601 721 722 760 fuisse
748 722 857 760 intra
898 735 1024 760 annos
1054 721 1154 760 Chr.
1183 719 1264 775 878
1293 728 1334 760 et
1360 719 1443 775 879
1480 722 1654 775 scripta,
1683 736 1766 777 quo

306 797 490 843 tempore
511 789 686 828 auctoris
704 787 842 837 frater,
862 788 945 826 Leo
967 788 1140 841 sapiens,
1164 787 1415 826 Constantini
1429 789 1618 841 sapientis
1633 795 1766 843 pater,

307 856 489 895 nondum
519 868 685 894 uxorem
713 853 914 905 duxisset,
947 855 1091 907 viginti
1120 868 1185 893 sex
1215 853 1341 893 ferme
1362 854 1479 893 annis
1506 861 1615 907 ante,
1644 868 1768 909 quam

308 921 377 962 ille
416 921 704 962 Constantinus
741 921 783 959 in
824 919 956 959 lucem
993 920 1206 971 ederetur,
1250 921 1317 959 cui
1351 920 1475 974 vulgo
1514 920 1768 961 tribuuntur.

418 987 477 1027 At
505 988 603 1042 quid
629 989 688 1027 ais
717 987 768 1027 de
795 986 917 1026 loeo?
944 989 1156 1041 (repugnet
1183 986 1365 1040 aliquis),
1394 989 1467 1040 qui
1496 988 1539 1026 in
1566 987 1646 1027 fine
1673 986 1767 1028 illo-

310 1067 404 1095 rum
431 1056 695 1109 ipsorummet
722 1055 1007 1105 Tacficorum,
1036 1067 1118 1092 non
1148 1067 1196 1092 eo
1224 1055 1294 1107 qui
1323 1052 1421 1092 olim
1449 1054 1550 1106 fuit,
1598 1054 1671 1094 sed
1697 1055 1769 1109 qui

310 1122 433 1162 hodie
459 1123 503 1162 in
528 1120 672 1160 mutila
699 1120 874 1160 editione
902 1121 1134 1159 Meursiana
1163 1126 1248 1172 est,
1276 1134 1373 1174 pag.
1403 1118 1472 1171 52,
1501 1121 1545 1160 in
1571 1135 1655 1174 quo
1682 1135 1770 1161 me-

311 1195 493 1228 moratur
521 1187 665 1242 aliquis
691 1187 956 1241 Nicephorus
971 1216 987 1234 ,
1031 1201 1152 1240 quem
1167 1216 1179 1238 ,
1209 1188 1280 1240 qui
1307 1201 1355 1226 ea
1382 1187 1566 1240 scripsit,
1593 1187 1772 1242 appellat

311 1255 625 1302 ducem-suum,
654 1261 694 1294 et
721 1267 752 1294 a
779 1267 822 1293 se
852 1254 1021 1294 missum
1051 1254 1098 1292 in
1126 1252 1300 1304 Syriam
1327 1254 1564 1306 ingentibus
1592 1256 1650 1295 ait
1676 1254 1772 1296 cla-

311 1320 435 1362 dibus
470 1320 714 1361 Saracenos
758 1318 974 1375 affecisse.
1041 1320 1090 1359 In
1127 1322 1330 1360 neminem
1369 1321 1413 1360 id
1454 1321 1598 1362 cadere
1639 1329 1773 1377 potest

311 1401 434 1442 quam
464 1389 508 1426 in
527 1387 644 1426 illum
671 1388 820 1440 ipsum,
847 1387 962 1426 euius
982 1387 1026 1426 in
1053 1387 1332 1440 superioribus
1359 1390 1634 1439 meminimus,
1651 1389 1773 1430 Nice-

309 1454 484 1509 phorum
515 1453 697 1494 Phocam
716 1483 728 1504 ,
757 1454 828 1507 qui
856 1452 954 1492 olim
982 1451 1063 1492 dux
1077 1482 1089 1503 ‚
1119 1467 1191 1492 seu
1230 1453 1473 1494 domesticus
1509 1454 1772 1506 scholarum,

314 1521 566 1561 Constantini
593 1521 783 1574 sapientis
797 1548 809 1571 ‚
839 1527 878 1559 et
905 1519 1005 1570 filii,
1034 1520 1236 1571 Romani,
1265 1520 1412 1560 deinde
1437 1528 1531 1574 post
1556 1520 1677 1561 huius
1705 1535 1774 1562 ex-

313 1601 470 1627 cessum
511 1585 707 1627 orientale
747 1587 884 1640 rapuit
925 1586 1157 1640 imperium.
1230 1585 1360 1640 Atqui
1405 1579 1660 1641 Nicephorus
1704 1586 1776 1628 ille

313 1653 496 1693 nondum
523 1654 568 1692 in
594 1653 699 1693 vivis
726 1659 815 1692 tum
843 1660 929 1692 erat
943 1682 956 1705 ‚
998 1667 1126 1706 quum
1153 1653 1466 1705 Constantinus,
1505 1652 1642 1694 Basilii
1680 1654 1773 1696 Ma-

313 1719 477 1759 cedonis
495 1719 622 1770 filius,
651 1720 757 1758 vivis
785 1718 1007 1758 excederet.

423 1785 614 1825 Arduum
654 1799 826 1838 agnosco
845 1814 857 1836 ‚
904 1784 974 1824 sed
1011 1799 1187 1839 aequum
1228 1799 1312 1826 esse
1331 1815 1344 1838 ,
1385 1786 1497 1841 quod
1534 1787 1772 1841 opponitur.

316 1851 522 1903 Quaeram
549 1858 685 1890 tamen
713 1864 759 1889 ex
786 1849 856 1889 illo
887 1851 975 1904 ipso
1003 1859 1244 1903 argumento
1271 1853 1447 1905 speciem
1475 1860 1516 1892 et
1556 1852 1684 1892 robur
1709 1851 1771 1892 ini

314 1919 534 1958 sententiae
578 1917 819 1970 posteriori,
844 1917 910 1957 ad
948 1930 1071 1969 quam
1109 1931 1233 1971 supra
1269 1918 1350 1957 dixi
1389 1932 1456 1957 me
1483 1918 1611 1971 magis
1639 1918 1776 1957 animo

316 1983 584 2038 propendere,
614 1990 655 2022 et
681 1996 785 2036 quae
813 1983 969 2034 statuit,
999 1983 1310 2023 Constantinum
1338 1983 1502 2037 quidem
1518 1984 1775 2038 Sapientem,

318 2050 466 2089 Leonis
493 2049 620 2089 filium
635 2078 647 2100 ,
674 2049 850 2088 Romani
877 2056 1033 2102 patrem
1050 2079 1062 2100 ‚
1093 2048 1238 2101 huius,
1269 2050 1381 2104 quod
1408 2064 1516 2090 nunc
1544 2050 1640 2103 edo,
1671 2051 1776 2091 ceri·-

317 2115 505 2156 monialis
532 2115 627 2155 libri
653 2123 858 2155 auctorem
887 2129 988 2166 esse,
1018 2116 1174 2155 venisse
1199 2123 1335 2155 autem
1362 2130 1553 2170 processu
1579 2116 1786 2171 temporis

321 2181 511 2236 aliquem,
538 2184 609 2236 qui
636 2183 748 2236 operi
775 2181 834 2221 illi
861 2181 912 2220 de
941 2196 1013 2221 suo
1031 2181 1230 2235 quaedam
1258 2182 1475 2235 addiderit;
1503 2184 1574 2237 qui
1602 2182 1776 2223 fueritne

317 2248 603 2288 Constantinus
621 2262 746 2301 nepos
761 2276 772 2298 ‚
802 2262 854 2287 an
882 2247 1002 2298 alius,
1034 2250 1076 2287 in
1095 2248 1232 2287 medio
1253 2249 1428 2302 positum
1448 2248 1649 2302 relinquo.
1680 2248 1775 2289 Non

317 2314 594 2368 improbabilis
628 2322 781 2367 tamen,
809 2313 910 2353 mihi
946 2314 1126 2368 quidem,
1154 2314 1332 2367 videtur,
1358 2315 1392 2354 si
1431 2316 1522 2368 quis
1559 2315 1775 2365 existimet,
1807 2346 1810 2347 γ

319 2381 361 2420 id
402 2381 508 2420 idem
544 2380 728 2420 licentiae
777 2388 964 2434 nepotem
1003 2381 1079 2420 sibi
1118 2382 1161 2420 in
1188 2381 1385 2435 aviropus
1411 2394 1636 2434 arrogasse,
1662 2379 1776 2435 quod

321 2461 421 2486 avus
450 2449 492 2487 in
522 2448 655 2501 patrui
682 2461 783 2501 opus
811 2447 887 2486 sibi
916 2455 1190 2500 arrogaverat.
1260 2447 1418 2488 Eorum
1458 2446 1527 2486 ille
1565 2460 1654 2487 mos
1690 2453 1778 2487 erat

322 2520 568 2566 temporum,
597 2528 679 2552 non
708 2512 920 2554 laudabilis
941 2513 1122 2567 quidem,
1150 2514 1284 2553 minus
1301 2521 1437 2553 tamen
1451 2513 1775 2565 malevolentiae,

322 2592 447 2632 quam
473 2579 735 2634 simplicitatis
763 2585 803 2618 ct
842 2580 1021 2619 inscitiae
1047 2579 1180 2619 index.
1240 2579 1434 2619 Nondum
1460 2579 1661 2620 callebant
1686 2584 1775 2620 edm

325 2651 469 2698 artem,
509 2652 869 2687 commentatorum
909 2645 1274 2688 animadversiones
1314 2645 1365 2686 ab
1394 2653 1605 2691 auctorum
1644 2645 1779 2687 verbis
