1878 3112
365 111 720 154 coNs'rANTm
759 109 953 149 PORPH.
996 110 1067 148 DE
1103 109 1358 149 cEmmoN.
1484 88 1595 156 453

171 214 247 256 δύο
274 214 345 254 καί
378 213 504 268 τριῶν
542 209 838 266 σαγιττοβόλων
877 210 948 263 τῆς
987 208 1090 250 ὁδοῦ
1116 210 1192 250 τοῦ
1228 211 1431 262 βασιλέως
1459 210 1599 250 ἵστατο

170 279 527 332 παρατεταγμένον
553 275 601 317 τὸ
629 278 767 328 θέμα·
794 273 965 315 ἐπειδὰν
995 276 1040 316 δὲ
1069 270 1176 315 εἶδον
1201 271 1269 315 τὸν
1293 274 1468 327 βασιλέα
1489 278 1593 327 πλη-

173 342 396 393 σιάζοντα,
426 340 450 382 ὅ
476 341 554 394 μὲν
579 338 756 395 στρατὸς
782 338 963 393 ἐκάθητο
993 337 1063 380 ἐπὶ
1087 341 1168 380 τῶν
1195 340 1354 391 ἵππων,
1381 337 1418 380 οἱ
1448 340 1494 380 δὲ
1523 333 1602 393 ἆρ-

173 421 340 461 χοντες,
368 404 619 457 καταβάντες
646 403 813 456 πάντες,
842 403 914 444 ἐπὶ
934 406 1008 458 γῆς
1035 402 1135 452 ἴσως
1162 402 1356 455 ἔπιπτον,
1381 401 1468 446 εἶτα
1499 403 1600 445 άνα-
1612 409 1793 444 Ed.1,.262

145 469 344 519 5στάντες
369 468 476 523 μετὰ
504 471 655 518 παντὸς
680 470 756 511 τοῦ
784 471 967 522 στρατοῦ
996 468 1214 524 εὐφήμουν
1240 466 1314 511 τὸν
1340 472 1530 522 βασιλέα.
1577 469 1601 509 ὅ

173 537 221 577 δὲ
246 533 353 590 πρὸς
379 533 532 582 αὖτούς
559 536 741 586 ἐξὲνευε,
784 535 856 574 καί
882 530 992 583 ὅπως
1020 531 1203 586 ἔχουσιν,
1231 529 1400 588 ἧροότα,
1431 533 1505 576 καί
1529 531 1602 574 οιῗ-

170 616 254 649 τως
273 598 397 640 πάλιν
422 599 682 654 ὑπέστρεφεν
711 599 781 640 ἐπὶ
804 597 876 653 τὴν
905 597 1029 640 ὁδόν·
1085 595 1191 653 αὕτη
1220 600 1266 640 δὲ
1295 598 1321 654 ἧ
1351 599 1604 647 κατάστασις

165 659 224 718 ἦν
251 666 365 721 αὐτῷ
393 660 496 718 ἄχρι
524 666 606 705 τῶν
635 665 900 716 οἰκουμένων.
954 665 1118 716 μέλλων
1147 665 1193 705 δὲ
1231 666 1304 706 καί
1336 664 1441 719 πρὸς
1467 663 1521 706 τὰ
1550 660 1603 705 οἷ-

173 729 316 784 οίκητα
359 730 651 783 εἷσέρχεσθαι,
695 729 949 781 α’πεβάλλετο
994 725 1100 781 τό,τε
1140 730 1425 784 περισσότερον
1457 729 1602 783 χρῆμα

125 795 244 839 romi
267 793 318 836 τά
358 793 614 850 φορτώματα
640 793 713 834 καί
737 794 832 843 τοὺς
859 794 934 834 τοῦ
963 795 1066 835 λαοῦ
1094 794 1419 849 ἀσθενεστέρους
1446 795 1518 835 καί
1547 792 1598 834 τά

169 861 256 900 τῶν
299 855 455 912 ἀλόγων
493 857 611 911 χωλά
651 858 725 900 καί
757 860 1159 912 τετραυματισμένα.
1214 858 1356 900 ἐδίδου
1384 861 1430 900 δὲ
1460 859 1603 906 αὐτοῖς

171 923 357 978 κεφαλὴν
383 921 457 964 καὶ
493 925 620 978 μέρος
646 923 783 976 ὀλίγον
810 925 991 978 στρατοῦ
1019 924 1077 972 εἰς
1106 924 1318 979 φυλακὴν,
1366 926 1530 966 ἐκέλευέ
1556 941 1603 966 τε

168 988 412 1043 πλησιάζειν
450 990 552 1028 καθ’
578 990 622 1030 ἓν
648 989 734 1029 τῶν
761 988 1083 1043 ἀσφαλεστέρων
1112 986 1298 1044 κάστρων
1311 1022 1324 1040 ,
1367 986 1469 1043 ὅπερ
1496 993 1642 1046 πλη-Ἐξ

171 1050 382 1110 σιέστερόν
418 1054 508 1095 ἐστι
545 1051 650 1108 πρὸς
686 1051 760 1107 τήν
797 1055 1033 1105 μέλλουσαν
1068 1052 1211 1104 ἔξοδον
1251 1057 1329 1094 τοῦι
1363 1055 1466 1095 λαοῦ
1492 1053 1599 1107 γίνε-

125 1120 290 1165 ι5ἰθαι.
343 1119 416 1159 καί
451 1114 557 1169 μετά
584 1119 713 1159 ταῦτα
741 1114 892 1171 ὥριζεν
919 1117 1000 1158 άπὸ
1031 1120 1114 1159 τῶν
1142 1117 1335 1170 θεμάτων
1360 1119 1511 1173 μοι’ρας
1537 1135 1600 1160 τι-

170 1181 269 1235 νὰς,
296 1181 396 1231 τούς
422 1184 500 1234 μὲν
525 1182 857 1238 προπορεύεσθαι
885 1181 1123 1237 ἔζιιπροσθεν
1148 1185 1222 1225 τοῦ
1250 1182 1465 1238 φοσσάτου
1494 1182 1602 1238 πρὸς

172 1245 363 1303 φυλακὴν
390 1244 545 1300 αὗτοῦ,
572 1247 672 1296 τούς
700 1249 746 1290 δὲ
775 1242 948 1290 ὄπισθεν
975 1250 1297 1300 ἐπακολουθεῖν,
1327 1247 1400 1297 οὓς
1427 1251 1600 1290 καλοῦσι

171 1311 486 1369 νωτοφόλακας·
542 1311 580 1354 οἱ
608 1314 655 1355 δὲ
697 1311 822 1356 αὐτοὶ
860 1313 1053 1369 ὑπῆρχον
1082 1315 1155 1355 καί
1190 1314 1396 1369 θηρευταὶ
1419 1317 1503 1355 τῶν
1531 1311 1602 1354 διὰ
1614 1316 1747 1361 Με.4.α

172 1377 332 1419 δειλίαν
356 1373 384 1432 ἢ
412 1375 627 1436 ῥᾳθυμίαν
661 1379 976 1434 στρεφομένων·
1033 1378 1071 1420 οἱ
1099 1380 1146 1420 δὲ
1177 1382 1277 1433 παρ’
1316 1375 1491 1432 ἑκάτερα
1530 1393 1603 1418 πε-

120 1441 417 1500 ποριεπάτουν,
457 1440 532 1492 οὓς
558 1443 730 1487 ἐκάλουν
770 1444 1134 1499 πλαγιοφύλακας*
1191 1441 1227 1484 οἱ
1257 1444 1302 1484 δὲ
1331 1443 1453 1484 αὕτοί
1475 1442 1602 1495 μάλι-

174 1586 408 1626 instructum,
427 1595 448 1616 a
469 1585 548 1626 via,
578 1596 651 1630 qna
669 1585 925 1619 transeundum
961 1590 1038 1619 erat
1062 1586 1285 1629 Imperatori.
1332 1586 1380 1619 Ut
1405 1589 1526 1618 autem
1543 1585 1599 1618 vi-

175 1630 310 1664 debant
334 1632 588 1675 Imperatorem
625 1633 994 1676 appropinquantem,
1041 1631 1212 1664 manebat
1244 1631 1392 1676 quidem
1426 1632 1465 1664 in
1496 1632 1599 1676 equis

174 1676 315 1722 'reliqua
338 1677 466 1716 turba,
492 1676 600 1710 duces
628 1683 748 1710 autem
775 1677 950 1710 militares
972 1689 1093 1710 omnes
1119 1677 1404 1719 descendebant,
1428 1682 1465 1710 et
1492 1677 1601 1709 simul

175 1733 299 1756 omnes
319 1722 556 1766 procidebant
577 1722 707 1764 humo3
740 1728 924 1767 surgentes
947 1724 1031 1757 dein
1053 1722 1329 1757 concelebrabat
1354 1729 1391 1757 et
1414 1722 1600 1757 beneven-

174 1767 278 1801 tabat
302 1769 557 1813 Imperatorem
586 1769 711 1802 faustis
744 1769 1061 1803 acclamationibus
1097 1781 1166 1803 una
1194 1770 1294 1804 velut
1327 1781 1412 1804 voce
1440 1774 1516 1803 tota
1544 1770 1600 1802 le-

175 1815 247 1859 gio.
291 1814 515 1848 Deflectebat
539 1813 585 1846 ad
610 1826 670 1848 eos
699 1817 895 1859 Imperator
923 1816 967 1849 de
991 1817 1047 1848 via
1082 1815 1400 1861 interrogabatque
1416 1841 1427 1856 ,
1448 1827 1602 1861 quomo-

176 1861 223 1894 do
244 1860 415 1894 valerent.
463 1862 515 1895 Eo
541 1861 647 1902 facto,
677 1862 820 1894 redibat
850 1862 888 1895 in
906 1862 1009 1894 viam.
1059 1863 1111 1894 lta
1139 1862 1260 1903 fiebat,
1288 1863 1402 1896 donec
1425 1862 1463 1895 in
1485 1863 1600 1894 amico

175 1906 254 1940 solo
270 1906 525 1940 ambularetur.
571 1908 617 1940 At
637 1919 747 1952 quum
773 1908 811 1941 in
836 1919 878 1943 eo
903 1908 972 1940 iam
999 1914 1091 1941 esset
1115 1909 1334 1954 Imperator,
1360 1914 1402 1941 ut
1421 1907 1601 1941 hosticum

174 1953 342 1994 intraret,
366 1953 565 1998 seponebat
596 1958 632 1986 et
659 1959 754 1987 retro
783 1966 927 1987 manere
949 1953 1098 1987 iubebat
1126 1956 1341 1999 superfluam
1361 1954 1601 1999 suppellecti-

173 1999 248 2032 lem
269 1999 498 2043 sarcinasque
515 2005 551 2032 et
574 2000 846 2034 multitudinem
870 2001 1064 2034 invalidam
1086 2002 1402 2046 iumentorumque
1420 1999 1603 2045 quidquid

174 2045 223 2078 ad
248 2045 550 2079 claudicationem
584 2046 777 2080 deductum
809 2051 872 2079 aut
910 2047 1120 2080 vulneribus
1156 2047 1358 2081 consectum
1385 2051 1489 2080 esset.
1537 2045 1601 2078 His

173 2090 386 2135 imponebat
414 2097 523 2136 caput
557 2093 614 2126 vel
650 2093 878 2136 capitaneum
912 2098 975 2125 aut
1007 2094 1153 2134 ducem,
1181 2093 1419 2138 exiguamque
1447 2092 1604 2126 addebat

174 2136 368 2170 militarem
398 2148 564 2178 manum,
598 2138 823 2184 iubebatque
851 2150 911 2172 eos
948 2140 987 2172 in
1015 2141 1183 2173 viciniam
1212 2151 1289 2173 sese
1313 2140 1473 2185 recipere
1496 2139 1603 2172 castri

175 2183 329 2216 alicuius
367 2184 574 2217 munitioris
602 2190 638 2218 et
665 2185 711 2217 ad
737 2186 841 2218 illum
866 2185 1044 2231 propioris
1067 2191 1220 2220 tractum
1236 2211 1246 2226 ‚
1279 2198 1299 2219 e
1319 2198 1391 2231 quo
1409 2186 1603 2219 descensu-

177 2239 237 2260 rus
255 2229 294 2262 in
318 2229 498 2263 hosticum
518 2236 596 2264 erat
613 2232 800 2265 exercitus.
846 2232 989 2266 Deinde
1008 2232 1208 2276 deputabat
1233 2233 1382 2266 selectos
1410 2243 1430 2265 e
1461 2231 1603 2263 thema·-

177 2273 276 2306 tibus
317 2276 542 2320 manipulos,
578 2277 708 2321 partim
742 2289 988 2321 praecessuros
1021 2280 1194 2312 fossatum
1222 2290 1284 2311 seu
1317 2278 1512 2311 exercitum
1533 2277 1604 2309 ho-

179 2319 361 2364 stiumque
390 2321 551 2355 subitum
596 2323 771 2356 insultum
811 2335 1007 2363 ενοι-θυνος,
1038 2326 1168 2370 partim
1207 2324 1462 2358 subsecuturos
1495 2323 1606 2367 aliosi

180 2376 270 2410 quos
290 2371 487 2409 postremos
508 2369 767 2413 notophylacas
796 2381 859 2403 seu
879 2371 1044 2404 custodes
1066 2372 1216 2416 tergoris
1241 2370 1424 2414 appellare
1446 2380 1524 2401 mos
1540 2373 1605 2401 est.

181 2410 318 2443 Horum
338 2412 621 2457 'tergicustodum
643 2421 721 2449 erat
741 2427 801 2449 eos
828 2417 977 2458 venari,
1016 2418 1080 2462 qui
1112 2423 1176 2450 aut
1195 2416 1359 2450 imbelles
1396 2420 1458 2447 aut
1482 2425 1605 2459 segnes

182 2461 295 2489 castra
313 2468 386 2490 non
407 2464 669 2493 assectarentur
693 2467 730 2494 et
758 2462 871 2495 aciem
891 2461 1109 2500 desererent,
1154 2464 1227 2496 Alii
1245 2462 1290 2494 ab
1311 2467 1466 2505 utroque
1491 2461 1604 2496 latere

182 2501 447 2535 comitabantur
471 2511 672 2550 moventem
693 2508 888 2541 exercitum
902 2534 910 2548 ,
970 2520 1034 2541 uos
1054 2509 1343 2553 plagiophylaeas
1368 2518 1430 2539 seu
1452 2506 1605 2538 laterum

182 2547 346 2581 custodes
378 2550 618 2593 appellabant.
667 2553 803 2586 Horum
832 2559 908 2586 erat
931 2566 952 2587 o
981 2556 1118 2588 servare
1142 2560 1252 2599 atque
1279 2557 1461 2592 coercere,
1486 2551 1515 2582 Si
1540 2551 1605 2596 ‘lui

182 2592 228 2624 ad
254 2592 392 2627 hostem
428 2597 648 2640 transfugere
671 2599 897 2643 molirentur,
945 2600 1076 2634 Omnes
1102 2605 1223 2633 autem
1245 2599 1302 2639 hi,
1336 2603 1408 2630 tam
1435 2608 1604 2641 praecur-

182 2650 296 2681 sores,
331 2650 439 2684 quam
474 2642 734 2687 subsequentes
755 2651 791 2678 et
818 2657 838 2678 a
863 2645 1037 2680 lateribus
1061 2647 1292 2687 comitantes,
1327 2648 1467 2676 tantum
1494 2643 1605 2677 ‹lissa-
