1878 3112
347 155 419 196 ΒΕ
455 153 714 197 οΕιυΜοΝ.
754 154 932 196 AULAE
967 153 1192 196 mcum.
1225 155 1280 196 11.
1307 154 1374 198 52,
1457 155 1483 207 7
1501 155 1519 189 1
1540 155 1558 189 ι

141 254 358 311 σοστορίου
383 257 432 308 ἐκ
455 259 676 314 βασιλικῆς
701 254 846 311 χειρὸς
872 254 1123 298 ἔπιδῗδοται.
1165 255 1314 298 δίδωσι
1338 255 1568 311 συνήθειαν

141 322 199 378 τῷ
225 321 300 376 τῆς
321 320 614 371 καταστάσεως
634 320 679 364 τὰ
717 319 910 375 καμίσιον
939 318 1082 374 αὐτοῦ,
1109 327 1194 369 τοῖς
1220 321 1268 362 δὲ
1285 319 1571 376 πραιποσίτοις

141 387 215 427 καὶ
237 385 481 441 μαγίστροις
509 388 771 429 συνεστιᾶται
798 387 992 442 παρέχων
1013 386 1158 435 αὐτοῖς
1177 387 1251 427 καί
1276 384 1439 439 δόματα
1470 382 1571 439 ἱμα-

141 449 251 493 τίων.
306 448 532 506 συνήθειαν
569 453 615 494 δὲ
656 457 742 502 τοῖς
785 450 1072 507 πραιποσίτοις
1108 453 1181 493 καί
1187 443 1191 447 ’
1213 452 1460 507 μαγίστροις
1496 450 1573 492 καί

121 519 304 566 5λοιποῖς
339 515 415 572 την
452 519 532 558 τοῦ
557 520 774 574 πατρικίου
804 514 951 573 διπλῆν
978 515 1206 572 συνήθειαν
1232 516 1421 573 παρέχει.
1472 532 1570 558 πεν·

142 580 406 638 τεκαιδεκᾰτη
433 581 458 638 ἧ
485 583 559 638 τῆς
592 584 749 638 ζωστῆς
771 585 994 640 πατρικίοις
1019 579 1129 636 sigla,
1156 578 1206 640 ἧς
1227 586 1436 638 βραβεῖον,
1462 583 1603 625 πλάι-Β
1659 587 1666 594 “

143 662 213 696 κες
238 644 499 704 ἔλεφᾰντιναι
526 646 676 701 ὅμοίως
703 655 789 698 τοῖς
815 649 1068 704 πατρικίοις,
1110 649 1157 691 ἐκ
1188 647 1333 704 χειρὸς
1364 648 1570 702 βασιλέως

146 714 393 756 indevotae.
431 713 579 756 δίδωσι
606 714 834 770 συνήθειαν
862 720 947 764 τοῖς
972 718 1204 771 βασιλικοῖς
1229 718 1437 771 κληρικοῖς
1452 747 1479 768 ,,
1497 713 1573 767 κδ’,

145 778 204 834 τῷ
230 777 410 838 δευτέρῳ
427 813 454 832 ,,
472 778 548 834 κδ’,
574 778 669 829 τούς
694 782 935 828 κοιτωνίτας
960 779 1102 835 λίτρας
1126 780 1175 834 γ’,
1202 778 1250 821 τὸ
1277 777 1580 834 κουβούκλειον“

96 839 223 885 :ooth
235 848 324 892 τοῖς
340 847 628 900 πραιποσίτοις
652 845 797 899 μόνοις
820 847 981 902 χρυσοῦ
1005 846 1150 902 λίτρας
1181 846 1214 900 γ’
1243 847 1315 887 καί
1351 843 1399 886 τὸ
1427 843 1574 899 στιχά-

146 923 238 964 ριον
267 909 395 965 αὐτῆς
420 912 482 968 τῷ
505 914 775 970 πραιποσίτῳ.
829 913 889 970 τῷ
915 912 989 968 τῆς
1012 911 1216 967 τραπέζης
1240 912 1313 966 τῆς
1339 909 1574 966 αὖγούστης

145 972 252 1027 μετὰ
287 973 363 1030 τὴν
401 980 780 1033 πρωτοβεστιαριάν
820 977 895 1018 καί
926 976 1002 1031 τὴν
1039 976 1365 1033 πριμικὴρισσαν
1395 975 1470 1018 καὶ
1499 974 1574 1026 τὰς

145 1039 456 1090 κοιτωνιτίσσας
483 1041 556 1083 καί
590 1044 920 1098 κουβουκλαρὲας
956 1043 1100 1100 λίτρας
1137 1040 1189 1096 β’.
1241 1039 1508 1096 ὲξκαιδεκᾰτη
1545 1039 1574 1096 ἦ

147 1106 226 1145 τοῦ
249 1105 563 1161 κουροπαλάτου
591 1106 714 1162 ἀξία,
754 1101 804 1162 ἧς
843 1110 1071 1162 βραβεῖον,
1106 1104 1238 1162 χιτών
1263 1106 1450 1164 κόκκινος
1472 1122 1583 1160 χρυ-

70 1214 78 1218 ,
102 1169 380 1221 ιόσοποίκιλος
404 1173 481 1214 καί
515 1171 680 1226 χλαμὺς
720 1172 795 1215 καὶ
826 1173 955 1228 ζώνη,
1000 1175 1046 1215 ἐκ
1081 1164 1225 1229 χειρῖις
1267 1172 1472 1226 βασιλέως
1508 1171 1582 1214 ἐπὶ

149 1236 254 1276 ναοῦ
280 1238 446 1292 Κυρίου
474 1238 675 1294 λαμπρῶς
700 1238 946 1280 ἒπιδῗδοται.
975 1239 1122 1280 δίδωσι
1149 1238 1376 1293 συνήθειαν
1402 1235 1479 1291 την
1504 1239 1582 1278 τοῦ

147 1300 382 1356 μαγίστρου
421 1302 599 1357 διπλῆν,
653 1305 712 1362 τῷ
750 1304 929 1361 δευτέρῳ
955 1303 1099 1359 λίτραν
1134 1302 1186 1356 α’,
1222 1304 1419 1358 παρέχων
1455 1302 1618 1344 mian-C

149 1362 398 1422 ἆντιλήψεις
425 1370 500 1410 καί
529 1367 856 1422 ἆναβιβασμούς.
910 1366 1237 1425 ἑπτακαιδεκάτη
1273 1367 1300 1423 ἢ
1342 1369 1419 1409 τοῦ
1453 1369 1582 1420 νωβε-

149 1430 328 1486 λησίμου
356 1434 476 1487 α’ξία,
519 1427 570 1488 ἧς
595 1437 818 1489 βραβεῖον,
854 1432 989 1488 χιτών
1018 1435 1063 1484 ἐξ
1089 1434 1336 1487 ἆλουργίδος
1370 1431 1580 1487 χρυσόθε<

96 1512 218 1546 norm,-
269 1496 342 1538 καὶ
375 1497 541 1551 χλαμὺς
579 1498 654 1540 καὶ
686 1498 819 1554 ζώνη,
863 1500 909 1540 ἐκ
948 1498 1093 1555 χειρὸς
1133 1499 1338 1553 βασιλέως
1379 1498 1450 1538 elna*
1473 1499 1579 1538 ναοῦ

151 1562 317 1618 Κυρίου
346 1563 547 1619 λαμπραῖς
570 1564 816 1605 ἐπιδίδοται.
870 1564 1017 1605 δίδωσι
1054 1563 1281 1618 συνήθειαν
1300 1559 1441 1610 καθώς
1467 1560 1540 1603 καί
1558 1561 1582 1602 ὅ

131 1625 453 1683 ’κωροπαλάτηᾳ
510 1626 838 1687 ὄκτωκαιδεκιέτη
864 1625 891 1684 ἧ
918 1630 994 1670 τοῦ
1010 1630 1206 1685 καίσαρος
1233 1628 1344 1680 α’ξία,
1371 1629 1580 1683 παρομοία

241 1728 275 1750 2.
297 1717 349 1762 τῷ
365 1727 451 1764 καμ.
478 1717 534 1751 ed.
629 1719 661 1753 8.
684 1719 740 1752 Ita
758 1720 795 1752 R.
809 1744 820 1761 ,
843 1717 1064 1752 ἐπιδίδωται
1078 1717 1155 1752 cod.
1176 1723 1213 1752 et
1234 1716 1289 1750 ed.

150 1789 332 1830 pel-texta,
358 1790 396 1819 et
419 1786 603 1830 scapulare
627 1797 707 1819 cum
729 1786 846 1819 aureis
867 1785 1001 1819 tabulis
1015 1811 1026 1827 ,
1062 1792 1100 1820 et
1131 1795 1222 1818 zona
1245 1788 1383 1818 scortea
1416 1783 1582 1817 coccinea

153 1833 301 1876 gemmis
323 1837 470 1872 ornata,
492 1833 599 1877 vulgo
622 1831 804 1866 baltidion
832 1832 927 1866 dicta
942 1858 952 1873 ,
977 1843 1084 1877 super
1114 1831 1354 1875 chrysostorio
1393 1828 1470 1875 [seu
1505 1830 1582 1863 sala

154 1879 273 1911 aureis
298 1878 425 1911 statuis
451 1877 637 1925 instructa]
666 1880 763 1924 regia
786 1889 893 1912 manu
918 1878 1071 1922 tradita;
1107 1878 1170 1912 dat
1193 1876 1492 1911 consuetudinem
1519 1888 1580 1910 ce-

156 1923 363 1958 rimoniario
389 1925 573 1957 camisium
597 1936 720 1967 suum3
754 1926 978 1970 praepositos
1012 1929 1050 1958 et
1070 1926 1255 1968 magistros
1286 1922 1450 1956 convivio
1482 1923 1582 1956 exci-

156 1972 214 2015 pit
234 1970 468 2017 vestibusque
492 1970 620 2014 donat5
653 1971 950 2005 consuetudinem
981 1977 1103 2004 autem
1134 1970 1263 2003 iisdem
1295 1968 1509 2014 praepositis
1544 1973 1584 2002 et

155 2017 333 2059 magistris
365 2018 585 2062 ceterisque,
626 2015 775 2063 [quibus
799 2018 877 2051 dari
908 2029 984 2051 mos
1009 2022 1087 2057 est,
1137 2017 1327 2061 datamque
1358 2028 1380 2049 a
1418 2015 1582 2059 patriciis

155 2063 322 2104 diximus,
365 2062 511 2107 duplam
543 2064 606 2097 dat
631 2065 730 2103 eius,
755 2076 863 2110 quam
895 2063 1050 2097 diximus
1074 2064 1245 2108 patricios
1280 2061 1375 2096 dare.
1432 2061 1582 2095 Decima

156 2109 284 2155 quinta
334 2110 461 2155 ignitas
485 2115 540 2143 est
563 2115 681 2144 zostae
708 2109 785 2157 [seu
814 2109 1008 2157 aoeinctae]
1047 2110 1242 2156 patriciae,
1274 2109 1377 2142 cuius
1407 2107 1581 2141 braheum

157 2161 243 2188 sunt
266 2156 447 2189 eburneae
471 2156 615 2189 tabulae
629 2180 641 2197 ‚
665 2158 803 2201 pariter
828 2163 938 2202 atque
961 2162 1045 2191 sunt
1068 2157 1321 2201 patriciorum,
1354 2154 1449 2198 regia
1470 2165 1580 2187 mauu

158 2199 320 2234 traditae.
346 2203 653 2237 Consuetudinem
678 2202 742 2237 dat
764 2203 935 2248 palatinis
954 2204 1093 2246 clericis
1106 2201 1240 2236 solidos
1255 2203 1311 2246 24,
1337 2200 1484 2234 deutero
1500 2207 1582 2234 tan-

159 2247 319 2288 tundem,
342 2249 532 2282 coetonitis
555 2249 656 2282 litras
672 2253 755 2290 tres,
764 2249 932 2283 cubiculo
955 2255 992 2284 et
1013 2250 1228 2294 praepositis
1250 2248 1328 2281 auri
1354 2247 1454 2281 litras
1480 2252 1575 2289 tres;

157 2294 363 2338 praeposito
391 2295 538 2328 seorsim
564 2295 772 2329 sticharium
796 2307 920 2337 suum,
953 2296 1158 2341 praeposito
1192 2305 1336 2328 mensae
1370 2293 1578 2337 Imperatr-i-

161 2339 234 2378 cis,
269 2346 312 2374 ut
341 2346 378 2374 et
400 2342 693 2385 protovestiaria'e
720 2348 756 2376 et
779 2342 1038 2387 primicerissae
1063 2348 1099 2376 et
1122 2341 1332 2375 coetonissis
1357 2345 1394 2372 et
1425 2338 1577 2371 cubicu-

160 2383 318 2418 lar-iabus
342 2387 404 2420 ‹lat
426 2388 523 2420 litras
547 2401 577 2422 2.
625 2389 770 2421 Decima
795 2393 895 2420 sexta
926 2388 1081 2434 dignitas
1111 2394 1166 2422 est
1197 2386 1441 2431 curopalatae,
1475 2385 1577 2417 cuins

139 2429 334 2463 'brabeum
355 2433 477 2466 tunica
503 2436 670 2468 coccinea
693 2439 779 2467 auro
805 2434 901 2477 picta
936 2441 973 2468 et
1004 2434 1160 2478 chlamys
1190 2434 1248 2467 vel
1282 2430 1576 2477 paludamentum

162 2481 200 2510 et
223 2487 333 2517 zona,
358 2479 452 2522 regia
474 2491 580 2514 manu
606 2481 735 2514 tradita
757 2479 906 2514 solenne
931 2484 1070 2525 pompa'
1085 2481 1126 2513 in
1149 2480 1283 2523 templo
1302 2477 1458 2511 Domini·
1504 2476 1577 2509 Dat

114 2546 120 2550 «
162 2521 460 2556 consuetudinem
487 2527 586 2567 eius,
620 2538 726 2571 quam
761 2526 928 2570 magister
959 2525 1041 2567 dat,
1074 2526 1238 2571 duplam,
1277 2523 1425 2556 deutero
1458 2522 1578 2555 littam

162 2579 295 2609 unam,
327 2569 493 2604 omnibus
514 2583 662 2606 munera
693 2577 730 2605 et
762 2573 1016 2617 promotiones.
1063 2573 1212 2608 Decima
1238 2569 1388 2613 septima
1421 2566 1576 2612 dignitas

162 2620 218 2647 est
249 2613 485 2656 nobilissimi,
517 2620 617 2652 euius
650 2617 825 2652 brabeum
855 2619 976 2652 tunica
1006 2629 1187 2664 purpurea
1216 2625 1302 2649 auro
1339 2614 1497 2654 intexta,
1540 2619 1578 2647 et

162 2659 319 2704 chlamys
342 2667 379 2695 et
401 2673 490 2696 zona
513 2663 701 2708 splendida
724 2676 805 2703 cum
827 2670 957 2710 pompa
988 2666 1026 2698 in
1057 2664 1192 2708 templo
1229 2661 1376 2694 Domini
1405 2659 1451 2691 ab
1488 2660 1576 2703 Imp.

162 2705 308 2744 tradita.
354 2707 533 2751 Eandem,
565 2721 672 2755 quam
701 2710 924 2755 curopalates
938 2736 950 2754 ‚
982 2711 1044 2745 dat
1074 2707 1380 2745 consuetudinem.
1429 2705 1577 2741 Decima
