1878 3112
248 131 358 209 758
443 182 446 185 .
534 153 893 195 coNsTAMml
933 153 1418 196 PoRPHYROGENm

243 254 556 309 τοσπαθαρίων,
587 251 847 310 άσηκρητῶν,
874 257 1197 312 χαρτουλαρίων
1224 258 1309 299 τῶν
1334 255 1529 312 μεγάλων
1551 257 1697 312 σεκρὲ-

243 337 348 374 των,
378 320 574 373 ὖπάτων,
605 320 923 377 ἆντιγραφέων,
952 323 1267 378 σιλεντιαρίων,
1305 321 1583 379 βεοτητὸρων,
1611 321 1694 364 α’πό

201 386 454 442 Βέπάρχων,
483 387 834 443 σκηπτροφόρων,
863 386 1152 444 σιγνοφόρων,
1180 387 1416 446 σενατόρων
1443 388 1518 432 καὶ
1541 390 1698 431 λοιπῶν

243 450 462 508 ἀρχόντων
499 454 584 494 τῶν
626 452 662 493 δ’
689 453 937 507 ταγμάτων.
991 456 1062 495 δεῖ
1096 456 1143 497 δὲ
1184 457 1468 511 προστιχίζειν
1507 451 1698 504 ἅπαντας

242 517 346 560 κατά
375 516 421 560 τὸ
453 516 580 560 ποσὸν
606 521 678 572 τῆς
705 521 925 575 τραπέζης,
952 522 1027 562 καί
1052 518 1234 576 εἰσάγειν
1259 519 1415 570 αὐτούς
1441 519 1724 581 καίἕξάγεινό

241 582 433 633 ἅπαντας
469 583 575 637 μετὰ
618 587 702 628 τῶν
739 587 900 629 οἰκείων
939 584 1233 640 άλλαξιμάτων
1271 583 1588 644 ἧμφιεσμένους
1621 585 1699 629 καὶ

240 648 318 699 τάς
345 647 507 693 ἑαυτῶν
531 652 760 705 χλαμύδας
785 654 1030 712 ἐμπροσθιῖρ
1059 655 1118 711 τῷ
1145 652 1447 711 σχήματιῄκαί
1473 654 1545 695 δεῖ
1564 667 1697 709 προσ-

240 717 354 770 έχειν
380 720 437 775 τῷ
463 719 538 759 τοῦ
567 717 747 774 ὀργάνου
777 720 1006 775 φθέγματι,
1034 719 1109 760 καί
1132 718 1256 774 ἡνίκα
1283 717 1360 774 τήν
1385 714 1597 775 ἇπὴχησιν
1617 720 1696 761 τοῦ

240 781 432 839 φθόγγου
461 785 617 841 παύσῃ,
648 785 864 843 ἐξανιστᾷν
895 783 1084 835 ἅπαντας
1111 786 1172 834 εἷς
1199 782 1413 842 εὖφημίαν
1437 786 1522 827 ταῖν
1550 785 1696 827 δεσπο·

237 852 340 902 τῶν,
385 849 458 892 καί
481 846 612 900 αὖθις
653 852 898 893 ἐκτίθεσθαι
924 850 1001 901 τὰς
1027 848 1193 894 ἑαυτῶν
1213 848 1440 906 χλαμύδας
1466 851 1595 907 μέχρι
1621 851 1765 906 τῆςισ

238 915 423 972 ἀφίξεως
448 919 526 960 τοῦ
551 919 703 971 μίνσου
730 919 814 960 τῶν
843 918 1071 971 δουλκίων,
1120 917 1195 959 καί
1230 915 1358 959 πάλιν
1393 916 1551 966 ταύτας
1590 911 1695 959 ἅνα-

239 981 534 1036 λαμβάνεσθαι
562 985 747 1038 πάντας,
797 979 911 1034 ὅπως
950 980 1004 1027 ἂν
1042 988 1136 1038 μετ’
1165 980 1308 1026 αὖτῶν
1335 985 1624 1036 συνεξέλθοιεν
1649 983 1696 1026 ἒν

45 1041 293 1105 Εά.1,.439τῇ
323 1047 445 1107 ὁμοία
473 1045 611 1100 τάξει.
666 1049 712 1093 τὸ
755 1051 802 1093 δὲ
838 1049 1042 1104 ἑπόμενον
1078 1053 1138 1109 τῷ
1173 1051 1326 1108 δεξίμῳ
1365 1048 1534 1092 ἱππικὸν
1561 1043 1696 1091 ἆθλον

242 1118 423 1157 τελεῖται
460 1117 539 1168 μὲν
566 1118 617 1173 τῇ
644 1117 847 1172 ἐπαύριον
877 1118 952 1159 τοῦ
994 1117 1162 1171 δεξιζιιου
1193 1117 1343 1176 ἡμέρᾳ,
1382 1114 1458 1158 καί
1481 1114 1590 1170 μετὰ
1619 1113 1696 1171 τὴν

244 1177 378 1231 αὐτοῦ
407 1180 613 1224 ἀπόλυσιν
641 1187 823 1224 τελεῖται
851 1181 1081 1239 κλητώριον
1108 1185 1154 1225 ἐν
1195 1183 1254 1240 τῷ
1280 1183 1471 1240 τρικλίνῳ
1498 1182 1582 1224 τῶν
1619 1180 1748 1224 ιτα-15

243 1244 482 1300 θισμάτων.
542 1246 617 1289 καί
641 1249 712 1290 δεῖ·
734 1247 850 1303 ἡμᾶς
878 1245 1138 1305 εὐτρεπίζειν
1165 1250 1316 1305 φίλους
1342 1249 1402 1297 εἰς
1428 1248 1697 1290 συνεστίοισιν

243 1314 326 1354 τῶν
354 1314 571 1355 δεσποτῶν
610 1312 712 1356 κατὰ
743 1313 789 1356 τὸ
817 1312 950 1357 ποσὸν
991 1316 1066 1370 τῆς
1107 1314 1317 1370 τραπέζης
1342 1315 1389 1356 ἐκ
1415 1315 1491 1368 τῆς
1517 1311 1697 1367 συγκλή-

241 1393 316 1420 του
348 1375 507 1434 πάσης,
537 1376 624 1423 οἷον
650 1379 934 1438 μαγίστρους,
963 1382 1232 1437 πατρικίους,
1260 1378 1583 1436 πραιποσίτους,
1613 1378 1696 1436 ὄφ-

244 1445 507 1499 φικιαλίους,
554 1448 867 1502 πριμικηρίους,
913 1446 1154 1503 ὄστιαρίους
1171 1481 1184 1501 ‚
1239 1443 1482 1501 βασιλικοῦς
1534 1460 1697 1500 πρωτο-

242 1512 512 1566 σπαθαρίους
549 1511 630 1555 σύν
667 1516 725 1571 τῷ
764 1513 950 1572 ἆκταρίῳ
991 1512 1066 1556 καὶ
1106 1515 1165 1572 τῷ
1193 1511 1466 1569 δεκσογράφῳ
1510 1509 1586 1553 καὶ
1609 1516 1750 1560 vermo

242 1577 317 1619 τοῦ
355 1576 534 1630 ἡλιακοῦ
577 1579 894 1635 παραστάταις,
924 1577 1016 1634 ἅμα
1042 1582 1125 1622 τῶν
1154 1578 1486 1635 σκηπτροφόρων
1502 1611 1516 1631 ,
1545 1578 1699 1631 δρακο-

241 1643 422 1697 ναρίων,
472 1644 766 1702 σημειοφόρων
806 1648 881 1688 καὶ
916 1645 1198 1703 σιγνοφόρων·
1254 1646 1434 1699 εἰσάγειν
1461 1645 1507 1686 δὲ
1536 1642 1696 1703 αὕτούς

242 1704 428 1759 ἅπαντας
456 1709 565 1764 μετά
606 1713 690 1753 ταῖν
731 1713 893 1755 οἰκείων
927 1712 1222 1768 άλλαξιμάτων
1256 1709 1391 1767 χωρίς
1426 1713 1513 1753 τῶν
1547 1713 1698 1765 χλανι-

337 1820 368 1854 8.
394 1817 449 1850 Ita
474 1826 541 1849 em.
567 1817 621 1858 R„
644 1817 696 1862 τῷ
721 1837 769 1844 ——
792 1818 952 1864 φθέγμα
975 1815 1055 1850 cod.
1080 1822 1118 1851 et
1144 1817 1202 1851 ed.
1305 1828 1359 1852 αι.
1387 1817 1472 1857 aaa}
1495 1826 1561 1863 pro
1588 1815 1696 1859 ἡλια-

340 1865 415 1898 κοῦ
438 1863 514 1898 cod.
559 1862 612 1897 Cf.
638 1864 677 1898 R.
703 1863 751 1897 ad
773 1876 854 1911 pag.
885 1866 954 1912 759
973 1890 982 1906 ,
1011 1876 1041 1901 ι.

202 1992 204 1994 v
246 1955 402 2000 periales
425 1953 763 2000 protospatharios,
798 1961 1001 1997 asecretas,
1025 1956 1264 1990 chartularios
1293 1965 1505 2000 magnorum
1535 1957 1695 1988 secreto—

247 2013 348 2043 rum,
388 2003 573 2042 consules,
610 2003 799 2047 magistros
830 2003 1069 2045 scriniorum,
1101 2003 1346 2044 silentiarios,
1383 2002 1594 2042 vestitores,
1629 2011 1695 2033 ex-

247 2048 473 2093 praefectos,
497 2049 796 2093 sceptrophoros‚
822 2050 1030 2094 signiferos,
1056 2056 1242 2084 senatores
1268 2055 1305 2084 et
1327 2049 1488 2095 reliquos
1507 2049 1697 2092 magistra-

248 2099 308 2128 tus
337 2101 492 2139 quatuor
518 2100 722 2140 tagmatum.
771 2095 968 2130 procedere
992 2096 1059 2129 hos
1087 2102 1233 2142 oportet
1256 2096 1418 2130 seriatim
1443 2099 1500 2128 tot
1522 2105 1697 2135 numero,

248 2146 339 2188 quot
364 2152 485 2175 mensa
510 2143 628 2187 capit,
663 2147 699 2175 et
730 2142 962 2176 introducere
994 2149 1106 2188 atque
1131 2142 1284 2177 educere
1311 2142 1357 2175 ab
1387 2142 1506 2174 antica
1529 2145 1632 2186 parte
1656 2141 1699 2175 in

248 2189 323 2222 suis
349 2189 550 2222 mutatoriis
579 2194 615 2221 et
639 2188 903 2232 chlamydibus.
950 2189 1221 2222 Attendendum
1246 2194 1300 2223 est
1323 2187 1370 2220 ad
1385 2188 1510 2231 organi
1523 2189 1697 2229 sonitum,

249 2245 470 2280 omnesque,
495 2235 559 2267 ubi
585 2234 623 2267 id
649 2234 818 2276 desierit,
843 2235 995 2269 iubendi
1019 2246 1164 2280 surgere
1187 2236 1233 2269 ad
1252 2234 1405 2269 dicenda
1416 2235 1582 2269 Dominis
1597 2234 1696 2279 bona

249 2281 359 2317 verba
374 2307 384 2322 ,
411 2286 448 2314 et
471 2281 580 2315 simul
604 2292 685 2315 suas
710 2281 914 2325 chlamydes
935 2292 1091 2323 exuere,
1115 2293 1209 2329 quae
1234 2282 1379 2315 demum
1397 2292 1518 2315 rursus
1537 2279 1698 2315 induun-

214 2325 221 2338 “
250 2334 311 2363 tur
337 2329 496 2362 intrante
518 2330 629 2362 missu
658 2328 881 2370 dulciorum3
909 2328 1008 2374 quod
1031 2339 1074 2362 eo
1098 2329 1158 2370 fit,
1190 2334 1232 2362 ut
1255 2329 1294 2363 in
1321 2329 1395 2362 illis
1419 2339 1540 2362 rursus
1567 2327 1698 2362 eodem

252 2386 399 2416 omncs,
435 2386 507 2420 quo
532 2375 780 2416 intraverant,
813 2375 942 2410 ordine
967 2382 1109 2410 exeant.
1155 2377 1332 2421 Equestre
1362 2380 1564 2417 certamen,
1598 2374 1699 2420 quod

251 2422 426 2468 consequi
461 2423 707 2467 exceptorium
743 2422 856 2464 solet,
894 2424 1080 2468 perficitur
1114 2423 1227 2457 altero
1261 2423 1427 2468 proximo
1461 2422 1544 2466 ‹lie3
1578 2431 1696 2467 eoque

249 2469 379 2510 finito,
405 2469 612 2502 instituitur
634 2471 840 2504 convivium
863 2471 902 2503 in
926 2470 1088 2504 triclinio
1113 2470 1386 2510 cathismatum‚
1414 2468 1460 2502 ad
1486 2467 1585 2514 quod
1601 2467 1699 2502 invi-

252 2520 330 2550 tare
357 2521 503 2560 oportet
526 2516 692 2558 convivas
718 2517 885 2550 Dominis
909 2517 1050 2551 futuros
1086 2529 1148 2563 pro
1183 2518 1382 2562 capacitate
1406 2527 1553 2550 mensae
1579 2516 1697 2559 magi-

249 2568 382 2596 stratus
418 2573 462 2595 ex
493 2563 592 2596 omni
621 2569 748 2597 senatu
774 2563 954 2604 delectos,
987 2569 1029 2598 ut
1046 2564 1231 2609 magistros
1247 2590 1256 2606 ,
1280 2564 1451 2609 patricios
1473 2588 1483 2603 ‚
1507 2561 1697 2608 praeposi-

249 2614 318 2649 tos,
343 2608 534 2652 officiales,
560 2610 802 2654 primicerios,
831 2612 1018 2652 ostiarios,
1044 2612 1250 2656 imperiales
1287 2608 1596 2656 protospatharios
1621 2620 1696 2642 una

250 2667 329 2688 cum
367 2658 528 2690 actuario
567 2662 604 2690 et
641 2657 902 2703 deesiographo
941 2670 1004 2692 seu
1028 2657 1144 2692 scriba
1168 2657 1379 2691 libellorum
1420 2656 1625 2701 supplicum
1657 2659 1696 2688 et

250 2703 380 2736 lieliaci
420 2703 610 2747 parastatis
654 2715 717 2737 seu
749 2704 873 2738 solarii
914 2704 1233 2748 observatoribus3
1277 2706 1364 2738 item
1398 2701 1698 2749 sceptrophoros,

252 2749 504 2793 draconarios,
542 2750 767 2787 vexilliferos
817 2756 854 2786 et
892 2752 1094 2798 signiferos.
1154 2751 1441 2788 introducuntur
1488 2748 1528 2783 hi
1570 2758 1694 2785 omnes
