1878 3112
379 140 731 184 CONSTANTlNl
771 138 965 181 ponpn.
1002 139 1072 179 m:
1112 135 1368 179 cnmmois.
1469 119 1580 191 447

159 237 500 297 εὖτρεπὼθησαν.
554 244 687 284 ταῦτα
718 242 763 283 δὲ
791 239 926 282 πάντα
954 238 1166 295 ἐρωτήσας
1190 240 1261 280 καί
1297 238 1468 292 μαθών,
1498 243 1583 286 ἐπέ·
1597 246 1625 281 C

159 323 307 360 τρεπεν
344 307 488 356 αὐτοῖς
521 306 736 363 ἐγγράφως
775 307 918 347 δοῦναι
961 305 1076 361 mitrii
1113 303 1164 346 τοὶ
1201 299 1386 360 ἄπληκτοι
1422 307 1495 347 καί
1526 307 1578 349 τοὶ

161 371 424 427 διαστήματα
453 368 611 424 αὖτῶν,
649 371 723 413 καί
747 372 873 413 πόσου
901 372 1008 411 λαοῦ
1034 372 1143 412 ἐστιν
1169 370 1195 424 ἦ
1221 367 1406 425 χώρησις
1431 372 1582 415 αὐτῶν.

157 437 206 479 ἐκ
230 438 278 479 δὲ
302 433 457 479 τούτων
482 435 658 479 ἄπασῶν
684 438 765 479 τῶν
804 435 1060 491 ἀποκρίσεων
1094 432 1273 487 μαθών,
1320 431 1382 476 ὅτι
1413 431 1582 479 ἀκίνδυ-

128 500 226 551 5νο’ς
264 501 377 544 ἐστιν
408 499 435 557 ἦ
462 500 580 555 ὅδὸς,
627 501 700 543 καί
738 499 801 544 ὅτι
840 501 992 556 δυνατή
1022 501 1134 542 ἔστιν
1159 499 1184 554 ἦ
1213 499 1379 553 ἔκβασις
1405 503 1481 543 τοῦ
1507 519 1582 544 τα-

156 568 308 619 ξειδώυ
322 599 336 619 ,
387 567 461 609 καί
492 564 555 608 ὅτι
594 566 758 617 ἔνδοξόν
797 567 886 608 ἐστι
934 565 980 609 τὸ
1030 566 1233 615 ταξείδιον
1272 567 1342 607 καί
1377 569 1583 619 βασιλέως

154 631 388 687 παρουσίας
414 626 549 684 ἄξιον,
586 634 659 673 καί
695 628 759 673 ὅτι
786 634 1031 685 συμμαχίαν
1059 629 1082 671 ὅ
1110 628 1232 680 τόπος
1259 631 1311 671 οὕ
1335 632 1524 685 δέχεται,
1554 629 1580 687 ἢ

154 697 323 750 δέχεται
355 698 460 749 μὲν,
508 695 610 738 κατὰ
641 697 687 738 δὲ
713 695 786 738 τὸν
823 696 965 752 καιρὸν
1000 698 1144 738 τοῦτον
1169 695 1218 736 οὗ
1247 696 1435 749 δέχεται,
1483 699 1581 738 καθ’

154 757 202 803 ὃν
225 762 424 814 μέλλουσι
450 762 723 814 ταξειδεύειν,
753 761 904 812 αὔτοῦς
929 764 1007 815 μὲν
1034 759 1133 809 τούς
1150 761 1283 803 ταῦτα
1310 759 1581 811 διδάσκοντας

102 823 235 880 ιοεῖχε
260 829 360 879 μεθ’
385 823 542 868 ἑαυτοῦ
564 827 1000 881 ἐπαναμιμνήσκοντας
1026 825 1099 867 καὶ
1124 824 1396 875 διδάσκοντας
1415 825 1467 869 τοὶ
1497 829 1581 869 λεί·

152 905 305 932 ποντα·
361 890 666 944 ἐπελαμβάνετο
711 892 758 934 δὲ
785 894 859 946 τῆς
886 891 1105 946 φροντίδος
1132 891 1207 931 τοῦ
1232 891 1463 944 ταξειδῖου,
1507 891 1620 933 καίῐ)

151 956 300 1012 πρῶτα
333 956 412 1009 μὲν
438 957 633 1011 ἐπέτρεπε
660 962 747 1006 τοῖς
769 960 1012 1011 στρατηγοῖς
1038 954 1246 1011 κεφάλαια
1274 957 1431 996 ταῦτα·
1467 959 1719 1012 πρῶ-.Με.α.τι

151 1036 223 1063 τον
243 1022 347 1074 μὲν,
375 1021 590 1076 οἷμφιᾶσαι
616 1023 688 1063 καὶ
727 1021 1044 1077 ἆσφαλίσασθαι
1070 1020 1123 1062 τὰ
1151 1018 1332 1075 κάστρα·
1386 1020 1580 1078 δεύτερον
1770 1027 1773 1030 ’

152 1085 222 1138 δὲ,
269 1086 488 1139 ἐπιστῆσαι
526 1080 681 1139 ἄνδρας
719 1086 978 1140 ἐπιτηδείους
1004 1087 1064 1134 εἰς
1088 1083 1164 1140 τήν
1189 1084 1364 1141 χώραν,
1402 1087 1501 1140 ἵνα,
1539 1088 1582 1129 εἷ

101 1150 293 1206 ιὸσυμβῇ
317 1150 455 1191 ἐλθεῖν
479 1148 585 1191 κατὰ
612 1148 689 1205 τήν
712 1149 858 1206 χώραν
885 1148 1092 1205 ἐχθροῦς,
1122 1146 1244 1191 αὖτοί
1269 1150 1578 1206 ἕκσπηλεύσωσι

146 1215 220 1256 τὸν
259 1213 363 1256 λαὸν
402 1217 475 1257 καὶ
509 1214 739 1269 ἀπάγουσιν
776 1217 836 1264 εἰς
875 1213 925 1257 τοὶ
957 1215 1237 1272 ὀχυρώματα·
1292 1219 1455 1271 τρίτον,
1494 1213 1578 1268 ἆμ-

148 1279 297 1334 φιᾶσαι
323 1277 397 1321 τὸν
435 1277 616 1334 στρατὸν
641 1278 692 1321 τὰ
714 1281 865 1338 Αδέοντα
892 1279 966 1321 καὶ
994 1279 1148 1322 δυνατὰ
1177 1280 1279 1335 περί
1299 1295 1343 1322 τε
1371 1276 1479 1322 ὅπλα
1505 1281 1578 1322 καί

146 1344 320 1392 ἵππους·
373 1345 587 1399 τέταρτον,
626 1345 945 1401 ἀσφαλίσασθαι
983 1343 1059 1393 τὰς
1093 1345 1238 1399 βίγλας
1290 1346 1363 1386 τοῦ
1389 1347 1574 1387 σπουδά-

146 1409 231 1458 ζειν
254 1409 484 1462 μανθάνειν
510 1407 562 1450 rei
590 1410 673 1450 τῶν
714 1410 879 1464 ἐχθρῶν
916 1412 988 1451 καί
1026 1402 1252 1465 ἀναφέρειν
1279 1409 1413 1451 αὐτά·
1466 1412 1570 1463 πέμ·
1584 1419 1766 1468 Ed.L.2·:·9

90 1487 244 1517 aomar
258 1506 272 1526 ,
299 1468 618 1529 εὖτρεπίζεσθαι
644 1473 838 1530 καὶπρὸς
864 1473 1062 1529 γεφύρας,
1089 1472 1193 1514 ἔνθα
1223 1473 1245 1514 ὅ
1273 1472 1446 1529 στρατὸς
1470 1476 1571 1527 μέλ-

143 1614 291 1647 scitatus
316 1618 358 1647 nt
381 1620 566 1659 cognorat,
598 1615 792 1648 mandabat
815 1616 954 1662 iis‚.ut
977 1616 1109 1659 scripto
1136 1616 1341 1661 consignata
1367 1616 1438 1649 sibi
1465 1616 1568 1651 exhi-

142 1658 273 1693 berent
304 1659 449 1693 nomina
484 1661 708 1694 mansionum
746 1661 998 1700 castrensium,
1036 1668 1073 1695 et
1107 1667 1241 1706 quanto
1273 1662 1460 1695 intervallo
1496 1674 1568 1696 una

143 1704 254 1739 distet
285 1704 331 1736 ab
364 1705 498 1746 altera,
532 1713 569 1739 et
604 1713 774 1751 quantam
809 1707 996 1739 hominum
1032 1708 1152 1752 capiat
1186 1707 1468 1742 multitudinem.
1515 1710 1568 1743 Ex

140 1751 199 1784 his
233 1750 398 1784 omnibus
434 1752 728 1796 responsionibus
762 1754 792 1786 si
824 1753 1082 1793 intellexisset,
1123 1753 1284 1798 periculo
1317 1765 1437 1788 carere
1472 1756 1567 1788 viam

140 1798 383 1842 propositam,
422 1803 459 1830 et
493 1798 599 1832 educi
630 1799 815 1833 commode
848 1810 951 1843 posse
973 1799 1166 1840 militiam,
1200 1805 1236 1832 et
1270 1801 1463 1845 gloriosum
1488 1802 1566 1836 fore

142 1845 251 1876 finem
275 1843 351 1876 eius
377 1842 620 1888 expeditionis
636 1870 646 1886 ,
682 1845 866 1890 ipsamque
890 1845 1032 1890 dignam
1057 1856 1156 1886 esse,
1188 1846 1246 1878 cui
1271 1847 1348 1891 ipse
1371 1848 1567 1891 Imperator

141 1889 306 1929 intersit,
332 1889 523 1934 locumque
538 1916 548 1931 ,
573 1902 678 1936 quem
703 1892 871 1925 invadere
896 1892 1002 1924 armis
1030 1892 1296 1932 constituisset,
1331 1903 1406 1926 non
1431 1894 1567 1927 admit-

143 1940 218 1968 tere
253 1935 387 1968 auxilia
422 1938 623 1978 sociorum,
656 1943 741 1975 aut.
776 1937 806 1971 si
830 1937 995 1972 admittat
1027 1938 1231 1981 habeatque
1259 1938 1457 1982 spem.sibi
1482 1952 1564 1974 suc-

140 1992 281 2014 cursum
303 1981 371 2023 iri,
401 1993 444 2015 eo
469 1987 590 2016 tamen
612 1989 792 2028 tempore,
829 1995 900 2029 quo
933 1984 1182 2025 invaderetur,
1217 1985 1352 2017 auxilia
1377 1991 1415 2019 et
1432 1982 1565 2027 >defen-¹

140 2028 278 2060 sionem
301 2028 466 2073 accipere
494 2039 566 2062 non
591 2041 715 2075 posse:
753 2028 934 2064 retinebat
956 2042 1078 2063 secum
1106 2031 1188 2064 illos
1212 2031 1397 2072 homines,
1432 2042 1452 2063 a
1476 2033 1564 2078 qui-

138 2072 206 2106 bus
231 2084 273 2106 ea
300 2075 419 2107 omnia
444 2073 642 2116 didicerat,
675 2077 811 2121 singula
839 2077 1016 2110 dictorum
1042 2082 1220 2121 oportuno
1239 2082 1398 2122 tempore
1421 2079 1460 2111 in
1484 2090 1563 2112 me-

138 2119 287 2152 moriam
321 2121 391 2165 ipsi
427 2120 674 2162 rev'ocaturos,
720 2128 757 2156 ct
788 2123 859 2155 alia
890 2133 981 2155 nova
1018 2130 1203 2168 praeterea
1234 2122 1395 2156 nondum
1429 2124 1562 2158 tradita

138 2164 338 2199 identidem
373 2165 687 2201 demonstraturos.
735 2170 780 2203 Et
803 2170 855 2202 sic
892 2168 1112 2213 suscipiebat
1143 2180 1262 2202 curam
1295 2169 1560 2214 expeditionis5

139 2211 404 2257 mandabatque
439 2214 595 2247 militum
630 2215 806 2259 magistris
837 2215 926 2248 haee
962 2217 1154 2260 praecipua
1180 2215 1268 2260 ipsis
1300 2216 1420 2248 futura
1443 2228 1561 2249 rerum

138 2256 411 2303 studiorumque
437 2261 576 2304 capita:
610 2261 787 2305 primum,
820 2267 860 2294 ut
882 2267 995 2295 castra
1019 2262 1128 2295 firmis
1159 2261 1350 2295 moenibus
1374 2263 1562 2295 amicirent

138 2307 176 2335 et
207 2302 254 2334 ad
286 2305 512 2338 securitatem
558 2307 780 2340 sufficienter
821 2307 1096 2349 communirent3
1138 2306 1354 2348 secundum,
1392 2314 1433 2341 ut
1463 2311 1560 2340 viros

138 2346 288 2381 idoneos
310 2349 539 2394 imponerent
561 2354 786 2397 provinciae,
809 2354 871 2399 qui
887 2379 896 2394 ‚
922 2353 1087 2387 hostibus
1101 2379 1112 2394 ‚
1134 2355 1165 2387 si
1189 2355 1300 2393 forte,
1325 2355 1561 2398 irrumpenti-

137 2391 204 2426 bns
221 2418 232 2434 ,
256 2405 396 2429 omnem
420 2398 592 2441 populum
616 2399 769 2432 incolam
793 2400 975 2444 expilent,
998 2400 1068 2433 hoc
1091 2406 1144 2433 est
1168 2410 1188 2432 e
1212 2399 1358 2434 sedibus
1382 2400 1455 2432 suis
1478 2410 1559 2432 cum

137 2440 224 2472 totis
249 2439 454 2475 familiabus
478 2449 673 2478 extractum
698 2446 736 2479 in
759 2447 895 2479 munita
917 2446 996 2479 loca
1023 2446 1240 2491 compellant
1263 2452 1300 2479 et
1321 2445 1556 2487 transferant3

136 2487 306 2526 tertium,
340 2493 382 2520 ut
402 2488 579 2523 militibus
605 2490 650 2524 de
674 2493 874 2525 necessario
896 2493 1028 2525 vestitu
1052 2498 1162 2537 atque
1185 2497 1358 2535 apparatu
1381 2501 1558 2524 armorum

136 2541 381 2577 equorumque
413 2535 674 2578 prospicerent3
710 2543 894 2583 quartum,
926 2543 967 2570 ut
996 2538 1196 2583 vigiliarum
1231 2549 1294 2570 seu
1329 2536 1560 2570 excubiarum

137 2575 348 2622 diligentem
384 2577 560 2614 haberent
604 2593 724 2616 curam
779 2583 1035 2629 studerentque
1071 2586 1231 2617 actiones
1256 2588 1292 2616 et
1316 2582 1464 2614 consilia
1487 2581 1559 2614 ho·-

136 2624 243 2656 stium
272 2624 456 2668 explorare
481 2631 518 2659 et
551 2626 595 2659 de
628 2629 821 2672 exploratis
844 2629 890 2661 ad
913 2641 951 2663 se
975 2630 1132 2672 referre3
1168 2630 1356 2674 quintum,
1387 2633 1428 2660 ut
1450 2637 1557 2672 para-

134 2673 191 2703 tos
215 2669 390 2706 haberent
411 2677 540 2717 pontes
564 2670 619 2707 ibi
643 2673 825 2718 locorum,
850 2675 914 2710 ubi
942 2675 1115 2710 exercitui
1138 2673 1370 2709 traiiciendus
1395 2677 1556 2708 occurrat
