1878 3112
284 119 315 175 5
322 132 394 175 σο
556 136 819 178 APPENDIX
840 133 929 173 “AD
970 134 1175 174 LIBRUM
1213 135 1424 176 PmMUM
1460 145 1488 180 π

276 241 351 282 καί
387 241 561 294 διῆλθον
597 239 641 278 ἐν
678 238 728 292 τῇ
765 237 873 291 μέσῃ
916 235 1266 290 θριαμβευόμενα
1317 235 1397 277 άπὸ
1424 239 1506 293 τῆς
1549 242 1721 295 χρυσῆς

273 304 427 362 πόρτη·ς
455 306 532 352 ἕως
551 304 624 356 τῆς
648 302 808 356 χαλκῆς
829 302 904 341 τοῦ
925 302 1142 353 παλατίου,
1171 300 1401 356 ἆνοιγείσης
1429 300 1522 344 τότε
1549 306 1621 358 τῆς
1637 306 1715 357 με’,-

235 378 350 427 Βσης
391 370 464 411 καί
496 365 678 422 μεγάλης
714 367 879 422 χρυσῆς
911 362 1092 422 πόρτης.
1146 365 1251 419 μετὰ
1293 369 1339 409 δὲ
1376 366 1422 409 τὸ
1459 368 1511 410 τά
1539 368 1712 426 λάφυρα

270 439 456 479 διελθεῖν
483 430 729 481 ἀναστάντες
758 430 797 473 οἱ
825 428 1026 473 δεσπόται
1064 432 1138 473 καί
1175 430 1418 486 ἐκβαλόντες
1453 432 1505 476 τὰ
1552 451 1712 491 σκαρα-

271 499 451 556 μάγγια,
499 500 709 556 ἑφόρεσαν
745 497 767 539 ὅ
810 500 887 551 μὲν
929 495 1198 554 αὕτοκράτωρ
1238 500 1313 540 καί
1347 502 1477 554 μέγας
1511 499 1738 554 βασιλεύςὸ

271 565 434 621 ἱμάτιον
460 563 705 621 ἐπιλώρικον
721 563 1048 620 χρυσοῦφαντον
1065 564 1208 605 διόλου
1227 564 1484 619 καγκελωτὸν
1511 565 1582 608 διά
1601 583 1713 623 μαρτ-

269 633 472 689 γαριτῶν,
520 633 593 672 καί
618 631 663 672 ἐν
690 635 781 678 ταῖς
823 623 966 685 ὅρναις
1011 626 1300 685 ἠμφιεσμένον
1338 628 1411 673 διὰ
1441 633 1713 688 μαργαριτῶν

270 701 446 751 τελείων,
476 695 711 749 ζωσάμενος
739 696 813 736 καί
839 696 1020 737 σπαθίον
1052 695 1279 749 ζωστίκιον,
1310 698 1495 753 φορέσας
1521 698 1594 739 καί
1619 697 1713 745 ‹ha-

268 767 385 820 δημα
413 765 484 806 ἐπὶ
509 764 582 817 τῆς
610 763 794 818 κεφαλῆς
823 761 956 802 αὕτοῦ
982 759 1271 817 καισαρίκιον·
1328 761 1351 804 ὃ
1381 764 1428 804 δὲ
1454 760 1549 811 υἱὸς
1577 762 1713 804 αὐτοῦ

271 834 582 877 Κωνσταντῖνος
609 825 789 884 ἐφόρεσε
816 827 1027 881 κλιβάνιον
1051 828 1335 883 χρυσοῧνκαί
1357 830 1538 870 σπαθιόν
1565 829 1763 880 ζωστί-ιο

268 912 372 949 κιον,
401 891 615 948 ποδόψελά
644 910 686 935 τε
710 894 877 948 χρυσᾶ,
905 895 978 934 καί
993 893 1038 935 ἐν
1065 895 1114 951 τῇ
1132 892 1250 948 χειρὶ
1273 891 1397 948 ἔλαβε
1425 893 1579 950 λόγχην
1603 910 1712 950 χρυ-

268 964 349 1004 σᾶν
376 959 444 1003 διὰ
474 961 746 1016 μαργαριτῶν
773 960 1079 1015 ἠμφιεσμένην.
1135 959 1208 1001 ἐπὶ
1247 961 1294 1002 δὲ
1319 962 1393 1015 τῆς
1420 962 1606 1017 κεφαλῆς
1633 961 1712 1003 αὔ-

231 1030 344 1069 Οτοῦ
371 1026 571 1083 ἐφόρεσεν
599 1022 816 1082 φακιόλιον
845 1027 960 1080 δίκην
989 1026 1328 1081 προπολώματος,
1357 1025 1502 1069 λευκὸν
1521 1025 1711 1084 χρυσοθ-

268 1108 451 1150 φαντον,
499 1090 608 1146 ἔχων
636 1092 706 1133 ἐπὶ
735 1094 812 1132 τοῦ
838 1090 1033 1144 μετώπου
1065 1089 1256 1145 ὁμοίωμα
1285 1091 1494 1148 στεφάνου
1521 1094 1710 1149 χρυσοῦ-

268 1158 450 1214 φάντου.
498 1158 705 1212 ἐπέβησαν
734 1157 780 1196 δὲ
810 1155 1045 1212 οἷμφότεροι
1073 1155 1348 1207 ἱππεύσαντες
1376 1160 1420 1200 ἐν
1446 1159 1587 1207 ἵπποις
1613 1158 1763 1202 λεν-15

266 1230 352 1272 κοῖς
378 1225 681 1280 ἑστρωμμένοις
707 1219 922 1275 χιώμασιν
953 1224 1187 1271 διαλίθοις.
1243 1225 1287 1266 ἐν
1315 1218 1346 1281 ᾧ
1374 1223 1554 1279 ἔστησαν
1582 1222 1709 1280 ἔφιπ-

266 1305 338 1330 ποι
365 1289 582 1342 δεξάμενοι
608 1286 706 1336 τοὺς
735 1287 979 1341 δημάρχους
1007 1290 1081 1329 καί
1104 1286 1153 1330 τά
1183 1285 1257 1330 δύο
1287 1291 1421 1344 μέρη,
1469 1288 1708 1345 φορούντων

95 1364 223 1410 Ms.19.
241 1358 349 1398 πῶν
385 1356 584 1410 δημωτῶν
620 1351 797 1406 καμι’σια
825 1354 898 1394 καί
934 1352 1143 1409 στεφάνια
1178 1355 1421 1409 σημεντὲϊνα
1449 1354 1521 1396 ἐπὶ
1544 1357 1615 1411 τῆς
1640 1371 1709 1396 κε·-

268 1424 405 1479 φαλῆς
443 1421 607 1472 αότῶν,
655 1421 699 1461 ἐν
728 1420 774 1459 δὲ
802 1424 890 1466 τοῖς
917 1416 1143 1474 τραχήλοις
1182 1417 1322 1462 αὐτῶν
1350 1422 1471 1475 ἕτερα
1499 1417 1706 1476 στεφάνια

267 1485 347 1530 α’πό
392 1485 529 1543 ῥόδων
553 1487 627 1527 καί
655 1485 817 1526 ἀνθέων
845 1486 1235 1539 κατεσκευασμένα,
1271 1490 1364 1534 ταῖς
1393 1486 1439 1527 δὲ
1463 1488 1612 1542 χερσίν
1637 1487 1767 1540 «ἔγ-αο-

361 1605 391 1637 8.
417 1600 569 1634 ΣΧΟΛ.
603 1598 759 1641 Ἶστέον,
785 1576 844 1633 ὅτι
869 1598 891 1632 o‘
913 1593 1033 1645 χιτὼν
1060 1592 1171 1638 οὗτος
1193 1601 1340 1647 λέγεται
1364 1601 1385 1636 ὅ
1411 1599 1647 1648 ῥοδόβοτρυς.

267 1704 370 1733 nem,
401 1692 532 1737 partim
566 1690 684 1736 spolia
718 1691 813 1724 inter
847 1690 1010 1732 baiulos,
1052 1692 1115 1738 qui
1152 1702 1194 1724 ea
1227 1692 1266 1724 in
1291 1690 1444 1732 Urbem,
1483 1690 1703 1737 triumphale

267 1738 532 1784 spectaculum,
565 1738 720 1779 ferrent,
746 1737 943 1771 distributa
966 1739 1121 1775 fuerant.
1168 1739 1295 1784 Itaque
1323 1749 1388 1782 per
1413 1737 1550 1772 medias
1573 1749 1704 1772 aureae

265 1793 390 1831 portae
428 1785 568 1824 valvas,
602 1796 694 1831 quae
725 1785 763 1816 in
796 1786 946 1830 gratiam
982 1786 1088 1818 istius
1116 1785 1276 1819 solennis
1302 1790 1402 1818 actus
1427 1784 1704 1831 aperiebantur,

267 1833 454 1866 intrabant
489 1842 530 1865 ea
555 1832 593 1864 in
621 1830 773 1872 Urbem,
801 1837 838 1865 et
862 1831 1062 1876 pergebant
1096 1842 1210 1878 usque
1234 1831 1281 1864 ad
1307 1831 1463 1866 chalcen.
1511 1833 1707 1877 Postquam

267 1891 349 1924 ergo
374 1879 489 1924 spolia
514 1889 592 1911 cum
618 1877 766 1922 captivis
792 1877 830 1910 in
856 1878 1069 1923 triumphali
1089 1889 1218 1923 pompa
1249 1878 1289 1911 in
1318 1878 1452 1912 Urbem
1486 1880 1705 1922 intrassent,

276 1926 470 1970 surgebant
502 1924 639 1957 laudati
673 1936 779 1969 supra
814 1925 961 1959 Domini
993 1937 1012 1958 e
1044 1925 1178 1969 templo
1217 1926 1252 1959 S.
1277 1926 1554 1969 Deigenitricis‚
1588 1929 1626 1958 et
1647 1925 1708 1958 in·-

270 1971 450 2012 (luebant,
477 1972 531 2004 sui
555 1971 703 2016 quidem
729 1971 817 2003 iuris
843 1977 880 2005 et
903 1983 1051 2015 magnus
1077 1973 1288 2014 Imperator,
1314 1973 1489 2013 Basilius,
1512 1970 1707 2005 vestimen-

266 2024 343 2051 tum
369 2019 520 2052 loratum
546 2029 631 2051 auro
653 2022 856 2061 pei-textum
891 2024 928 2051 et
963 2018 1101 2062 ubique
1127 2018 1198 2050 filis
1227 2018 1500 2062 margaritarum
1524 2017 1704 2051 cancella-

267 2070 363 2104 tum,
394 2070 429 2096 et
475 2066 513 2096 in
549 2065 619 2096 oris
658 2064 851 2108 praecipue
885 2069 1147 2107 praetextatum
1182 2064 1253 2096 filis
1278 2064 1546 2108 margaritarum
1572 2063 1703 2108 plenae

267 2115 304 2143 et
329 2111 461 2155 primae
496 2110 772 2153 magnitudinis:
811 2109 1090 2154 accingebatque
1123 2109 1195 2144 sibi
1232 2109 1394 2152 spatham
1420 2122 1440 2143 e
1465 2110 1608 2154 cingulo
1636 2109 1702 2143 de-

264 2158 505 2202 pendentem,
532 2162 568 2189 et
592 2155 803 2199 imponebat
825 2157 935 2199 capiti
961 2155 1148 2196 diadema,
1186 2156 1293 2200 quale
1316 2156 1547 2189 caesaricium
1574 2156 1702 2201 appel-

266 2203 331 2236 lari
366 2203 481 2243 solet,
517 2202 772 2234 Constantinus
808 2207 950 2240 autem,
973 2204 1050 2235 eius
1075 2202 1170 2234 filius
1186 2227 1195 2242 ,
1227 2201 1390 2247 gestabat
1412 2202 1611 2236 clibanium
1636 2213 1700 2237 seu

266 2250 413 2283 loricam
445 2259 606 2287 auream,
638 2253 674 2281 et
700 2247 860 2292 spatham
908 2258 926 2280 e
950 2248 1092 2291 cingulo
1119 2247 1414 2292 1‹lependentem,
1441 2255 1479 2283 et
1500 2249 1700 2296 podopsela

267 2308 330 2329 seu
356 2295 506 2329 circulos
532 2294 663 2338 pedum
689 2304 835 2336 aureos,
861 2294 899 2327 in
922 2305 1029 2327 manu
1058 2293 1207 2327 tenebat
1230 2294 1367 2328 hastam
1391 2295 1536 2330 auream
1561 2308 1700 2341 marga-

264 2342 344 2377 ritis
378 2342 561 2382 amictam3
587 2341 624 2373 in
648 2340 764 2385 capite
797 2340 944 2384 gerebat
977 2341 1129 2381 tiaram,
1161 2342 1207 2375 ad
1251 2341 1396 2375 modum
1438 2343 1699 2387 propolomatis

268 2400 331 2422 seu
358 2395 505 2422 ornatus
530 2388 653 2420 turriti
687 2386 814 2431 capitis
843 2387 1057 2428 muliebris,
1091 2387 1344 2432 compositam,
1370 2389 1580 2432 candidam,
1609 2401 1698 2424 auro

266 2436 519 2476 intertextam,
546 2433 740 2466 habentem
766 2433 804 2466 in
823 2433 941 2467 fronte
975 2434 1115 2480 aliquid
1139 2445 1291 2468 coronae
1317 2436 1434 2469 simile
1466 2448 1553 2470 auro
1585 2437 1700 2470 inter-

265 2487 397 2516 textae.
445 2481 560 2523 Ambo
586 2481 688 2525 equis
707 2479 856 2523 singulis
882 2480 1137 2526 inequitabant
1161 2481 1336 2522 candidis,
1361 2481 1494 2528 quibus
1519 2483 1699 2537 stragulae

265 2529 412 2572 gemmis
439 2528 653 2572 conspicuae
686 2527 858 2559 instratae
890 2527 1044 2560 fuerant.
1094 2529 1208 2573 Super
1240 2529 1374 2561 talibus
1401 2530 1504 2575 equis
1530 2534 1567 2562 et
1590 2540 1629 2562 m
1653 2540 1697 2563 eo

265 2581 392 2619 paratu
419 2575 652 2608 consistentes
689 2573 918 2617 excipiebant
935 2574 1051 2618 primo
1076 2575 1156 2607 loco
1178 2574 1385 2608 demarchos
1411 2587 1473 2609 seu
1498 2575 1697 2610 factionum

266 2621 465 2665 praefectos
510 2626 546 2654 et
581 2621 673 2665 ipsas
715 2618 836 2652 ambas
870 2621 1044 2654 factiones
1079 2622 1176 2666 apud
1200 2622 1316 2665 ipsum
1342 2623 1507 2667 protinus
1532 2622 1698 2656 Abrami-

263 2673 380 2700 iarum
405 2668 670 2702 monasterium.
721 2666 920 2700 Gcstabant
942 2668 1114 2701 factiones
1141 2669 1283 2701 camisia
1299 2695 1308 2709 ‚
1335 2674 1371 2702 et
1395 2669 1433 2702 in
1458 2668 1574 2712 capite
1598 2668 1696 2702 iniu-

265 2715 316 2746 las
350 2726 368 2748 e
393 2715 583 2760 segmentis
607 2713 785 2747 confectas
800 2740 810 2755 ‚
835 2719 871 2747 et
895 2714 933 2747 in
958 2716 1052 2763 colio
1083 2721 1264 2750 consertas
1291 2727 1309 2749 e
1335 2716 1424 2749 rosis
1449 2715 1604 2763 aliisque
1622 2713 1695 2754 ,flov
