1878 3112
253 103 368 161 556
485 123 848 169 CONSTANTlNl
902 126 1388 168 PoRPnYROGENJn

249 229 508 283 ευτρεπίζειν
535 225 640 283 πρὸς
679 226 756 281 τήν
784 228 858 281 τῆς
886 229 1106 283 βασιλικῆς
1146 228 1308 284 δωρεᾶς
1345 223 1575 282 ὖποδοχὴν.
1631 229 1705 270 καὶ

248 292 357 346 μετὰ
385 291 459 347 τὴν
489 292 792 347 συμπλήρωσιν
819 293 893 347 τῆς
913 294 1116 349 διανομῆς
1145 293 1308 349 ἁγιάζει
1334 291 1444 346 μετὰ
1471 291 1549 336 τοῦ
1576 307 1704 336 οταν-

249 358 327 414 ροῢ
355 355 377 398 ὅ
407 355 786 413 πρωτεμβατάριος
812 357 885 401 τὸν
923 356 1158 414 κόλυμβον,
1197 350 1413 410 ἐπιδιδοὺς
1438 364 1524 409 τοῖς
1551 357 1705 402 δεσπό-

249 441 344 473 ταις
380 422 461 466 tim)
491 425 564 466 τοῦ
605 423 818 479 κολύμβου
860 422 1048 479 ἇγίασμα
1083 424 1190 479 μετιὲ
1230 428 1303 468 τοῦ
1343 422 1473 468 αὗτοῧ
1501 426 1704 481 σταυροῦ.

252 488 292 532 οἱ
320 491 366 531 δὲ
393 488 679 544 λαμβάνοντες
707 489 755 532 τὸ
786 491 977 546 ἁγίασμα
1005 493 1262 548 εἰσέρχονται
1285 493 1344 542 εἷς
1371 489 1443 535 τὸν
1471 489 1732 545 κόλυμβον,5

220 557 332 600 Βκαί
357 557 432 611 τῆς
461 557 651 606 ἐκτενοῦς
677 559 920 613 γινομένης,
961 558 1220 601 καταδύουσι
1246 557 1403 615 τρίτον,
1440 556 1515 600 καί
1539 553 1710 614 ἐξερχό-

199 659 201 662 ⁴
251 637 371 677 μενοι
401 618 655 677 ἆνέρχονται
694 623 739 666 ἐν
766 626 826 682 τῷ
867 624 1092 683 ἅποδυτῷ,
1134 626 1208 666 καί
1246 624 1560 681 ἅμφιασθέντες
1598 613 1706 667 κατὰ

252 686 298 730 τὸ
315 685 468 738 εἰωθὸς
485 688 730 745 ἐξέρχονται
742 688 849 743 μετὰ
877 692 951 746 τῆς
977 692 1182 745 μυστικῆς
1201 689 1342 733 αὐτῶν
1362 689 1526 742 τάξεως.
1556 691 1707 742 ἰστέον,

256 750 320 797 ὅτι
347 752 427 806 ἔξω
455 756 533 796 τοῦ
561 754 803 812 μονοθύρου
820 789 832 812 ,
862 758 907 799 ἑν
935 751 970 815 ᾧ
1000 758 1192 799 ἵστανται
1222 755 1261 798 οἱ
1287 754 1558 814 πραιπόσιτοι
1584 757 1710 798 ἐπευ-

253 819 431 876 χόμενοι
463 821 564 870 τούς
591 820 822 876 δεσπότας,
853 824 1020 866 ἵσταται
1049 822 1073 865 ὅ
1093 825 1191 866 ’τῶν
1218 823 1418 877 Εὗγενιόυ
1443 821 1767 878 γηρωκόμος,ιο

257 885 478 938 ἐπιδιδούς
505 894 593 938 τοῖς
621 887 847 939 δεσπόταις
875 892 1163 946 διερχομένοις
1188 888 1263 940 τὰς
1289 885 1495 944 εὐλογίας.
1552 891 1638 931 τῶν
1665 889 1714 931 δὲ

259 955 474 998 δεσποτῶν
513 955 824 1010 διερχομένων,
861 958 1104 1011 συγκινοῦσι
1146 955 1504 1013 προπορευόμενοι
1532 955 1618 997 τῶν
1645 955 1716 997 δε-

260 1022 448 1074 σποτῶν,
479 1022 555 1078 ἀφ’
577 1017 636 1063 ὧν
663 1021 798 1065 τόπων
825 1025 1013 1066 ἵστανται
1023 1056 1036 1077 ,
1081 1021 1121 1065 οἱ
1147 1025 1226 1065 τοῦ
1253 1020 1547 1076 κουβουκλείου
1576 1019 1651 1063 καὶ
1675 1019 1716 1063 οἳ

261 1090 522 1141 μαγλαβῖται
548 1089 622 1129 καί
656 1090 729 1143 τῆς
757 1085 977 1144 ἑταιρείας.
1035 1087 1076 1131 οἱ
1109 1090 1155 1132 δὲ
1183 1085 1379 1131 δεσπόται
1406 1088 1447 1129 εἰ
1469 1089 1549 1141 μὲν
1575 1085 1717 1130 κελεύ-

231 1161 387 1199 (ἶουσιν
430 1151 634 1194 ἱππεῦσαι
662 1152 735 1195 καί
761 1156 960 1196 α’πελθεῖν
978 1151 1062 1196 εἴτε
1091 1156 1136 1197 έν
1161 1156 1212 1211 τῇ
1238 1156 1362 1212 πηγῇ,
1392 1152 1472 1196 εἴτε
1501 1149 1690 1206 ἀλλαχοῦ
1698 1161 1770 1205 ,15

262 1220 384 1261 τοῦτο
413 1220 637 1262 ποιοῦσιν·
694 1221 735 1262 εἰ
763 1221 810 1261 δὲ
852 1219 979 1275 μήγε,
1021 1219 1306 1276 εἰσερχόμενοι
1342 1218 1502 1269 εἰς-τὸν
1530 1216 1715 1275 δρόμονα

262 1285 528 1341 εἰσέρχονται
555 1285 615 1335 εἰς
642 1282 689 1327 τὸ
722 1285 956 1342 παλάτιον,
994 1282 1023 1342 ἢ
1050 1285 1124 1328 καί
1159 1281 1349 1341 ἀλλαχοῦ
1357 1318 1371 1340 ,
1409 1281 1512 1328 ὅπου
1544 1283 1717 1340 βούλον-

262 1367 356 1406 ται,
390 1346 663 1407 ἀπέρχονται.

262 1507 349 1532 nem
374 1501 485 1544 atque
512 1497 812 1531 distributionem
840 1498 1043 1532 sanctificat
1073 1498 1381 1543 protembatarius
1417 1497 1537 1532 lacum
1571 1500 1719 1531 natato-

263 1545 362 1579 rium
387 1555 452 1578 sua
479 1555 604 1586 cruce,
629 1550 666 1578 et
691 1556 771 1578 cum
804 1545 931 1578 eadem
966 1545 1121 1590 porrigit
1149 1546 1317 1580 Dominis
1356 1555 1375 1578 e
1407 1545 1574 1590 colymbo
1617 1543 1722 1590 hagi-

263 1603 364 1625 asma
389 1603 451 1625 seu
478 1593 735 1626 sanctificatam
762 1596 826 1625 aut
850 1592 1081 1626 benedictam
1113 1604 1252 1637 aquam.
1301 1592 1466 1633 Domini,
1498 1591 1720 1638 hagiasmate

263 1644 428 1684 accepto,
458 1639 598 1674 intrant
619 1641 659 1674 in
685 1638 913 1682 colymbum,
948 1644 985 1672 et
1012 1638 1097 1672 dum
1130 1640 1172 1673 fit
1204 1645 1372 1680 extensa,
1399 1640 1618 1685 immergunt
1641 1649 1722 1673 sese

263 1692 345 1729 ter3
370 1685 458 1720 dein
481 1691 617 1720 exeunt
640 1697 659 1719 e
685 1686 850 1730 colymbo
879 1691 916 1720 et
942 1686 1143 1720 ascendunt
1165 1688 1204 1721 in
1226 1686 1408 1732 apodyta,
1425 1696 1621 1733 rursusque
1644 1685 1737 1720 suis-

267 1734 387 1767 solitis
412 1732 573 1767 §estibus
597 1734 718 1767 amicti
743 1738 877 1766 exeunt
902 1744 982 1767 cum
1007 1735 1158 1778 mystico
1194 1744 1258 1767 seu
1291 1734 1432 1779 privato
1465 1734 1521 1767 sui
1559 1733 1721 1778 corporis

265 1780 483 1815 ministerio.
531 1781 628 1813 Dum
652 1791 736 1814 vero
759 1786 893 1813 exeunt
907 1781 1055 1815 Domini
1081 1791 1146 1825 per
1170 1786 1312 1826 portam
1333 1781 1574 1825 singularem,
1601 1790 1722 1813 eoram

267 1839 342 1874 qua
375 1827 484 1873 paulo
521 1833 606 1860 ante
645 1826 855 1863 dicebamus
880 1828 998 1861 solere
1036 1829 1261 1873 praepositos
1295 1828 1414 1862 fausta
1450 1826 1615 1863 Dominis
1649 1837 1737 1872 np--
1776 1830 1786 1834 “

263 1880 458 1920 precantes
498 1874 696 1908 subsistere
721 1899 730 1916 ,
777 1874 895 1908 adstat
927 1873 1065 1908 ibidem
1101 1886 1248 1921 quoque
1279 1885 1488 1920 gerocomus
1523 1873 1719 1919 hospitalis

265 1922 448 1966 fingenii,
488 1921 697 1966 impertiens
722 1921 888 1955 Dominis
922 1922 1239 1967 praetereuntibus
1275 1922 1432 1967 eulogias
1466 1932 1528 1955 seu
1560 1919 1718 1954 benedi-

267 1970 417 2003 ctiones.
466 1968 631 2002 Dominis
656 1972 778 2001 autem
812 1966 910 2012 apud
945 1979 1126 2014 quemque
1166 1968 1331 2002 ordinem
1367 1979 1513 2008 eorum,
1550 1977 1641 2013 quos
1675 1966 1717 2000 in

267 2015 425 2060 apodyta
452 2015 646 2060 ingressuri
670 2015 758 2048 foris
785 2020 920 2048 stantes
958 2015 1204 2061 reliquerant,
1243 2013 1582 2060 praetereuntibus,
1619 2013 1717 2046 inci-

267 2062 378 2107 piunt
411 2062 451 2095 hi
495 2074 533 2095 se
565 2073 712 2108 quoque
743 2061 851 2095 simul
879 2073 1105 2097 commovere
1130 2068 1167 2095 et
1199 2073 1318 2095 eoram
1342 2060 1562 2095 abeuntibus
1587 2059 1719 2093 Domi-

267 2108 326 2142 nis
352 2108 568 2152 praecedere
594 2119 636 2142 eo
654 2119 707 2149 ,ex
742 2109 823 2141 loeo
855 2114 892 2141 et
904 2109 1059 2142 statione
1075 2133 1085 2149 ,
1110 2119 1220 2154 quam
1266 2108 1395 2154 uisque
1419 2107 1585 2146 obtinet,
1608 2105 1718 2151 primi

270 2154 487 2189 cubicularii
512 2167 531 2188 e
555 2167 639 2195 sua,
679 2160 757 2188 tum
791 2154 1032 2199 maglabitae,
1063 2155 1210 2188 tandem
1274 2156 1431 2188 etaeriae
1468 2153 1665 2198 adscripti,
1695 2164 1719 2187 e

268 2202 346 2235 suis
378 2202 516 2247 quique
540 2201 770 2235 stationibus.
822 2202 928 2234 Illinc
952 2211 1081 2245 porro,
1107 2202 1138 2235 si
1167 2202 1308 2246 placet,
1341 2202 1543 2235 avehuntur
1566 2199 1719 2234 Domini

270 2248 312 2282 in
337 2249 439 2295 equis
467 2248 513 2282 ad
537 2259 662 2294 pegam
696 2246 748 2292 [id
772 2253 827 2281 est
854 2247 900 2280 ad
932 2248 1109 2292 palatium
1140 2259 1316 2292 peganum
1352 2255 1390 2283 et
1414 2248 1609 2293 Deiparam
1631 2247 1720 2281 fon-

270 2295 356 2342 tis],
397 2295 538 2336 aliove,
574 2306 644 2340 quo
676 2294 847 2337 libuerit3
890 2294 1024 2341 quodsi
1064 2305 1150 2331 vero
1196 2295 1361 2342 equitare
1394 2295 1605 2336 noluerint,
1655 2296 1722 2329 auk

272 2343 347 2379 alio
372 2354 444 2391 quo
467 2342 521 2378 ire
546 2341 721 2385 libuerit,
745 2341 893 2378 abeunt..
