1884 3112
865 0 905 38 U

268 108 290 146 1
309 110 326 145 1
338 91 375 146 6
550 107 906 152 CONSTANTIM
942 106 1424 150 PORPHYROGENITI
1461 83 1466 87 ’

87 214 150 249 Ed.
161 215 198 249 L.
209 217 255 263 69
264 209 418 254 τούτων
435 209 514 253 α’νά
538 207 631 260 ἑνὸς
649 209 846 263 σταυροῦ.
889 209 981 264 (Β.)
1006 210 1100 252 Καί
1113 210 1270 263 γίνεται
1290 209 1613 263 μεταστάσιμον,
1636 210 1709 254 καί

258 277 533 333 κατέρχονται
553 276 704 325 πάντες
724 275 768 315 ἐν
790 273 848 330 τῷ
867 272 1045 330 νάρθηκι
1065 275 1138 330 τῆς
1154 273 1336 331 μεγάλης
1357 276 1453 324 νέας
1471 276 1707 334 ἐκκλησίας,

261 341 301 385 οἶ
319 344 373 397 δὲι
389 341 586 384 δεσπόται
607 337 877 392 ἀνιστάμενοι
892 341 1133 394 ἐκδέχονται
1152 337 1221 382 τὸν
1239 339 1515 397 πατριάρχην.
1557 340 1596 384 οἱ
1626 339 1704 386 οὖν

258 405 530 465 πραιπόσιτοι
552 404 659 459 μετὰ
680 404 830 459 ὀλίγων
847 405 922 446 τοῦ
944 407 1235 460 κουβουκλειόυ
1258 403 1348 460 ἅμα
1370 407 1445 448 τοῦ
1456 409 1615 449 παπιὀυ
1630 406 1706 450 καὶ

259 475 333 517 τοῦ
355 470 649 528 ἓταιρειάρχου
667 468 922 527 ἀπέρχονται
942 472 1014 513 καί
1031 472 1242 526 εἰσάγουσι
1261 470 1330 514 τὸν
1343 474 1610 529 πατριάρχην
1627 474 1730 527 με-5

260 537 314 582 τά
350 538 423 580 καί
447 539 529 579 ταῖν
548 538 858 592 μητροπολιτῶν
881 535 1046 592 καὶτῆς
1063 541 1206 592 λοιπῆς
1240 533 1372 580 αὗτοῦ
1406 538 1579 590 τάξεως.
1633 542 1707 583 καί

259 605 334 648 τοῦ
353 601 615 659 πατριάρχου
643 603 934 657 εἰσερχομένου
965 600 1036 645 διὰ
1067 604 1149 646 τῶν
1169 605 1424 657 διαβατικῶν
1442 606 1516 648 τοῦ
1543 606 1704 661 τρικόγ-

258 686 354 724 χου,
375 667 544 724 ἔρχεται
564 670 636 710 καί
653 669 835 724 κάθηται
855 669 900 710 ἐν
921 670 972 726 τῇ
997 668 1166 726 καμάρᾳ
1193 669 1268 711 τοῦ
1289 671 1633 726 χρυσοτρικλιί·ου
1654 672 1706 728 τῇ

262 730 365 793 οῧσῃ
394 731 494 791 πρὸς
522 733 569 776 τὸ
600 734 809 788 πάνθεον,
844 733 882 777 οἱ
913 736 959 778 δὲ
983 734 1248 792 πραιπόσιτοι
1265 734 1550 792 εἰσερχόμενοι
1576 733 1706 791 ἄναγ-

259 805 475 857 γὲλλουσιν
495 806 581 851 τοῖς
600 799 814 850 δεσπόταις
834 798 907 856 την
924 803 1000 843 τοῦ
1020 801 1281 860 πατριάρχου
1302 797 1460 860 ἄφιξιν,
1480 801 1554 846 καί
1567 800 1760 845 κελεό-ιο

262 884 381 911 ουσιν
410 866 450 910 οἱ
479 867 678 910 δεσπόται
702 868 955 922 εἰσαχθῆναι
982 866 1054 910 τὸν
1082 868 1358 925 πατριάρχην.
1387 867 1427 911 οἶ
1454 870 1502 913 δὲ
1529 869 1708 926 πραιπό-

223 945 372 979 Βσιτοι
399 934 665 990 ἐξερχόμενοι
692 932 930 988 εἰσάγουσιν
961 934 1109 987 αὐτὸν,
1137 936 1211 978 καί
1237 933 1287 991 δὴ
1316 938 1463 979 τοῦτον
1486 937 1527 980 οἱ
1554 935 1706 979 δεσπό-

261 1017 333 1044 ται
361 998 469 1042 κατὰ
497 997 543 1042 τὸ
564 997 713 1049 εἰωθὸς
740 996 1037 1053 ἀσπαζόμενοι,
1066 1001 1326 1057 εἰσέρχονται
1353 1006 1442 1055 μετ’
1469 1002 1603 1045 αὕτοῦ
1623 1019 1707 1056 μυ·-

262 1068 409 1116 στικῶς
449 1064 520 1108 διὰ
549 1067 625 1108 τοῦ
652 1064 868 1122 μάκρωνος
904 1067 980 1108 τοῦ
1007 1068 1203 1115 κοιτῶνος
1243 1069 1302 1116 εἰς
1329 1066 1401 1111 τὸν
1429 1069 1532 1111 ναὸν
1557 1070 1631 1124 τῆς
1658 1067 1709 1110 ὖ-

261 1129 462 1189 περαγιἀς
493 1131 699 1175 Θεοτόκου
739 1134 818 1174 τοῦ
855 1132 1020 1189 φάρου,
1059 1134 1254 1176 κιίκεῖθεν
1293 1134 1548 1190 ἀπέρχονται
1575 1136 1620 1177 ἒν
1649 1132 1760 1194 τῷῐ5

262 1195 459 1256 εὖκτηρίῳ
489 1199 565 1239 τοῦ
594 1196 713 1252 ἁγίου
738 1198 912 1252 Ἠλιοῦ,
950 1200 1024 1242 καί
1050 1198 1089 1241 οἱ
1114 1201 1194 1253 μὲν
1223 1198 1418 1242 δεσπόται
1445 1202 1634 1243 ἵστανται
1662 1202 1708 1243 ἐν

262 1265 319 1323 τῷ
347 1262 540 1319 νάρθηκι,
569 1264 590 1306 ὃ
619 1266 666 1306 δὲ
691 1262 962 1321 πατριάρχης
982 1267 1213 1321 εἰσέρχεται
1235 1266 1294 1315 εἷς
1319 1263 1364 1308 τὸ
1389 1265 1706 1322 θυσιαστήριον,

263 1331 338 1373 καί
363 1331 438 1386 τῆς
467 1329 670 1380 εἰωθυίας
698 1331 826 1386 εῧχῆς
852 1334 1125 1388 τελουμένης,
1173 1331 1436 1388 ἀπάρχονται
1477 1331 1517 1374 οἱ
1544 1332 1707 1386 ψάλται

262 1395 311 1440 τὸ
340 1396 575 1453 τροπάριον.
623 1395 644 1438 ὃ
674 1398 722 1440 δὲ
750 1397 1012 1454 πατριάρχης
1041 1397 1308 1453 ἐξερχόμενος
1337 1397 1418 1440 α’πὸ
1444 1398 1519 1441 τοῦ
1550 1401 1708 1441 θυσια-

262 1466 460 1520 στηρίου,
487 1464 707 1517 βαστάζων
734 1462 781 1506 τὸ
809 1461 926 1519 ἅγιον
953 1464 1215 1519 εὗαγγέλιον,
1242 1463 1409 1520 ἔρχεται
1435 1465 1496 1514 εἰς
1523 1463 1600 1514 τὰς
1626 1467 1761 1518 fitz-20

265 1529 430 1579 σιλικὰς
454 1529 589 1579 πύλας
617 1532 692 1572 τοῦ
719 1527 853 1573 αὖτοῦ
879 1530 1121 1587 εὖκτηριόυ,
1170 1530 1357 1587 δηλονότι
1395 1530 1470 1574 καί
1503 1533 1576 1574 τοῦ
1604 1530 1707 1572 ὕπο..

267 1594 458 1638 διακόνου
487 1597 766 1651 βαστάζοντος
792 1595 863 1640 τὸν
890 1595 1095 1640 λιτανικὸν
1123 1597 1325 1653 σταυρόν.
1369 1598 1408 1640 οἱ
1437 1599 1483 1641 δὲ
1513 1597 1709 1640 δεσπόται

265 1663 530 1719 λαμβάνουσι
557 1661 674 1720 παρὰ
703 1665 781 1706 τοῦ
807 1666 1081 1721 πραιποσίτου
1110 1662 1278 1721 κηρούς,
1305 1663 1379 1707 καὶ
1405 1662 1476 1706 διὰ
1495 1665 1568 1720 τῆς
1591 1679 1710 1720 τρισ-

363 1803 395 1837 8.
418 1802 573 1838 ΣΧΟΛ,
593 1799 750 1842 Ἰστέον,
775 1797 855 1840 ὅτι,
881 1801 951 1834 τοῦ·
966 1799 1231 1846 πατριάρχου
1230 1799 1429 1836 αέλλοντος
1447 1798 1632 1833 εἰσελθεῖν
1653 1798 1707 1835 εἲς

359 1846 566 1887 παλάτιον,
594 1848 614 1881 ό
634 1846 928 1893 ρεφερενδιὶριος
941 1847 1047 1888 δηλοῖ
1064 1850 1114 1893 τῶ
1131 1850 1266 1892 nanta,
1292 1846 1467 1882 κάκεῖνος
1485 1844 1709 1891 ὑποιιιιινή-

361 1903 445 1927 σκει
475 1896 525 1938 τῶ
549 1896 720 1938 βασιλεῖ,
757 1897 821 1928 καὶ
849 1894 920 1928 ειΨ
946 1894 1063 1932 οὕτως
1090 1881 1232 1927 κελεύει
1259 1892 1280 1926 ὅ
1312 1889 1490 1949 βασιλευς
1515 1893 1706 1925 εἰσελθεῖν

359 1952 449 1978 τους
460 1944 751 1987 πραιποσίτους,
785 1943 849 1975 και
863 1940 1100 1978 ἀπελθόντας
1125 1943 1344 1986 εἰσαγαγεῖν
1361 1937 1428 1974 τόν
1453 1938 1707 1986 πατριάρχην.

268 2042 312 2075 lis
344 2043 542 2087 Imperator
569 2054 707 2077 crucem
734 2043 930 2077 distribuit.
988 2044 1073 2090 (Π.)
1109 2044 1212 2077 Tunc
1247 2043 1407 2087 receptio
1441 2041 1483 2075 fit
1512 2046 1549 2075 et
1581 2051 1705 2074 omnes

267 2089 472 2123 nartheccm
506 2101 650 2135 magnae
681 2101 792 2123 novae
825 2092 998 2124 ecclesiae
1023 2092 1178 2128 intrant,
1231 2089 1378 2122 Domini
1403 2094 1522 2122 autem
1546 2092 1709 2132 surgunt,

266 2136 505 2178 patriarcham
525 2140 783 2181 exspectantes,
810 2137 894 2170 dum
919 2137 1063 2170 interim
1083 2137 1280 2182 praepositi
1301 2147 1380 2169 cum
1405 2135 1529 2180 paucis
1553 2135 1705 2168 cubicu-

266 2182 391 2221 lariis,
427 2194 521 2227 papa
546 2188 582 2216 et
605 2182 851 2216 hetaeri-archa
877 2184 1034 2224 abeunt,
1072 2194 1227 2227 eumque
1256 2194 1328 2215 una
1353 2194 1434 2215 cum
1461 2182 1704 2225 metropolitis

269 2233 308 2262 et
335 2230 476 2272 reliquo
502 2231 579 2263 eius
607 2230 808 2264 ministerio
836 2230 1032 2268 adducunt,
1083 2229 1286 2264 patriarcha
1311 2240 1376 2274 per
1399 2228 1593 2263 triconchii
1618 2240 1708 2274 por-

268 2277 383 2309 ticum
409 2277 597 2322 ingressus,
623 2277 660 2310 in
679 2288 816 2310 camera
842 2278 939 2310 aurei
964 2278 1126 2316 triclinii,
1151 2287 1243 2322 quae
1267 2275 1424 2321 pantheo
1449 2276 1612 2320 proxima
1637 2281 1704 2317 est,

269 2323 447 2373 considet,
473 2324 559 2357 dum
584 2325 779 2368 praepositi
804 2325 980 2357 intrantes
1005 2324 1196 2357 adventum
1222 2324 1299 2356 eius
1324 2324 1489 2356 Dominis
1515 2323 1701 2364 nuntiant,

268 2370 333 2415 qui
359 2363 475 2414 ipsum
498 2370 628 2403 adduci
654 2370 792 2403 iubent.
841 2371 1038 2415 Praepositi
1063 2370 1195 2415 egressi
1220 2381 1301 2402 eum
1327 2369 1536 2410 adducunt,
1561 2375 1598 2402 at
1623 2369 1703 2402 Do-

266 2417 359 2450 mini
382 2421 574 2462 postquam
600 2428 680 2450 cum
707 2417 855 2450 osculati
885 2423 991 2457 sunt,
1017 2429 1096 2451 cum
1124 2429 1165 2450 eo
1192 2417 1267 2450 solo
1293 2427 1356 2460 per
1381 2417 1572 2461 oblongam
1597 2415 1704 2449 cubi-

268 2463 342 2496 culi
366 2464 543 2509 porticum
570 2463 615 2496 ad
635 2464 806 2508 templum
831 2470 1071 2497 sacrosanctae
1092 2465 1266 2507 Deiparae
1290 2463 1394 2507 phari
1418 2464 1566 2502 abeunt,
1593 2468 1703 2506 atque

270 2510 324 2543 ibi
349 2511 395 2544 ad
419 2511 532 2544 sancti
555 2511 656 2543 Eliae
682 2511 876 2544 oratorium
901 2510 1108 2551 discedunt,
1136 2510 1199 2543 ubi
1226 2510 1295 2555 ipsi
1321 2510 1468 2555 quidem
1494 2509 1531 2541 in
1555 2508 1706 2542 narthe-

270 2568 312 2590 ce
336 2557 549 2596 subsistunt,
572 2557 773 2602 patriarcha
795 2568 877 2590 vero
906 2558 1095 2590 sacrarium
1126 2559 1258 2597 intrat,
1293 2557 1357 2590 ubi
1383 2556 1593 2590 solennibus
1618 2567 1704 2600 pre-

270 2603 372 2637 cibus
396 2605 570 2649 peractis,
613 2604 748 2648 psaltae
784 2605 981 2648 troparium
1006 2603 1206 2637 ordiuntur.
1272 2604 1477 2637 patriarcha
1503 2614 1522 2635 e
1548 2603 1702 2636 sacrario

271 2661 446 2693 egressus,
473 2656 634 2683 sanetum
660 2651 881 2696 evangelium
906 2655 1064 2693 portans,
1089 2650 1133 2683 ad
1157 2651 1404 2696 Imperatorias
1432 2648 1593 2683 eiusdem
1618 2660 1703 2682 ora-

271 2697 356 2731 torii
392 2697 517 2731 ianuas
553 2696 738 2743 procedit,
778 2697 998 2732 subdiacono
1034 2708 1174 2732 crucem
1203 2697 1502 2744 processionalem
1529 2700 1699 2741 gestante.
