1878 3112
331 151 403 190 DE
440 146 699 190 cmmon.
734 144 913 187 AULAE
942 143 1162 187 mmm.
1190 146 1223 185 1.
1249 142 1318 201 96.
1470 122 1580 196 437

153 265 240 306 ρων
295 252 368 292 καί
415 254 503 298 τοῖς
538 245 729 303 ῥηθεῖσιν
762 247 1020 303 προσώποις,
1066 244 1280 302 Μαριανῷ
1317 241 1390 286 καὶ
1403 241 1583 295 λοιποῖς,

155 316 383 370 τρέψαντες
411 313 604 370 φυγάδας
629 313 830 367 ἐποίησαν
839 346 853 365 ,
894 313 966 352 καὶ
999 310 1074 365 τὴν
1108 312 1220 364 νίκην
1257 306 1459 365 ἀράμενοι
1485 310 1584 349 πολ·
1602 317 1630 352 c

154 378 254 429 λοὺς
279 380 355 421 τοῦ
380 380 520 421 κοινοῦ
547 377 652 419 λαοῦ
679 379 750 419 καὶ
775 378 956 431 στρατοῦ
983 375 1250 417 ἀπέκτειναν.
1303 374 1585 428 κατέστρεψαν

154 445 202 485 δὲ
223 441 322 492 τούς
349 440 485 492 οἴκους
518 443 600 485 τῶν
639 443 1015 495 παραταττομένων
1059 441 1116 496 τῷ
1143 435 1288 480 ἄνακτι
1313 436 1462 493 μέχρις
1487 434 1585 479 ἐδά-

129 504 292 564 5φους,
336 506 391 549 τὰ
420 507 561 549 adron
588 506 722 548 πάντα
754 505 1055 561 διαρπάσαντες
1091 506 1163 545 καί
1187 502 1262 553 τὰς
1287 500 1443 558 πόρτας
1471 500 1586 556 ἄνοι’-

151 576 315 626 ξαντες,
361 573 422 630 τῷ
466 570 664 629 φουσᾰτῳ
711 569 956 623 ἐνωθέντες,
1005 571 1061 626 τῷ
1096 572 1266 623 βασιλεῖ
1301 566 1586 622 κατεμήνυσαν

149 638 329 680 σπεῦσαι
365 637 411 679 ἐν
447 638 498 693 τῇ
533 634 671 678 πόλει.
727 637 778 693 τῇ
804 633 912 692 αὐτῇ
938 635 984 676 δὲ
1014 635 1157 686 νυκτὶ,
1201 630 1349 690 δεκάτῃ
1376 634 1453 675 τοῦ
1490 632 1587 677 Αὔ-

147 701 327 756 γούστου
385 699 540 757 μηνὸς,
591 701 791 756 φοβηθείς
839 697 860 741 ὅ
901 697 1270 755 παρακοιμῶμενος
1308 694 1461 754 Ἰωσὴφ
1514 695 1587 739 τὸν

149 765 279 818 λαὸν,
326 763 383 815 ὥς
419 765 524 821 πρὸς
561 764 687 808 αὐτὸν
736 761 1022 819 ἀπερχόμενον
1061 765 1123 812 εἰς
1160 763 1235 805 τὸν
1273 759 1382 804 οἶκον
1422 763 1583 816 αὐτοῦ,

102 829 296 886 ιοφυγών
322 828 397 886 τήν
422 830 546 884 βίαν,
590 831 650 879 εἰς
692 830 768 884 τήν
807 829 1023 884 ἐκκλησίαν
1059 829 1262 883 εἰσῆλθεν.
1318 829 1390 868 καί
1424 825 1445 869 ὅ
1483 826 1629 875 λαὸςῙ)

149 893 203 936 τά
250 892 382 936 αὗτοῦ
419 897 555 937 πάντα
594 893 866 950 ἁρπάσαντες,
906 891 983 935 τὸν
1031 889 1142 935 οἶκον
1189 889 1325 934 αὐτοῦ
1353 892 1778 948 κατηδιέφι-Με.ι7ο.“ι

151 973 258 1012 σαν,
313 958 491 1008 πολλούς
513 975 558 1002 τε
596 954 748 1007 ἄλλους
772 960 853 1000 τῶν
887 959 958 1012 τῆς
994 955 1224 1011 συγκλήτου
1269 956 1481 1006 ἀναιτίους
1515 957 1583 998 αἰ-

149 1023 542 1077 χμαλωτεύσαντες,
596 1022 854 1078 ἁρπάσαντες
900 1021 953 1064 τὰ
1001 1022 1140 1063 αὐτῶν
1185 1022 1323 1065 πάντα
1370 1023 1444 1063 καί
1485 1019 1583 1073 τούς

149 1087 288 1138 οἴκους
331 1089 474 1131 αὐτῶν
525 1087 886 1141 κατασκάψαντες.
941 1090 1078 1143 τρισίν
1122 1086 1202 1143 γὰρ
1247 1087 1427 1142 ἡμέραις
1483 1089 1583 1128 τοῦ-

102 1157 199 1200 15το
225 1154 393 1196 ἐποίουν
419 1154 445 1196 ὅ
471 1151 574 1204 λαός
609 1155 826 1206 μανέντες.
882 1151 921 1195 οἱ
961 1147 1036 1194 οὖν
1075 1152 1342 1194 ε’ὖνούστατοι
1380 1154 1463 1193 τῶν
1502 1148 1581 1206 ἆρ-

146 1216 309 1272 χόντων
349 1218 425 1261 τὸν
458 1219 688 1274 μάγιστρον
723 1217 796 1260 καί
832 1219 991 1272 πατέρα
1018 1219 1094 1259 τοῦ
1132 1212 1304 1267 ἄνακτος
1330 1218 1578 1271 Νικηφόρον

149 1283 196 1326 ἐν
217 1285 275 1341 τῷ
300 1282 488 1342 παλατίῳ
516 1282 742 1338 α’νήγαγον,
791 1282 864 1324 καί
900 1285 1041 1336 μένειν
1068 1284 1199 1325 ἐκεῖσε
1226 1283 1424 1337 ἐποίησαν
1450 1282 1580 1335 μέχρι

150 1350 226 1404 τῆς
252 1350 452 1398 ἐλεύσεως
477 1350 554 1390 τοῦ
578 1351 805 1402 βασιλέως·
859 1350 912 1404 τῇ
953 1349 999 1389 δὲ
1029 1349 1203 1405 δευτέρᾳ
1240 1347 1375 1404 ἡμέρᾳ
1404 1348 1478 1401 τῆς
1505 1346 1581 1386 τοῦ

147 1413 385 1470 πράγματος
427 1415 589 1469 τελετῆς
627 1415 818 1469 εἰσῆλθεν
857 1415 931 1454 καί
968 1410 990 1454 ὁ
1016 1415 1246 1467 μα’γιστρος
1269 1414 1396 1454 Λέων
1433 1413 1478 1452 ἐκ
1505 1413 1584 1452 τοῦ

93 1476 358 1537 αοφοσσάτου
386 1479 431 1520 ἐν
457 1479 510 1535 τῇ
537 1477 676 1520 πόλει.
730 1480 783 1534 τῇ
831 1480 878 1520 δὲ
917 1477 1254 1532 πεντεκαιδεκάτῃ
1298 1479 1376 1518 τοῦ
1402 1474 1638 1529 Αὖγού-Εά.
1651 1481 1689 1515 L.
1704 1481 1773 1527 ²54

146 1560 247 1586 στου
273 1541 405 1598 μηνὸς
430 1542 719 1598 ἐδηλοποίησεν
739 1541 762 1583 ὅ
778 1540 976 1595 βασιλεύς
1003 1541 1077 1584 τὸν
1094 1539 1465 1596 παρακοιμώμενον
1485 1544 1577 1582 Βα-
1726 1544 1729 1547 ⁴

148 1607 303 1651 σι’λειον
329 1605 403 1649 καὶ
427 1605 499 1648 τὸν
526 1606 796 1663 πραιπόσιτον
819 1605 1023 1661 Ἰωάννην,
1050 1603 1156 1648 ὥστε
1183 1607 1365 1657 ἐξελθεῖν
1391 1608 1489 1658 μεθ’
1519 1599 1576 1647 ὧν

148 1717 284 1752 vosque
304 1707 484 1752 -Agarenos
507 1712 544 1740 et
567 1717 691 1741 eorum
716 1706 841 1748 (luces,
877 1706 987 1752 paulo
1021 1710 1105 1739 ante
1131 1704 1268 1746 dictos,
1301 1704 1500 1738 Marianum
1537 1710 1575 1739 et

149 1753 330 1799 rquuos‚
353 1754 474 1799 iisque
496 1754 600 1787 victis
627 1758 664 1786 et
688 1753 841 1798 sugatis,
872 1754 1003 1786 multos
1025 1757 1096 1785 tam
1118 1750 1162 1784 (le
1179 1751 1309 1795 plebe,
1343 1762 1447 1797 quam
1470 1752 1575 1784 mili-

148 1804 228 1833 tum
251 1810 409 1844 quoque,
434 1799 681 1841 trucidabant3
707 1798 828 1833 domos
851 1810 971 1833 eorum
985 1824 995 1839 ,
1020 1799 1083 1843 qui
1105 1798 1260 1830 Domino
1283 1797 1573 1838 adversabantur,

148 1856 196 1879 ex
214 1845 301 1890 ipsis
323 1845 564 1878 fundamentis
588 1845 831 1888 revellebant3
855 1845 1115 1890 supellectilem
1146 1854 1267 1877 eorum
1284 1849 1321 1877 et
1343 1854 1429 1888 opes
1449 1854 1572 1877 omnes

148 1890 402 1935 discerpebant
419 1897 528 1937 atque
551 1890 778 1931 differebant,
802 1892 1026 1937 effractisque
1047 1890 1154 1923 Urbis
1179 1891 1307 1934 portis,
1325 1889 1512 1923 irruebant
1530 1891 1572 1923 in

146 1937 321 1971 fossatum
358 1941 396 1970 et
417 1937 663 1982 significabant
691 1937 921 1983 Imperatori,
945 1948 1034 1981 opus
1062 1947 1138 1969 esse
1162 1936 1270 1968 celeri
1299 1938 1337 1968 in
1355 1936 1486 1975 Urbem
1506 1935 1574 1968 ad-

145 1989 269 2017 ventu.
317 1983 480 2017 Proxime
503 1989 623 2017 secuta
638 1990 742 2017 nocte
756 2009 765 2023 ‚
790 1995 880 2028 quae
899 1984 1074 2017 decimum
1095 1982 1243 2025 Augusti
1266 1981 1360 2014 diem
1377 1981 1572 2026 praecede-

145 2028 231 2070 bat,
253 2030 383 2062 timore
409 2030 538 2074 plenus
561 2040 897 2073 paracoemomenus
922 2028 1115 2072 Iosephus,
1143 2033 1184 2060 ut
1213 2027 1304 2060 vidit
1333 2028 1506 2073 populum
1530 2029 1573 2062 in.

145 2086 186 2109 se
203 2086 347 2121 quoque
372 2074 549 2121 aedesque
575 2087 655 2108 suas
676 2077 831 2116 irruere,
858 2075 1041 2109 declinans
1057 2075 1128 2107 vim
1153 2079 1190 2107 et
1210 2075 1391 2114 iniuriam,
1413 2074 1572 2118 recipie-

145 2120 211 2154 bat
236 2132 274 2154 se
306 2122 347 2154 in
369 2122 567 2155 ecclesiam.
614 2122 768 2166 Populus
806 2122 944 2155 interea
976 2126 1057 2165 post
1095 2120 1252 2164 direptas
1276 2121 1351 2153 eius
1378 2120 1571 2153 facultates

146 2177 270 2200 omnes
287 2166 432 2200 domum
462 2168 538 2200 solo
560 2168 757 2213 aequabat;
789 2169 920 2201 multos
939 2167 1075 2200 ordinis
1103 2167 1274 2200 senatorii
1297 2167 1505 2200 innoeentes
1529 2167 1570 2199 in

145 2212 290 2257 vincula
309 2213 496 2257 rapiebat,
529 2213 718 2247 differebat
738 2226 860 2247 eorum
889 2214 1075 2247 facultates
1103 2224 1240 2251 omues,
1270 2213 1448 2257 aedesque
1472 2212 1569 2245 deii-

148 2257 278 2292 ciebat.
325 2259 390 2291 Per
411 2258 570 2292 triduum
590 2261 823 2294 continuabat
839 2261 877 2294 in
894 2259 950 2293 his
970 2259 1111 2293 rabiosa
1128 2259 1244 2304 plebs,
1292 2259 1436 2303 Optime
1458 2259 1568 2302 igitur

147 2313 230 2348 erga
253 2314 326 2337 rem
357 2305 540 2348 publicam
570 2306 715 2339 animati
748 2318 911 2351 proceres
937 2306 1139 2349 magistrum
1177 2304 1401 2350 eundemque
1429 2311 1567 2347 patrem

146 2349 295 2383 Domini
326 2349 519 2394 Nicephori
564 2352 742 2386 ducebant
779 2354 818 2386 in
841 2354 1035 2397 palatium,
1072 2351 1196 2396 ibique
1219 2362 1362 2384 manere
1388 2349 1567 2383 iubebant

148 2405 264 2438 usque
292 2393 337 2427 ad
371 2397 594 2440 Imperatoris
623 2398 690 2432 filii
717 2398 921 2436 adventum,
966 2398 1087 2431 Altero
1108 2403 1227 2431 autem
1260 2397 1318 2429 die
1341 2409 1361 2428 a
1387 2396 1497 2428 finitis
1528 2399 1566 2427 et

149 2439 275 2483 sopitis
298 2439 396 2473 hisce
429 2444 642 2478 tumultibus
667 2444 731 2493 [id
753 2450 807 2478 est
832 2443 892 2477 die
920 2444 1056 2477 decimo
1078 2448 1204 2488 quarto
1232 2441 1422 2487 Augusti],
1449 2442 1563 2473 intra-

147 2485 213 2519 bat
249 2485 414 2530 magister
439 2487 512 2521 Leo
545 2500 565 2522 e
593 2490 727 2523 fossato
745 2491 785 2523 in
810 2490 954 2526 Urbem,
1000 2490 1069 2522 Die
1096 2489 1235 2522 decimo
1258 2490 1386 2533 quinto
1419 2486 1562 2519 tandem

145 2530 296 2575 Augusti
322 2531 453 2565 mensis
474 2533 675 2578 imperabat
688 2547 755 2580 per
774 2536 911 2569 litteras
935 2537 1128 2579 Imperator
1152 2534 1348 2567 accubitori
1374 2532 1505 2564 Basilio
1524 2536 1562 2564 et

146 2576 350 2620 praeposito
378 2577 523 2618 Ioanni,
562 2585 602 2614 nt
624 2593 702 2614 cum
729 2581 802 2617 illis
823 2581 1047 2627 proceribus,
1083 2592 1171 2626 quos
1194 2581 1271 2623 ipse
1292 2578 1501 2611 nominatim
1522 2577 1560 2610 in

145 2621 277 2657 litteris
309 2621 537 2668 designabat,
571 2626 610 2658 in
639 2627 809 2671 palatium
848 2628 990 2660 Hieriae
1028 2626 1299 2671 egrederentur,
1334 2624 1459 2668 ibique
1487 2623 1559 2655 sibi

147 2673 386 2706 occurrerent·
429 2669 472 2704 ld
494 2670 592 2719 quod
611 2671 700 2709 iussi
722 2674 831 2710 etiam
845 2673 1016 2707 fecerunt.
1064 2673 1132 2707 Die
1150 2682 1278 2717 nempe
1300 2669 1437 2704 decimo
1458 2674 1557 2703 sexto
