1884 3112
864 0 899 35 Ι

283 103 302 140 1
322 103 340 140 1
355 104 386 140 2
542 88 901 146 (ιοΝεΤΑΝΤιΝι
948 83 1460 154 ΡοΒΡΗῩΒοσΕΝιΉ

276 199 566 258 ἇσπασάμενοι
594 205 848 261 ἀπέρχονται
890 200 965 245 καί
1001 204 1189 247 ἵστανται
1224 204 1269 247 ἔν
1297 204 1356 262 τῷ
1390 197 1617 260 οὗδῷξτῶν
1642 203 1723 256 βα-
1779 250 1781 255 Ι

275 272 444 315 σιλικῶν
472 273 638 323 πυλῶν,
682 272 756 311 καί
790 266 932 323 λαβών
969 267 1120 325 κηρούς
1154 269 1268 326 παρὰ
1297 270 1372 311 τοῦ
1400 267 1673 325 πραιποσιῑτου
1702 263 1726 309 ὅ

278 335 497 390 βασιλεὺς,
526 330 694 388 εὔχεται
722 334 867 387 ἐκεῖσε,
896 333 917 377 ὃ
945 335 992 377 δὲ
1020 334 1283 391 πατριάρχης
1310 335 1472 376 ἑκτελεῖ
1491 331 1568 388 τήν
1596 330 1725 388 εὐχήν

282 404 356 457 τῆς
383 401 547 443 εἰσόδου
576 402 649 454 τῆς
676 401 797 448 θείας
822 402 1094 457 λειτουργίας.
1130 398 1357 454 εὐξάμενος
1385 401 1432 441 δὲ
1461 396 1483 440 ὃ
1511 396 1724 455 βασιλεὺς,

235 469 499 510 Ὡὲπιδίδωσι
525 465 620 516 τοὺς
647 464 799 522 κηροὺς
834 469 891 524 τῷ
918 468 1202 524 πραιποσίτῳ,
1248 466 1436 516 κᾶκεῖνος
1461 467 1518 525 τῷ
1545 466 1620 522 τῆς
1646 471 1753 515 ata-5

277 532 528 585 ταστάσεως,
557 531 630 574 καί
655 532 898 582 τελέσαντος
925 534 1002 574 τοῦ
1025 532 1292 588 πατριάρχου
1318 530 1392 588 τὴν
1421 527 1568 587 εὗχὴν,
1596 547 1731 587 προσ-

279 604 399 641 κυνεῖ
431 597 455 639 ὅ
483 595 682 652 βασιλεὺς
718 595 765 639 τὸ
804 592 1014 655 ἄχραντον
1053 597 1294 654 εὐαγγέλιον
1355 596 1428 640 καὶ
1478 596 1550 641 τὸν
1587 600 1731 652 τίμιον
1761 601 1765 603 ’

278 662 486 720 σταυρὸν,
529 663 601 706 καὶ
626 663 925 718 ἐπιλαβόμενος
951 665 1027 720 τῆς
1050 662 1195 721 χειρὸς
1233 665 1310 706 τοῦ
1336 663 1604 721 πατριάρχου
1655 665 1731 710 καὶ

278 729 598 786 δηριγευόμενος
624 728 708 772 ’ὕπὸ
739 732 821 773 τῶν
847 730 1157 787 προειρημένων
1174 728 1353 784 πάντων,
1382 731 1620 788 διέρχονται
1647 729 1734 784 ἆμ-

280 794 451 853 φότεροι
475 796 606 850 μέσον
636 793 707 838 διὰ
737 797 812 838 τοῦ
840 798 946 838 ναοῦ
973 795 1046 838 καὶ
1083 794 1154 839 διιὶ
1183 797 1256 852 τῆς
1285 797 1426 847 δεξιᾶς
1450 795 1629 851 πλαγίας
1653 794 1786 846 roffio

282 857 502 917 ἅμβωνος,
545 861 808 917 εἰσέρχονται
836 859 1090 918 ἀμφότεροι,
1133 857 1170 916 ὅ,
1192 877 1239 904 τε
1266 860 1466 917 βασιλεῦς
1503 861 1576 905 καί
1599 861 1622 905 ὅ
1652 878 1737 904 πα-

286 927 503 986 τριάρχης,
532 928 576 969 ἐν
609 930 660 985 τῇ
687 929 823 988 σωλέᾳ
855 929 928 970 καί
953 927 992 971 οἱ
1019 923 1224 985 ἄρχοντες
1250 931 1329 971 τοῦ
1348 930 1668 984 κουβουκλείου,
1695 924 1737 969 οἶ

286 995 334 1037 δὲ
370 993 510 1036 λοιποὶ
546 993 745 1047 μένουσιν
787 992 867 1046 ἔξω
902 996 974 1050 τῆς
1007 996 1166 1044 σωλέας
1202 991 1376 1047 ἑστῶτες
1401 991 1523 1038 ἔνθεν
1558 994 1736 1040 κάκεῖσε.

102 1063 165 1100 Ed.
176 1063 216 1100 L.
228 1063 272 1111 67
286 1057 474 1109 ἐλθόντες
503 1060 550 1101 δὲ
575 1061 704 1115 μέχρι
735 1061 821 1102 τῶν
849 1058 979 1114 ἁγίων
1004 1061 1167 1117 θυρῶν,
1206 1059 1227 1102 ὅ
1255 1062 1334 1115 μὲν
1362 1059 1624 1117 πατριάρχης
1649 1060 1738 1103 εἰσ-

284 1126 458 1182 έρχεται
483 1125 542 1175 εἷς
567 1125 614 1167 τὸ
639 1123 968 1181 θυσιαστήριον,
1008 1122 1032 1167 ὅ
1040 1140 1114 1180 ,τε
1140 1124 1343 1180 βασιλεὺς
1379 1127 1551 1169 ἵσταται
1577 1123 1787 1180 ἔμπρο-ιό

286 1194 392 1235 σθεν
417 1191 499 1233 τῶν
528 1190 658 1245 ἁγίων
680 1191 840 1247 θυρῶν,
868 1192 940 1233 καί
967 1187 1083 1246 ἅψας
1112 1189 1263 1248 κηροῦς
1290 1187 1462 1246 εὔχεται
1489 1191 1562 1234 καὶ
1599 1191 1737 1232 ἐπιδί-

288 1257 417 1300 δωσιν
453 1254 612 1305 αὐτούς
651 1257 710 1314 τῷ
747 1257 1031 1316 πραιποσίτῳ,
1070 1257 1144 1300 καί
1177 1256 1466 1314 προσκυνήσας
1500 1255 1574 1308 τὰς
1612 1257 1738 1312 ἁγίας

287 1321 452 1380 θύρας,
487 1321 722 1378 εἰσέρχεται
759 1323 818 1372 εἷς
855 1320 904 1364 τὸ
940 1323 1244 1380 θυσιαστήριον
1287 1323 1362 1367 καί
1400 1328 1630 1381 προσκυνεῖ
1659 1322 1738 1379 τήν

114 1389 420 1445 Με.61.ιιᾶγίαν
463 1387 675 1445 τράπεζαν
718 1389 790 1430 καὶ
827 1389 1066 1446 ἐπιτίθησιν
1105 1391 1169 1431 ἐπ’
1207 1385 1318 1446 αὐτῇ
1345 1388 1624 1444 ἄποκόμβιον,
1665 1392 1740 1433 καί

288 1452 471 1506 ἐξελθών
511 1455 557 1496 ἐκ
597 1455 674 1496 τοῦ
710 1456 1044 1510 θυσιαστηρίου,
1096 1454 1417 1512 δηριγευόμενος
1455 1454 1536 1498 ὑπὸ
1572 1457 1655 1498 τῶν
1691 1457 1793 1508 ἐξαο

291 1520 442 1576 ἔθους,
482 1522 694 1577 διέρχεται
728 1518 798 1563 διὰ
825 1522 900 1563 τοῦ
930 1521 1068 1573 δεξιοῦ
1084 1524 1241 1577 μέρους
1264 1523 1340 1564 τοῦ
1364 1522 1468 1565 ναοῦ
1503 1521 1577 1564 καὶ
1616 1521 1744 1578 οἷνέρ-

291 1595 422 1644 χεται
444 1585 518 1630 διὰ
544 1589 622 1629 τοῦ
649 1588 952 1644 προειρημένου
992 1589 1166 1642 κοχλιοῦ
1194 1589 1239 1630 ἐν
1266 1593 1354 1639 τοῖς
1381 1589 1744 1644 κατηχουμενίοις,

295 1656 369 1698 καὶ
406 1650 601 1697 ἀπελθών
638 1657 754 1695 τελεῖ
786 1655 830 1696 ἐν
880 1654 939 1712 τῷ
977 1655 1199 1712 εἷθισμένῳ
1237 1651 1348 1713 τόπῳ
1387 1652 1464 1711 τὴν
1500 1655 1622 1697 θείαν
1655 1651 1745 1696 ’λειμ-

295 1718 506 1777 τουργιάν.
573 1721 664 1777 (A.)
704 1718 797 1762 Καὶ
821 1720 877 1762 ἐν’
897 1721 956 1777 τῷ
983 1722 1116 1778 καιρῷ
1142 1721 1215 1775 τῆς
1251 1721 1373 1771 θείας
1398 1718 1616 1770 κοινωνίας
1641 1715 1746 1762 ἄπο-

296 1786 459 1831 στέλλει
486 1783 509 1827 ὅ
538 1785 807 1842 πραιπόσιτος
831 1782 912 1827 ἀπὸ
931 1783 1156 1835 κελεύσεως
1174 1787 1495 1844 σιλεντιαριους,
1522 1783 1596 1828 καί
1612 1783 1798 1842 προσ-25

395 1887 424 1911 ι.
450 1874 491 1910 ἓν
513 1875 557 1921 τῇ
581 1873 656 1920 ὁδῷ
685 1874 743 1910 ed.

299 1954 368 1990 cha
392 1965 515 2000 preces
545 1954 716 1988 introitus
741 1954 888 1989 divinae
934 1955 1105 2001 liturgiae
1132 1955 1265 1990 fundit.
1313 1957 1529 2002 Imperator,
1551 1958 1743 2000 postquam

299 2006 466 2048 precatus
487 2005 562 2041 est,
587 2011 709 2034 cereos
734 2003 966 2046 praeposito,
994 2002 1055 2036 hic
1090 2004 1364 2037 cerimoniarum
1391 2003 1583 2046 magistro,
1611 2000 1744 2043 tradit,

303 2053 342 2081 et
361 2053 553 2094 postquam
573 2047 774 2092 patriarcha
794 2059 917 2094 preces
955 2049 1092 2089 finivit,
1116 2050 1312 2094 Imperator
1339 2054 1601 2082 sacrosanctum
1634 2058 1739 2082 evan·

328 2095 438 2128 elium
481 2105 522 2126 ac
549 2093 788 2127 venerandam
835 2106 975 2128 crucem
1007 2095 1152 2129 adorat:
1190 2107 1371 2141 manuque
1401 2093 1626 2141 patriarchae
1660 2105 1746 2139 pre-

333 2152 430 2182 ensa,
456 2146 494 2174 et
533 2139 578 2173 ab
620 2141 787 2174 omnibus
816 2147 901 2175 ante
945 2141 1052 2175 dictis
1082 2141 1225 2186 stipati,
1259 2154 1325 2188 per
1365 2142 1526 2176 medium
1566 2141 1747 2187 templum

305 2192 345 2221 et
362 2186 530 2223 dextrum
557 2186 719 2220 ambonis
743 2188 836 2221 latus
860 2186 1028 2232 digressi,
1062 2190 1229 2235 utrique,
1274 2190 1471 2234 Imperator
1514 2192 1552 2222 et
1585 2187 1745 2233 patriar-

306 2233 387 2274 cha,
414 2234 548 2268 soleam
573 2234 724 2267 intrant:
745 2233 911 2268 cubiculo
941 2241 1062 2270 autem
1078 2235 1254 2280 praefecti
1270 2247 1312 2269 ac
1329 2236 1463 2281 reliqui
1483 2240 1581 2268 extra
1608 2235 1746 2268 soleam

306 2280 482 2328 utrinque
504 2280 705 2320 adstantes,
730 2287 888 2316 manent.
937 2282 1126 2328 Postquam
1155 2293 1239 2316 vero
1273 2281 1319 2315 ad
1337 2294 1452 2316 sacras
1477 2281 1600 2316 ianuas
1615 2292 1746 2328 perve-

308 2338 396 2361 nere
413 2353 423 2369 ,
448 2325 653 2373 patriarcha
677 2328 871 2360 sacrarium
895 2329 1031 2370 intrat,
1055 2329 1251 2373 Imperator
1276 2328 1321 2362 ad
1345 2334 1484 2362 sanctas
1507 2329 1632 2363 ianuas
1655 2327 1746 2362 sub-

309 2375 427 2416 sistit,
451 2374 516 2407 ubi
541 2385 621 2407 cum
645 2374 803 2407 accensis
831 2377 942 2409 cereis
967 2380 1135 2420 precatur
1151 2400 1162 2416 ,
1194 2375 1318 2421 eisque
1352 2377 1555 2420 praeposito
1581 2373 1748 2416 redditis,

309 2419 424 2455 sa'cras
451 2421 576 2454 ianuas
597 2419 741 2461 adorat,
775 2427 900 2466 postea
934 2423 1126 2456 sacrarium
1162 2421 1294 2463 intrat,
1328 2423 1496 2469 flexoque
1531 2433 1624 2468 genu
1660 2433 1749 2456 san·-

310 2474 404 2502 ctam
426 2467 586 2501 tabulam
601 2473 801 2508 veneratus,
829 2469 863 2501 ei
887 2469 1138 2514 apocombium
1152 2469 1318 2515 imponit,
1344 2475 1382 2503 et
1405 2480 1424 2503 e
1452 2470 1603 2503 sacrario
1627 2479 1648 2502 e
1689 2479 1750 2502 es-

310 2526 394 2556 sus,
428 2525 510 2548 cum
542 2514 683 2548 solenni
717 2515 887 2548 comitatu
930 2527 995 2560 per
1040 2515 1204 2549 dextrum
1254 2516 1380 2563 templi
1416 2516 1511 2550 latus
1547 2515 1647 2561 <ligre
1674 2516 1750 2550 itur

309 2572 448 2608 perque
473 2561 609 2595 dictam
625 2560 804 2595 cochleam
831 2562 875 2595 ad
900 2561 1156 2597 catechumena
1180 2562 1258 2596 abit
1282 2567 1320 2596 et
1354 2562 1462 2597 solito
1487 2563 1566 2596 loco
1591 2567 1750 2596 sanctam

309 2609 495 2654 liturgiam
519 2607 687 2642 celebrat.
733 2607 827 2655 (1V.)
850 2609 1026 2654 Tempore
1050 2621 1167 2643 sacrae
1195 2610 1456 2644 communionis
1479 2609 1705 2655 praepositus
1727 2618 1751 2642 a

310 2655 481 2688 mandato
506 2655 724 2688 silentiarios
745 2655 871 2696 mittit,
896 2657 959 2702 qui
983 2655 1221 2702 patriarcham
1247 2656 1432 2701 advocant3
1457 2657 1487 2690 is
1510 2667 1576 2702 per
1599 2654 1749 2689 eandem

313 2701 499 2738 cochleam
519 2701 732 2744 adscendit,
767 2714 904 2750 perque
930 2702 1186 2739 catechumena
1210 2702 1415 2750 digressus,
1440 2702 1487 2737 ad
1517 2704 1638 2740 locum
1659 2713 1750 2739 σοι·
