1950 3120
369 111 481 179 300
614 132 971 176 coNsTANr1N1
1011 133 1495 179 PoRPnYRoGEmn

366 234 477 291 μέρη
504 235 716 278 αἰτεῖσθαι
742 235 819 284 τὰς
846 236 1054 291 τέσσαρας
1079 236 1278 293 αἰτήσεις,
1305 239 1377 280 καί
1402 235 1575 294 ἑκάστης
1602 240 1734 295 πέρας
1751 240 1812 282 εἵ-

367 300 564 355 ληφυιάς,
594 299 797 354 λαμβάνει
828 303 959 354 νεῦμα
989 301 1010 344 ὃ
1038 300 1325 358 πραιπόσιτος,
1355 304 1428 345 καί
1453 304 1564 346 νευέι
1590 305 1649 362 τῷ
1676 320 1815 361 φωνο-

366 362 499 422 βόλῳ,
545 360 731 415 κᾶκεΐνος
760 369 1001 410 συντίθεται
1028 371 1086 426 τῷ
1113 371 1202 427 λαῷ
1227 371 1271 411 ἑκ
1298 369 1439 425 τρίτου
1471 368 1541 411 διὰ
1571 372 1645 426 τῆς
1669 367 1815 425 χειρὸς

367 429 470 472 κατὰ
498 430 575 480 τὰς
600 431 784 487 αἰτήσεις
813 432 979 476 αὐτῶν.
1034 434 1107 476 καί
1132 435 1437 489 συνταξάμενος
1466 432 1608 485 αὐτοῖς
1636 435 1659 477 ὅ
1689 439 1815 489 βασι-

175 494 487 549 Με.ι96.αλεῦς,
518 499 752 553 εἰσέρχεται
780 501 840 550 εἰς
865 498 910 542 τὸ
943 499 1184 556 τρίκογχον,
1224 498 1315 544 εἶτα
1343 500 1447 552 στάς
1476 501 1714 558 ἔμπροσθεν
1740 501 1841 557 τῆς5

368 562 577 617 βαθμίδος
614 565 690 620 τῆς
730 565 880 621 κόγχης
913 569 989 608 τοῦ
1028 569 1236 624 τρικλίνου
1278 567 1302 610 o‘
1346 566 1562 622 βασιλεὺς,
1609 565 1720 610 νεύει
1757 569 1815 624 τῷ

368 628 644 688 πραιποσίτῳ,
673 629 696 673 ὅ
725 633 771 676 δὲ
796 632 1067 689 πραιπόσιτος
1101 634 1210 688 λέγει
1237 632 1523 688 ,,κελεύσατε.”
1579 635 1690 691 (A.)
1724 631 1821 675 Καὶ

368 696 538 738 πάντων
564 698 651 740 τῶν
687 694 907 753 ἀρχόντων
943 698 1224 754 ἐξελθόντων,
1269 703 1384 754 μένει
1421 698 1443 741 ὅ
1471 697 1667 754 βασιλεὺς
1706 697 1813 752 μετὰ

368 762 447 803 τοῦ
474 763 769 816 κουβουκλειόυ
797 764 950 819 μόνον,
996 763 1019 807 ὅ
1056 768 1103 809 δὲ
1131 767 1421 823 πραιπόσιτος,
1466 763 1605 819 λαβών
1632 761 1714 807 ἇπὸ
1741 765 1816 819 τῆς

334 831 554 885 Βκεφαλῆς
582 829 712 872 αὐτοῦ
738 830 784 874 τό
813 834 991 886 στέμμα,
1017 837 1311 888 προσκαλεῖται
1337 831 1435 882 τούς
1454 830 1719 887 βεστήτορας,
1740 828 1870 872 nulio

372 895 693 940 ἀπαλλάσσουσι
732 896 809 953 τὴν
841 900 1023 953 χλανίδα
1057 902 1133 942 τοῦ
1156 901 1372 954 βασιλέως.
1429 894 1509 941 εἶθ’
1538 893 1671 946 οὕτως
1699 897 1815 951 ἐξέρ-

370 976 496 1015 χεται
531 961 554 1004 ὅ
581 961 780 1016 βασιλεῦς
819 959 899 1006 ἆπό
941 966 1019 1007 τοῦ
1046 965 1292 1022 τρικόγχου,
1335 964 1409 1007 καί
1445 966 1657 1020 διέρχεται
1690 959 1818 1004 πάλιν

371 1026 445 1071 διὰ
474 1029 558 1070 τῶν
585 1025 726 1073 αὖτῶν
755 1032 1031 1086 διαβατικαῖν,
1072 1032 1145 1073 καί
1183 1033 1414 1087 ἀπέρχεται
1451 1032 1510 1080 εἷς
1549 1028 1624 1073 τὸν
1658 1043 1818 1084 χρυσο-

371 1095 590 1149 τρίκλινον,
619 1097 691 1137 καί
717 1093 738 1136 ὃ
761 1098 1048 1152 πραιπὸσιτος,
1077 1097 1218 1151 λαβών
1247 1096 1501 1152 ἀποκόμβιον
1527 1098 1612 1139 τῶν
1638 1093 1714 1138 δύο
1739 1108 1818 1148 με·

373 1160 473 1214 ρῶν,
505 1160 823 1216 ὃηριγευόμενος
851 1162 933 1205 ὕπὸ
963 1166 1048 1206 τῶν
1077 1160 1293 1219 ἀρχόντων
1318 1166 1394 1205 τοῦ
1417 1160 1723 1217 κουβουκλείου,
1753 1159 1870 1202 ‹lc—15

373 1227 546 1280 ἔρχεται
573 1227 644 1268 διὰ
673 1229 757 1270 τῶν
785 1230 1049 1284 διαβατικαῖν,
1078 1229 1151 1272 καί
1178 1230 1406 1285 ἀπέρχεται
1434 1230 1479 1270 ἐν
1505 1228 1562 1286 τῷ
1587 1226 1816 1283 ἡμικυκλίῳ

375 1291 530 1347 φιάλης
557 1295 634 1334 τοῦ
661 1292 912 1350 τρικόγχου,
961 1298 1033 1338 καί
1058 1294 1315 1352 παρακύπτει
1341 1294 1551 1347 κάτωθεν,
1601 1291 1640 1334 οἱ
1669 1293 1714 1334 δὲ
1741 1293 1818 1334 τοῦ

373 1358 529 1412 μέρους
562 1360 645 1400 τῶν
672 1361 860 1403 Βενὲτων
897 1363 1121 1417 κρατοῦσιν
1156 1362 1403 1417 ἧπλωμένην
1440 1358 1512 1415 τὴν
1538 1359 1717 1413 χλανίδα
1742 1357 1817 1399 τοῦ

376 1422 596 1479 δημάρχου
626 1424 781 1480 αὐτῶν,
819 1429 879 1477 εἷς
905 1426 956 1483 ἢν
985 1430 1180 1483 δέχονται
1204 1426 1250 1469 τὸ
1281 1425 1537 1479 ἅποκόμβιον
1563 1422 1608 1467 τὸ
1640 1421 1710 1466 διὰ
1739 1424 1818 1466 τοῦ

335 1492 652 1543 (Ξπραιποσίτου
681 1491 795 1548 παρὰ
825 1496 899 1535 τοῦ
925 1496 1132 1548 βασιλέως
1159 1494 1352 1550 πεμφθὲν
1379 1488 1537 1541 αὖτοῖς.
1590 1488 1742 1544 ὅμοίως
1769 1489 1872 1530 ὃὲαο

377 1557 452 1605 καί
478 1554 516 1598 οἱ
544 1557 755 1613 Πράσινοι
784 1557 836 1601 τὸ
862 1559 968 1602 αὐτὸ
997 1562 1201 1603 ποιοῦσιν.
1245 1555 1336 1601 εἶτα
1364 1557 1617 1613 ὑποστρέφει
1645 1555 1667 1598 ὃ
1693 1572 1819 1610 πραι-

376 1621 544 1671 πόσιτος
569 1622 677 1677 μετὰ
706 1626 782 1667 τοῦ
809 1626 1128 1681 κουβουκλείου,
1158 1624 1230 1669 καί
1255 1626 1328 1667 τοῦ
1355 1625 1560 1678 βασιλέως
1588 1621 1820 1664 καθεσθένα

379 1703 448 1737 τος
475 1688 547 1731 ἐπὶ
572 1691 649 1732 τοῦ
671 1693 856 1745 σε’ντζου,
887 1695 1122 1750 φοροῦντος
1143 1693 1218 1734 καί
1242 1689 1290 1733 τὸ
1314 1691 1458 1745 σαγίον
1480 1686 1627 1742 αὑτοῦ,
1650 1686 1722 1730 καί
1742 1687 1819 1729 τοῦ

379 1755 672 1810 κουβουκλείου
696 1760 752 1809 εἰς
772 1757 843 1802 τὸν
862 1761 1200 1817 χρυσοτρίκλινον
1218 1753 1406 1810 ἑστῶτος,
1435 1754 1593 1800 κελεύει
1618 1753 1821 1809 εἰσαχθῆ-

477 1876 531 1910 ι3.
558 1875 611 1914 εἷς
635 1868 677 1911 τὸ
704 1877 760 1910 ed.

382 1983 580 2027 prospicit,
607 1984 788 2031 silentque
810 1996 960 2030 organa,
987 1985 1163 2019 sactiones
1186 1996 1268 2019 vero
1291 1988 1447 2029 quatuor
1469 1981 1730 2027 postulationes
1759 1979 1819 2012 in-

383 2030 563 2070 stituunt,
594 2031 818 2077 singulisque
855 2033 942 2076 ipsis
976 2034 1174 2072 concessis,
1225 2032 1472 2076 praepositus,
1516 2029 1617 2073 signo
1649 2031 1819 2070 accc-pm,

383 2082 655 2118 praecentorem
675 2085 822 2120 monet,
846 2080 909 2124 qui
930 2084 985 2112 ter
1006 2090 1148 2111 manum
1184 2078 1319 2122 populo
1358 2074 1555 2109 secundum
1588 2085 1710 2119 preces
1742 2073 1820 2106 eius

383 2123 581 2166 componit.
629 2124 844 2168 Imperator,
870 2125 1037 2159 omnibus
1064 2124 1261 2164 ordinatis,
1289 2122 1514 2159 triconchum
1537 2120 1760 2166 ingreditur,
1785 2123 1823 2152 et

384 2179 406 2200 e
426 2170 573 2214 regione
596 2171 712 2204 scalae
742 2172 896 2205 conchae
917 2172 1067 2205 triclinii
1090 2172 1328 2210 constitutus,
1352 2169 1556 2214 praeposito
1583 2168 1730 2207 annuit,
1755 2165 1822 2212 qui

385 2214 497 2249 dicit:
541 2217 678 2254 Iubete.
724 2219 834 2264 (ΙΙΙ.)
873 2219 1064 2252 Praefectis
1100 2218 1266 2252 omnibus
1304 2217 1475 2261 egressis,
1514 2216 1710 2259 Imperator
1741 2223 1821 2248 cum

383 2262 463 2296 solo
486 2263 653 2297 cubiculo
675 2271 860 2306 remanet,
884 2267 1110 2311 praepositus
1137 2276 1244 2303 vero,
1270 2263 1388 2297 demta
1414 2263 1458 2295 ab
1482 2263 1559 2295 eius
1580 2262 1699 2306 capite
1719 2271 1823 2293 coro-

385 2320 453 2350 na,
486 2312 674 2344 vestitores
709 2318 832 2354 vocat,
869 2318 911 2346 ut
937 2314 1007 2358 ipsi
1030 2314 1187 2346 tunicam
1214 2315 1356 2345 exuant.
1407 2310 1466 2343 Sic
1497 2320 1517 2342 e
1545 2306 1734 2342 triconcho
1757 2317 1823 2351 per

387 2355 531 2391 easdem
558 2358 717 2402 porticus
746 2358 945 2404 digressus,
977 2359 1022 2393 ad
1055 2370 1203 2393 aureum
1236 2357 1442 2391 cubiculum
1469 2355 1566 2396 abit,
1598 2354 1823 2399 praepositus

385 2413 494 2444 vero,
522 2403 672 2439 duarum
699 2406 896 2439 factionum
926 2406 1139 2450 apocombio
1162 2410 1299 2444 sumto,
1326 2403 1485 2436 cubiculi
1504 2403 1692 2446 praefectis
1711 2400 1824 2433 comi-

389 2451 573 2491 tantibus,
609 2463 675 2496 per
701 2454 860 2498 porticus
887 2450 932 2486 ad
961 2453 1196 2497 hemicyclum
1216 2451 1360 2497 phialae
1389 2449 1567 2484 triconchi
1597 2449 1693 2488 abit,
1729 2446 1823 2480 etin

388 2496 468 2531 loca
495 2499 666 2532 inferiora
694 2500 891 2544 prospicit,
915 2501 1048 2536 Veneti
1072 2506 1192 2533 autem
1215 2499 1374 2532 tunicam
1401 2496 1584 2530 demarchi
1609 2495 1664 2528 sui
1689 2504 1825 2547 expan-

389 2555 463 2578 sam
497 2551 684 2586 tenentes,
725 2547 978 2591 apocombium
1018 2547 1063 2580 ab
1099 2548 1318 2591 Imperatore
1354 2556 1418 2590 per
1453 2544 1701 2588 praepositum
1737 2541 1825 2584 ipsu

389 2593 540 2625 missum
564 2593 765 2638 recipiunt:
792 2593 961 2641 idemque
990 2599 1026 2628 et
1050 2594 1183 2627 Prasini
1209 2593 1359 2629 faciunt.
1409 2591 1467 2624 Sic
1492 2589 1717 2635 praepositus
1743 2595 1825 2619 cum

390 2639 559 2674 cubiculo
586 2640 704 2682 redit,
739 2646 777 2674 at
809 2640 1008 2686 Imperator
1032 2652 1150 2687 sagum
1176 2651 1279 2673 suum
1306 2644 1445 2685 gestans
1471 2637 1582 2683 inque
1607 2635 1738 2669 throno
1763 2631 1827 2664 adq

391 2686 535 2728 sidens,
561 2689 806 2730 promotiones
833 2689 1027 2722 multorum
1050 2698 1237 2734 procerum
1260 2686 1406 2719 institui
1431 2684 1559 2724 iubet,
1592 2694 1613 2715 a
1637 2678 1826 2735 mandato-

391 2732 492 2768 ribus
516 2745 581 2779 pcc
605 2746 728 2771 omnes
753 2734 896 2771 ordines
921 2747 1033 2781 usquc
1057 2734 1102 2769 ad
1119 2732 1423 2781 protospatharios
1441 2740 1669 2783 progi=essus3
1693 2738 1723 2760 ει
1747 2724 1826 2771 pla.-
