1878 3112
303 106 376 147 m:
413 102 674 148 cmmon.
709 91 890 146 Amaia
927 103 1149 146 BYzAN'r.
1193 106 1246 146 11.
1278 107 1343 150 13.
1433 86 1537 142 561

111 220 212 255 τους
239 205 278 248 οῖ
304 207 527 261 βασιλικοί,
567 206 640 247 καὶ
667 200 749 246 ἇπὸ
778 206 859 246 τῶν
893 205 1023 247 ἐκεῖσε
1050 204 1295 249 ἱππεύωσιν
1329 205 1368 248 οἱ
1396 205 1549 248 δεσπό-

111 289 185 314 ται
211 270 284 314 καί
309 267 568 327 ἆπέρχονται
604 272 735 326 μέχρι
759 273 837 312 τοῦ
874 268 955 320 ἔξω
981 269 1244 324 προπυλαίου
1286 273 1365 314 τοῦ
1387 273 1457 322 εἰς·
1475 270 1549 313 τὸν

114 335 314 392 ἔμβολον,
353 338 426 378 καί
465 338 548 377 τῶν
587 337 725 377 ἳππων
760 336 892 377 ἐκεῖσε
931 335 1181 388 ἀποβάντες,
1221 333 1466 390 ἅνέρχονται
1493 335 1546 379 τὰ

114 399 280 455 amala,
307 402 380 443 καὶ
405 402 644 456 διέρχονται
672 399 743 441 διὰ
772 402 848 442 τοῦ
875 397 978 456 πρὸς
1000 397 1206 456 ἀνατολὴν
1229 402 1368 452 δεξιοῦ
1394 403 1550 459 μέρους

87 469 191 510 5τοῦ
218 466 438 522 λουτῆρος.
494 467 626 508 ἐκεῖσε
663 465 744 522 γάρ
776 467 966 507 ἵστανται
1005 467 1081 507 καί
1108 467 1306 520 δέχονται
1342 467 1442 517 τούς
1482 469 1551 510 δε-

111 530 270 583 σπότας
296 531 340 574 οἵ
360 546 406 573 τε
423 528 645 587 μα’γιστροι
669 531 743 574 καί
770 532 980 587 πατρίκιοι
1006 531 1081 573 καί
1105 531 1143 573 οἱ
1171 531 1311 575 λοιποὶ
1333 537 1551 589 συγκλητι-

110 596 182 640 κοί
206 595 280 639 καί
301 598 512 650 βασιλικοὶ
538 591 776 652 ἅνθρωποι,
818 596 892 639 καί
918 595 1000 639 ἀπὸ
1024 599 1107 639 τῶν
1132 599 1264 640 ἐκεῖσε
1291 599 1582 656 εἰσέρχονταιΒ

112 661 155 706 οἶ
180 661 382 706 δεσπόται
409 663 468 713 εἰς
496 661 570 705 τόν
596 661 813 719 νάρθηκα,
839 663 913 705 καί
938 662 1283 718 περιβαλλόμενοι
1310 662 1362 706 τὰ
1387 680 1548 720 χρυσο-

111 728 377 784 περίκλειστα
402 727 544 783 σαγία,
572 724 777 771 ἅπτουσιν
800 727 953 784 κηρούς
979 731 1040 778 εἰς
1059 728 1134 778 τὰς
1159 730 1380 782 βασιλικὰς
1406 730 1555 779 πύλας.

65 793 190 840 noxae*
220 794 382 843 εὖθέως
407 796 671 850 εἰσέρχονται
708 795 781 836 καί
806 795 1044 849 διέρχονται
1077 793 1147 836 διὰ
1178 795 1309 847 μέσου
1345 798 1421 837 τοῦ
1449 796 1555 838 ναοῦ
1585 825 1589 828 -

115 858 190 902 καὶ
214 861 287 916 τῆς
313 858 523 914 σωλαίας,
553 858 626 901 καί
651 857 778 901 πάλιν
804 857 1006 902 ἅπτουσιν
1031 858 1184 915 κηροῦς
1209 859 1288 911 ἔξω
1315 862 1398 902 τῶν
1425 858 1555 916 ἇγίων

114 927 285 982 θυρῶν,
320 925 394 966 καί
418 925 678 980 εἰσέρχονται
706 925 767 974 εἰς
792 923 840 967 τὸ
869 922 988 979 ἅγιον
1027 924 1352 981 θυσιαστήριον,
1395 925 1467 967 καί
1505 927 1558 967 οἷὲ

116 991 348 1051 σπάζονται
372 987 447 1045 τὴν
473 989 654 1045 ἐνδυτήν
682 989 755 1031 καί
793 987 871 1045 τήν
906 990 984 1031 τοῦ
1017 990 1236 1046 μα’ρτυρος
1261 990 1384 1045 ἁγίαν
1409 991 1557 1046 κάραν,

118 1057 191 1098 καί
216 1056 459 1111 διέρχονται
486 1054 558 1097 διὰ
598 1057 674 1098 τοῦ
700 1053 805 1110 πρὸς
832 1053 1040 1104 ἀνατολὰς
1078 1057 1154 1096 τοῦ
1178 1054 1366 1109 βήματος
1389 1051 1560 1111 ἄριστε-

68 1122 198 1178 15ροῧ
222 1122 407 1178 μέρους,
456 1120 529 1163 καί
563 1121 609 1163 ἐν
645 1122 704 1177 τῷ
731 1122 863 1162 ἐκεῖσε
898 1121 1128 1177 τετρασέρῳ
1157 1121 1415 1175 εἰσέρχονται
1430 1153 1441 1174 ,
1490 1123 1564 1164 καὶ

115 1185 244 1230 πάλιν
262 1185 344 1228 ὑπὸ
362 1189 446 1228 τῶν
463 1185 609 1241 ἱερέων
633 1187 918 1242 προσφέρεται
939 1185 965 1242 ἦ
988 1185 1087 1240 ἁγία
1105 1184 1225 1241 κάρα,
1250 1188 1323 1228 καί
1338 1185 1464 1229 πάλιν
1482 1203 1561 1240 με-

115 1251 170 1295 τὰ
199 1253 338 1308 κηρῶν
358 1250 440 1293 ὑπὸ
464 1254 547 1294 τῶν
572 1253 779 1293 δεσποτῶν
799 1257 1101 1307 προσκυνεῖται,
1119 1249 1192 1292 καί
1209 1247 1280 1292 ἀπ’
1304 1252 1433 1307 αὐτῆς
1453 1258 1599 1306 λαμ-(ζ

117 1315 318 1372 βαίνουσιν
338 1314 456 1372 ἅγιον
478 1313 768 1372 ἇπομύρισμα,
811 1317 885 1358 καί
906 1317 1146 1371 ἐξέρχονται
1163 1316 1223 1366 εἰς
1243 1315 1288 1358 τὸ
1315 1317 1483 1373 ἔξάερον
1502 1319 1562 1366 εἰς

117 1381 165 1426 τὸ
180 1385 312 1426 ἐκεῖσε
341 1381 680 1438 ἀναδενδράδων,
715 1378 876 1423 κᾶκεῖσε
908 1380 1211 1433 σκεπαζόμενοι
1233 1382 1482 1435 ἐκβάλλουσι
1506 1382 1562 1423 τά

66 1446 425 1504 αοσκαραμάγγια,
457 1447 531 1489 καί
554 1447 723 1500 κολόβια
750 1446 1089 1500 περιβαλλόμενοι
1116 1443 1464 1501 ὑποστρέφουσιν,
1493 1463 1561 1488 κε-

120 1512 313 1556 λεύουσιν
335 1511 521 1569 ἔφιπποι,
542 1515 671 1567 μέχρι
692 1513 766 1564 τοῦ
789 1511 1012 1564 παλατίου,
1033 1508 1245 1552 κελεύουσι
1267 1513 1373 1563 πλοῒ,
1398 1509 1446 1553 ὃν
1464 1511 1565 1564 τρό-

121 1594 199 1621 πον
225 1579 444 1635 εἰρήκαμεν
470 1576 547 1634 τήν
573 1576 731 1620 τούτων
759 1571 918 1633 ἄφιξιν,
948 1577 1096 1631 ἰστέον,
1129 1572 1209 1628 ὅτι,
1237 1577 1338 1616 πλοῒ
1358 1575 1565 1630 ὑποστρε-

121 1644 286 1702 φόντων
306 1646 389 1687 τῶν
408 1645 629 1699 δεσποτῶν,
656 1639 780 1693 ὅσους
804 1638 857 1686 ἂν
870 1638 1118 1688 κελεύσωσιν
1137 1641 1462 1697 συνεστιαθῆναι
1481 1643 1564 1684 τῶν

110 1793 181 1827 -lbi
205 1792 463 1828 descendentes
498 1803 543 1825 ex
571 1791 679 1838 equis
713 1790 912 1825 ascendunt
938 1801 1005 1835 per
1035 1789 1185 1830 scalam,
1227 1794 1264 1823 et
1287 1794 1475 1825 transeunt
1497 1800 1565 1836 per

122 1841 287 1876 dextram
311 1841 522 1874 orientalem
550 1839 690 1884 plagam
720 1838 848 1872 luteris
871 1849 935 1871 seu
967 1837 1196 1882 baptisterii,
1226 1837 1291 1869 ubi
1327 1849 1348 1870 a
1385 1838 1564 1882 magistris

122 1893 163 1922 et
186 1887 348 1932 patriciis
361 1886 587 1933 reliquisque
609 1886 799 1919 senatoriis
817 1889 855 1918 et
877 1884 1124 1928 imperialibus
1140 1882 1348 1917 hominibus
1372 1885 1565 1929 excipiun-

123 1940 195 1969 tur.
261 1934 369 1966 Illinc
392 1933 529 1966 intrant
549 1932 590 1966 in
621 1931 857 1974 narthecem3
895 1930 960 1963 nbi
990 1930 1109 1963 induti
1135 1940 1217 1975 saga
1248 1940 1433 1964 sua-auro
1463 1936 1565 1975 septa

124 1979 330 2015 accendunt
357 1990 478 2013 cereos
501 1979 540 2012 in
564 1984 668 2024 porta
694 1977 866 2018 basilica,
899 1987 1015 2022 eoque
1049 1977 1144 2010 facto
1163 2002 1174 2017 ‚
1209 1976 1347 2009 intrant
1379 1977 1418 2010 in
1446 1977 1566 2011 eccle-

125 2028 237 2068 siam,
260 2031 450 2061 transeunt
476 2037 542 2070 per
577 2036 687 2059 naum
710 2029 747 2058 et
777 2035 843 2069 per
866 2023 1001 2057 soleam
1020 2049 1030 2064 ‚
1062 2034 1183 2057 rursus
1207 2022 1410 2056 accendunt
1441 2034 1564 2057 cereos

125 2084 247 2108 eoram
269 2073 399 2107 sanctis
428 2072 591 2112 foribus,
615 2072 753 2105 intrant
776 2071 816 2105 in
839 2069 1126 2114 thysiasterium,
1158 2069 1364 2103 osculantur
1394 2069 1564 2113 endytam

127 2126 168 2155 et
191 2125 351 2154 sanetum
374 2120 538 2162 martyris
562 2123 688 2164 caput3
720 2123 798 2151 tnm
824 2122 1013 2151 transeunt
1043 2127 1109 2162 per
1140 2117 1321 2150 sinistram
1349 2116 1564 2150 orientalem

126 2167 268 2212 plagam
298 2166 449 2199 bematis
475 2172 512 2199 et
538 2165 675 2199 intrant
710 2165 748 2197 in
773 2169 1005 2203 tetraserum,
1037 2161 1136 2209 quod
1161 2162 1215 2194 ibi
1254 2167 1310 2195 est
1333 2161 1409 2209 [seu
1433 2163 1564 2196 cellam

128 2219 284 2258 quatuor
310 2213 398 2246 seris
426 2210 628 2258 munitam].
683 2211 775 2244 Illuc
798 2210 888 2255 ipsis
921 2209 1042 2244 denuo
1067 2212 1320 2254 praesentatur
1347 2220 1368 2241 a
1396 2210 1567 2242 sacerdo-

128 2257 228 2291 tibus
255 2265 374 2292 sancta
403 2269 483 2292 cara
516 2269 579 2292 seu
604 2263 766 2290 sanctum
791 2261 918 2301 caput;
951 2256 1050 2302 quod
1077 2256 1224 2289 Domini
1247 2265 1368 2288 rursus
1401 2266 1481 2288 cum
1509 2265 1568 2287 ae-

130 2305 246 2338 censis
270 2307 381 2339 cereis
406 2305 574 2347 adorant3
594 2310 632 2338 et
656 2303 702 2336 ab
731 2305 811 2348 ipso
837 2302 1020 2347 accipiunt
1036 2308 1198 2336 sanctum
1224 2301 1463 2346 apomyrisma
1489 2299 1566 2345 [seu

132 2350 375 2384 destillantem
399 2362 516 2384 rorem
544 2351 746 2384 sanctitatis
773 2349 1015 2396 unctuosum}
1067 2349 1161 2382 Tum
1187 2354 1322 2381 exeunt
1344 2359 1409 2391 per
1435 2347 1567 2379 atrium

132 2397 173 2429 in
197 2396 504 2430 anadendradium
530 2395 782 2443 [quincuncem
808 2407 870 2428 seu
906 2395 1152 2442 arboretumJ,
1189 2394 1290 2439 quod
1325 2394 1379 2426 ibi
1415 2398 1496 2432 est,
1530 2398 1568 2426 ct

132 2441 200 2476 nub
235 2442 426 2476 testudinis
450 2442 587 2476 ambitu
613 2448 750 2476 exuunt
773 2442 1041 2486 scaramangia,
1075 2447 1112 2474 et
1146 2441 1304 2474 induunt
1335 2438 1500 2478 colobia,
1532 2445 1570 2471 et

134 2489 175 2522 in
215 2487 284 2522 hoc
313 2495 486 2533 apparatu
515 2494 745 2523 revertuntur
770 2488 809 2520 in
845 2487 1040 2532 palatium,
1076 2489 1151 2520 sive
1185 2487 1222 2519 in
1260 2485 1386 2527 equis,
1421 2485 1496 2517 sive
1531 2485 1569 2518 in

136 2534 329 2577 dromone3
354 2534 453 2581 quod
478 2537 656 2579 posterius
680 2535 711 2568 si
735 2535 816 2574 fiat,
843 2532 970 2567 eodem
991 2533 1099 2567 modo
1129 2534 1171 2566 fit
1200 2532 1241 2564 in
1263 2531 1379 2571 abitu,
1402 2535 1511 2575 atque
1532 2533 1571 2564 in.

137 2580 292 2614 adver-tu
316 2581 453 2614 dictum
478 2581 558 2614 suit.
606 2582 644 2615 Si
669 2592 734 2626 per
760 2581 880 2614 sinum
915 2579 1022 2612 maris
1060 2579 1208 2612 Domini
1239 2582 1485 2615 revertantur,
1510 2577 1570 2609 in-

135 2631 237 2661 trant
268 2627 429 2671 ipsorum
456 2638 500 2660 ex
530 2627 697 2661 mandato
717 2627 758 2660 in
789 2625 998 2659 dromonem
1019 2626 1129 2658 simul
1159 2635 1238 2658 cum
1268 2624 1355 2668 ipsis
1390 2629 1573 2668 quotquot

137 2675 211 2722 ipsi
233 2674 416 2720 voluerint
447 2673 688 2720 iusserintque
715 2683 904 2717 procerum
937 2681 982 2703 eo
1017 2669 1078 2704 die
1105 2681 1224 2704 secum
1255 2669 1405 2714 epulari.
1465 2670 1571 2702 Men·

187 2743 451 2779 Constantinus
471 2738 647 2786 Porphyr.
685 2740 759 2775 Vol.
784 2740 814 2772 Ι.
1266 2738 1310 2771 36
