1878 3112
298 105 408 162 530
570 124 930 168 CONSTANT1N1
969 124 1448 169 PORPHYROGENJTl

299 215 429 270 αῧτὸν
457 225 496 266 οἱ
524 226 788 280 πραιπόσιτοι
829 224 902 266 διὰ
930 227 1002 266 τοῦ
1042 225 1264 282 ὧρολογίου
1296 228 1354 277 εἷς
1389 225 1461 269 τὸν
1489 228 1726 282 λαυσιακὸν,

108 295 170 329 Ed.
183 289 371 333 L.3062al
396 291 698 344 ἅπευχαριστεῖ
717 291 830 330 πᾶσα
859 290 884 344 ἦ
916 291 1139 346 σύγκλητος
1166 292 1239 333 τὸν
1265 294 1465 345 βασιλέα,’
1491 293 1563 333 καί
1591 290 1728 334 οἷσι-ια’·

302 357 413 407 ζεται
442 353 592 407 αὐτὸν,
644 355 715 395 καί
740 357 1074 408 συγκαθέζεσθαι
1103 358 1172 398 δεῖ
1194 353 1321 399 αὗτὸν
1361 359 1405 399 ἐν
1431 358 1489 414 τῷ
1517 358 1730 414 λαυσιακῷ

300 425 382 469 τοῖς
409 419 694 474 πραιποσίτοις
731 420 776 461 ἐν
802 422 853 476 τῇ
882 420 966 478 ἰδίᾳ
995 419 1125 463 αὐτοῦ
1151 422 1277 473 τάξει.
1332 424 1484 475 ἰστέον,
1514 418 1580 463 ὅτι
1609 418 1678 464 da·
1704 420 1728 463 ὅ

302 485 475 540 ῥαίκτωρ
519 489 605 532 τοῖς
643 485 930 540 πραιποσίτοις
971 488 1273 539 συγκαθέζεται
1309 488 1354 529 ’ἐν
1395 488 1447 544 τῇ
1489 484 1753 543 προελεύσει5

300 551 373 592 τοῦ
399 551 628 599 λαυσιακοῦ
657 551 728 591 καί
755 551 799 592 ἐν
824 556 913 600 ταῖς
943 555 1107 602 λοιπαῖς
1135 551 1418 608 προελεύσεσι.

911 651 1048 690 KEcD.
1079 647 1121 691 ε’.

477 748 573 784 “Oua
598 749 658 784 δεῖ
679 750 987 796 παραφυλάττειν
1009 750 1074 784 ἐπὶ
1105 750 1310 797 προαγωγῇ
1333 751 1549 797 συγκέλλου,

412 828 588 870 Κελεύει
634 825 655 869 ὅ
683 826 878 882 βασιλεὺς
915 828 971 884 τῷ
996 827 1424 883 παραὸυναστεύοντι,
1472 826 1543 869 καί
1576 827 1730 882 εἰσάγει
1778 854 1782 857 -

302 892 374 936 τὸν
401 891 666 950 ὄφειλόμενον
695 895 982 949 προβληθῆιάι
1010 890 1243 947 σύγκελλον,
1271 896 1343 935 καί
1369 889 1457 946 ἅμα
1483 895 1541 950 τῷ
1559 893 1785 939 εἷσιέναιιο

263 966 290 999 Β
306 958 428 1002 αὕτὸν
454 965 682 1014 προσκυνεῖ
701 958 774 1000 τὸν
801 961 990 1012 βασιλέα,
1018 955 1105 1000 εἶτα
1134 958 1350 1014 πλησιάζει
1375 959 1434 1016 τῷ
1458 962 1635 1012 βασιλεῖ,
1663 960 1736 1000 καὶ

301 1027 411 1080 λέγει
439 1024 544 1079 πρὸς
571 1021 696 1066 αὐτὸν
726 1022 748 1065 ὅ
775 1023 993 1078 βασιλεὺς,
1024 1021 1102 1066 ὅσα
1129 1026 1201 1066 καί
1227 1025 1434 1078 βούλεται.
1461 1022 1532 1065 καὶ
1556 1020 1636 1066 εἷθ’
1662 1021 1734 1066 oii-

302 1106 383 1139 τως
410 1092 538 1143 λέγει·
598 1088 704 1142 „gni
737 1088 933 1140 ὀνόματος
961 1088 1132 1144 πατρὸς,
1174 1091 1271 1131 υἱοῦ
1301 1090 1374 1131 καί
1401 1089 1520 1143 ἅγιόυ
1549 1087 1734 1142 πνεύμα-

304 1171 374 1205 τος
400 1152 686 1210 προβάλλεταί
720 1170 766 1196 σε
808 1155 833 1209 ἦ
876 1156 921 1196 ἐκ
954 1156 1062 1196 Θεοῦ
1102 1156 1294 1208 βασιλεία
1331 1155 1448 1209 ἡμῶν
1478 1155 1732 1208 σύγκελλον.”

306 1220 327 1261 ὃ
357 1222 403 1262 δὲ
429 1218 582 1272 πίπτει,
611 1219 683 1260 καί
708 1223 828 1275 φιλεῖ
846 1218 945 1269 τούς
972 1218 1106 1268 πόδας
1130 1220 1204 1260 τοῦ
1231 1218 1414 1274 μεγάλου
1439 1221 1657 1273 βασιλέως,
1685 1217 1786 1268 ὖ-ι5

303 1288 434 1340 μοι’ως
461 1284 533 1326 καί
561 1286 643 1326 τοῦ
659 1287 833 1339 μικροῦ,
882 1284 955 1326 καί
987 1286 1274 1340 παραδίδωσιν
1315 1283 1444 1327 αὐτὸν
1488 1284 1510 1325 ὁ
1537 1281 1734 1338 βασιλεῦς

306 1351 576 1402 κοιτωνίταις,
606 1352 677 1390 καί
706 1350 942 1392 ἀποστέλλει
970 1349 1096 1392 αὐτὸν
1126 1348 1230 1406 πρὸς
1257 1349 1330 1392 τὸν
1357 1347 1631 1405 πατριάρχην,
1664 1347 1737 1390 καὶ

309 1418 432 1470 δηλοῖ
463 1413 602 1467 αὐτὸν,
633 1412 688 1463 ὦς
727 1411 794 1456 ὅτι
831 1415 886 1469 ,,ἧ
920 1417 1110 1468 βασιλεία
1151 1413 1270 1470 ἡμῶν
1312 1413 1564 1469 προεβάλετο
1589 1416 1735 1456 τοῦτον

308 1480 571 1534 σύγκελλον.”
627 1477 649 1520 ὅ
679 1481 725 1522 δὲ
752 1480 1012 1535 πατριάρχης
1040 1479 1142 1523 κατὰ
1170 1480 1214 1522 τὸ
1247 1481 1397 1530 εἰωθὸς
1434 1481 1742 1535 ἅπευχαριστεῖ

309 1544 380 1587 τὸν
404 1547 605 1599 βασιλέα,
647 1546 721 1587 καί
746 1545 902 1594 εὐθέως
930 1547 1153 1602 σφραγίζει
1182 1544 1250 1588 τὸν
1278 1546 1565 1601 προβληθέντα
1593 1544 1788 1599 veyne—20

310 1647 386 1680 Hoc
411 1646 522 1688 facto,
545 1658 666 1680 rursus
690 1645 846 1691 procidit
873 1652 908 1681 et
931 1647 1113 1681 osculatur
1137 1646 1246 1690 pedes
1283 1652 1319 1681 et
1342 1658 1455 1692 genua
1476 1646 1735 1691 Imperatorum

311 1694 508 1726 successive
541 1694 747 1736 amborum3
773 1700 810 1727 et
835 1699 909 1727 tum
938 1694 1084 1727 tandem
1111 1694 1270 1727 educunt
1293 1694 1409 1738 ipsum
1440 1693 1635 1738 praepositi
1670 1703 1736 1736 per

311 1738 542 1783 horologium
570 1740 608 1772 in
633 1740 837 1773 lausiacum.
874 1741 987 1773 Totus
1009 1746 1152 1774 senatus
1181 1740 1226 1773 ad
1250 1740 1337 1774 haec
1366 1741 1496 1784 gratias
1521 1739 1595 1782 agit
1617 1740 1735 1783 Impe-

313 1787 424 1819 ratori
450 1797 514 1831 pro
546 1786 631 1819 dato
664 1793 800 1820 rectore
817 1812 826 1826 ‚
851 1792 887 1819 et
915 1787 1046 1820 salutat
1069 1787 1303 1827 honoratum,
1331 1787 1393 1832 qui
1423 1796 1486 1820 sua
1520 1785 1557 1818 in
1588 1784 1672 1817 sede
1697 1790 1735 1818 et

313 1831 440 1865 ordine
470 1833 684 1878 praepositis
708 1834 746 1866 in
782 1834 940 1866 lausiaco
971 1833 1113 1867 assidet.
1163 1833 1310 1878 Semper
1339 1832 1435 1866 enim
1462 1831 1596 1865 assidet
1618 1836 1735 1864 rector

310 1879 524 1958 P.¹³‘³Ii)⁰³ffi³
541 1903 550 1920 ,
580 1885 653 1912 tam
690 1878 728 1912 in
760 1885 938 1915 conventu
966 1881 1004 1914 in
1038 1879 1256 1922 lausiacum,
1290 1890 1398 1926 quam
1422 1879 1461 1913 in
1487 1877 1568 1912 aliis
1592 1887 1734 1923 proces-

311 1935 406 1958 sionl
435 1936 485 1959 us.

946 1982 1041 2016 CAP.
1067 1985 1100 2020 5.

670 2049 906 2084 Observanda
936 2051 975 2084 in
1000 2051 1188 2085 creatione
1210 2048 1380 2092 Syncelli.

404 2138 506 2170 Iussu
538 2138 764 2182 Imperatoris
795 2138 994 2172 introducit
1020 2138 1333 2183 paradynasteuon
1363 2134 1437 2180 [seu
1467 2134 1611 2180 imperii
1648 2146 1735 2169 con-

316 2182 404 2229 sors]
430 2194 524 2224 eum,
543 2185 606 2228 qui
623 2184 731 2218 debet
753 2186 926 2228 syncellus
949 2185 1072 2218 creari.
1103 2185 1170 2217 Hic
1186 2188 1226 2216 ut
1241 2184 1395 2228 primum
1418 2181 1566 2215 intravit
1589 2182 1627 2215 in
1645 2192 1735 2216 con-

318 2230 415 2264 clave
440 2230 608 2275 Augusti,
629 2230 788 2274 genubus
815 2231 915 2263 flexis
937 2231 1063 2264 adorat
1087 2242 1180 2268 eum,
1196 2235 1231 2263 et
1248 2234 1322 2261 tum
1337 2227 1473 2261 accedit
1483 2228 1640 2272 propius.
1667 2227 1736 2261 Cui

318 2275 494 2310 Dominus
530 2282 719 2321 postquam
750 2276 934 2310 mandavit
970 2282 1006 2310 et
1037 2276 1216 2317 iniunxit,
1253 2286 1346 2320 quae
1382 2273 1526 2308 tandem
1557 2273 1738 2314 voluerit,

321 2321 526 2366 subiungit:
557 2323 602 2355 In
635 2323 778 2357 nomine
808 2323 928 2356 Patris
962 2332 997 2357 et
1026 2323 1117 2356 Filii
1150 2331 1183 2356 et
1236 2321 1396 2367 Spiritus
1430 2320 1559 2354 Sancti
1608 2328 1737 2363 nostra
1782 2342 1788 2345 -

318 2379 385 2414 per·
424 2368 495 2402 Dei
520 2368 680 2413 gratiam
712 2369 913 2415 imperialis
941 2367 1123 2403 maiestas¹
1146 2376 1248 2402 creat
1283 2376 1315 2401 te
1356 2367 1562 2410 syncellum.
1619 2366 1737 2399 Proti-

321 2426 388 2448 nus
408 2414 611 2459 procumbit
634 2414 734 2447 humi
758 2415 939 2460 pedesque
964 2416 1109 2450 Domini
1135 2414 1306 2454 senioris,
1340 2420 1376 2447 et
1396 2414 1566 2457 deinceps
1582 2411 1734 2444 iunioris

324 2472 469 2507 quoque
513 2460 704 2494 osculatur.
780 2462 871 2494 Tum
905 2463 1015 2495 tradit
1048 2461 1164 2505 ipsum
1198 2457 1395 2504 Imperator
1422 2459 1633 2498 coetonitis,
1669 2458 1735 2502 qui

324 2519 406 2541 eum
438 2507 481 2540 ad
506 2506 740 2551 patriarcham
769 2507 924 2548 ducunt,
950 2508 1222 2552 significantque
1248 2507 1316 2549 ipsi
1344 2506 1491 2539 nomine
1517 2509 1554 2538 et
1582 2515 1624 2536 ex
1647 2513 1734 2548 per-

324 2565 412 2588 sona
431 2551 689 2597 Imperatoris:
725 2555 903 2589 Maiestas
937 2563 1061 2588 nostra
1086 2553 1183 2587 >hunc
1204 2561 1426 2598 praesentem
1446 2551 1625 2596 ¹hominem
1647 2561 1740 2592 εχπ-Δ

325 2601 453 2636 cellum
483 2601 722 2645 nuncupavit.
781 2600 979 2633 patriarcha
1006 2612 1070 2645 pro
1111 2611 1207 2632 more
1243 2599 1372 2644 gratias
1405 2597 1477 2642 agit
1500 2595 1708 2640 Imperatori
1721 2619 1739 2638 ,Β

326 2649 363 2679 'et
394 2648 493 2691 signo
522 2647 633 2679 crucis
674 2647 858 2679 confirmat
892 2658 1022 2680 novum
1062 2646 1278 2690 syncellum,
1302 2645 1521 2689 advocatque
1552 2645 1734 2689 metropo—

326 2693 407 2725 litas
435 2697 471 2727 et
497 2692 801 2739 archiepiscopos,
828 2699 1007 2740 quotquot
1037 2705 1079 2728 eo
1106 2698 1264 2739 tempore
1288 2691 1327 2727 in
1349 2689 1443 2726 Urbe
1456 2689 1553 2735 regia
1584 2689 1732 2726 adsunt,
