1878 3112
277 144 392 219 706
545 162 901 206 cousi-Auum
941 163 1424 208 ponpnmocssum

272 269 415 319 τυχεῖν
440 265 511 320 τῆς
538 265 676 307 αὕτῶν
705 265 964 321 ἀντιλήψεως
994 259 1074 322 ἤδη
1102 268 1492 324 προευτρεπίζονται
1521 266 1603 310 ὗπό
1635 269 1712 310 τοῦ

264 334 519 386 τεταγμένου
547 333 777 384 βασιλικῶν
805 336 1186 389 πρωτοσπαθαρίου
1213 331 1292 385 ἔξω
1321 336 1399 376 τοῦ
1423 333 1554 390 βήλου
1597 335 1715 378 ἕστο-

240 399 467 451 Βλισμένοι
495 396 654 454 ῥοαίοις
680 399 853 452 σαγίοις.
907 399 952 440 ἐν
980 399 1027 440 δὲ
1054 400 1105 456 τῇ
1129 397 1282 442 τούτων
1306 401 1511 458 εἰσαγωγῇ
1538 416 1718 455 προσυνα

274 465 538 519 εισέρχονται
565 465 624 522 τῷ
661 465 865 522 βασιλικῷ
893 464 1091 523 ὄστιαρίῳ
1131 464 1326 519 ὁμότιμοι
1363 467 1446 508 τῶν
1484 464 1718 520 μελλόντων

274 534 417 583 τυχεῖν
445 525 703 585 ἆντιλήψεως
730 525 878 586 ἄνδρες
904 529 1229 588 σπαθαροφόροι
1254 537 1387 588 τρεῖς,
1416 531 1491 574 καί
1515 530 1564 574 τὸ
1593 528 1758 588 ‹nim-5⁴

275 598 351 645 θες
377 597 505 650 σέβας
532 593 776 652 ποιήσαντες
805 597 1061 651 ἀναμένουσι
1089 596 1195 653 πρὸς
1220 595 1265 640 τό
1295 598 1420 654 βῆλον
1445 595 1615 648 ἑστῶτες
1643 597 1720 654 τὴν

276 662 355 704 τοῦ
381 662 650 716 εἰσαγομένου
678 662 934 720 παρουσίαν,
977 664 1051 705 καί
1077 658 1204 714 αὖθις
1229 665 1304 706 τοῦ
1329 662 1461 720 βήλου
1492 666 1720 707 πετασθέν-

276 742 372 781 τος,
408 730 727 784 συνεισέρχεται
765 730 824 786 τῷ
860 730 1062 787 βασιλικῷ
1103 724 1300 788 ὄστιαρίῳ
1330 728 1353 771 ὅ
1380 729 1465 772 τῶν
1492 725 1738 784 βασιλικῶν

278 795 659 850 πρωτοσπαθάριος
695 793 873 850 εἰσάγων
913 793 987 837 τὸν
1023 797 1226 849 μέλλοντα
1268 801 1410 851 τυχεῖν
1437 795 1721 852 ἀντιλήψεως,

283 860 358 902 καί
381 861 524 903 τοῦτον
551 861 881 917 προτρεπόμενος
911 861 1025 915 τρισί
1056 860 1197 911 τόποις
1237 862 1409 918 ποιῆσαι
1434 860 1509 918 τὴν
1536 860 1777 918 προσκύ-ιο

284 942 428 981 νησιν,
469 928 630 982 ἵστησιν
658 926 784 970 αὐτὸν
813 925 919 969 κατὰ
954 926 1178 984 πρόσωπον
1207 929 1286 969 τοῦ
1315 930 1520 982 βασιλέως
1545 926 1651 983 πρὸς
1677 925 1725 969 τὸ

286 993 331 1043 ἓξ
360 993 519 1035 οἰκείων
545 994 702 1048 χειρῶν
730 989 863 1036 αὖτοῦ
893 997 1037 1048 λαβεῖν
1064 992 1110 1036 τὸ
1146 996 1343 1049 βραβεῖον
1367 996 1443 1036 τοῦ
1481 991 1726 1048 ἀξιώματος.

251 1060 367 1103 cacat*
390 1057 543 1115 μικρὸν
571 1058 700 1101 αὐτὸν
728 1058 800 1102 τὸν
825 1060 1005 1115 τυχόντα
1034 1059 1261 1116 διαστήσας
1289 1058 1582 1110 ὄπισθοπόδως
1607 1059 1629 1103 ὅ
1649 1059 1729 1102 αὔ-

288 1123 362 1174 τός
404 1125 790 1181 πρωτοσπαθάριος
818 1127 1055 1182 περιβάλλει
1096 1122 1213 1184 αὐτῷ
1249 1125 1298 1168 τὸ
1339 1127 1462 1168 δοθὲν
1499 1123 1615 1181 παρὰ
1653 1126 1730 1168 τοῦ

287 1192 493 1243 βασιλέως
511 1194 720 1246 βραβεῖον,
749 1193 822 1232 καί
841 1186 968 1241 αὖθις
995 1188 1116 1234 αὐτὸν
1144 1190 1423 1248 προσωθήσας
1451 1188 1780 1234 α’σπάσασθαιιό

288 1261 408 1298 ποιεῖ
427 1254 526 1306 τούς
553 1255 695 1313 ἱεροὺς
723 1255 855 1305 πόδας
883 1259 958 1298 τοῦ
984 1259 1203 1311 βασιλέως*
1259 1259 1542 1312 καταχθέντος
1569 1259 1615 1299 δὲ
1650 1258 1731 1299 ati-

292 1321 371 1363 τοῦ
396 1320 501 1378 πρὸς
534 1328 620 1373 τοῖς
647 1323 788 1376 κάτω,
827 1324 866 1365 οἱ
904 1320 1092 1376 ὁμότιμοι
1115 1325 1188 1365 τοῦ
1227 1322 1459 1377 ἀξιώματος
1495 1319 1643 1380 ἄνδρες
1671 1321 1731 1371 ὦς

295 1388 486 1443 ἰσότιμον
512 1387 792 1442 εἰσδεξάμενοι
819 1391 966 1446 φίλον,
993 1388 1039 1432 τὸ
1067 1391 1193 1444 σέβας
1219 1391 1468 1446 πληροῦντες
1494 1388 1571 1444 τήν
1598 1385 1732 1443 εὔχα-

293 1459 482 1515 ριστειάν
510 1454 582 1498 διὰ
611 1457 685 1510 τῆς
712 1454 1028 1512 προσκυνήσεως
1054 1457 1113 1513 τῷ
1139 1458 1312 1510 βασιλεῖ
1326 1456 1636 1512 προσφωνοῦσι,
1663 1451 1737 1497 καί

296 1525 590 1579 συνεξέρχεται
616 1521 760 1579 τούτῳ.
814 1519 842 1578 ἦ
872 1523 919 1564 δὲ
955 1522 1206 1576 παρεστῶσα
1232 1520 1395 1563 πάντων
1423 1521 1507 1563 τῶν
1532 1522 1609 1563 τοῦ
1634 1530 1789 1563 nov-20

298 1591 516 1645 βουκλείου
547 1590 642 1639 α’ξιά
670 1586 742 1630 τὸν
768 1589 945 1642 βασιλέα
977 1589 1104 1639 α’ξίως
1130 1587 1486 1643 ἐπευφημήσασα,
1525 1588 1600 1628 καί
1623 1583 1737 1642 αὖτὴ

299 1652 594 1711 συνεξέρχεται
622 1653 800 1704 τούτοις.
855 1654 1089 1708 εἰσάγονται
1120 1654 1166 1695 δὲ
1193 1654 1326 1695 πᾶσαι
1355 1652 1399 1694 αἱ
1418 1654 1500 1695 τῶν
1525 1651 1596 1694 διὰ
1629 1655 1736 1708 βρα-

397 1758 429 1791 7.
461 1745 638 1790 συρέντος
669 1745 734 1790 leg.
759 1755 836 1778 esse
864 1749 971 1791 putat
1000 1746 1037 1778 R.
1082 1755 1147 1790 pro
1186 1743 1449 1781 πετασθέντος.
1571 1755 1630 1782 20.
1648 1750 1736 1778 συν-

393 1794 513 1838 εξέρχ.
540 1794 599 1835 R.,
621 1794 842 1838 συνέρχεται
873 1792 943 1826 cod
976 1797 1012 1826 et
1035 1790 1091 1825 ed.
1259 1799 1263 1805 ·
1590 1811 1593 1813 -

306 1884 400 1908 cram
432 1873 655 1908 maiestatem
689 1875 728 1907 in
753 1873 946 1919 propatulo
975 1873 1158 1917 expositis.
1208 1871 1313 1917 Quae
1343 1872 1407 1917 qui
1437 1870 1605 1915 adepturi
1634 1873 1738 1909 sunt,

306 1926 408 1954 extra
430 1921 550 1954 velum
573 1921 690 1966 parati
709 1925 879 1954 tenentur
897 1931 917 1951 a
939 1919 1171 1953 basilicorum
1206 1919 1265 1952 vel
1299 1918 1585 1958 caesarianorum
1612 1920 1746 1961 proto--

307 1966 492 2012 spathario
519 1979 596 2001 eam
617 1968 655 2001 in
677 1979 750 2002 rem
776 1967 961 2011 delegato,
987 1969 1079 2012 sagis
1099 1965 1216 2000 rubris
1237 1965 1367 1999 induti.
1415 1966 1510 1998 Ante
1527 1973 1610 1996 vero
1631 1972 1739 2008 quam

307 2024 374 2058 per
391 2014 511 2047 velum
533 2014 827 2054 introducantur,
850 2016 1038 2047 introeunt
1059 2014 1165 2046 simul
1189 2023 1267 2046 cum
1298 2011 1478 2057 imperiali
1497 2009 1645 2044 ostiario
1666 2013 1740 2041 tres

306 2061 377 2091 viri
398 2060 541 2104 spathas
565 2066 741 2106 gestantes
755 2086 764 2102 ,
790 2061 966 2106 dignitate
979 2061 1053 2094 illis
1067 2086 1075 2100 ‚
1101 2060 1164 2105 qui
1184 2057 1467 2092 munificentiam
1487 2062 1524 2090 et
1538 2054 1740 2088 mercedem

307 2105 482 2140 virtutum
499 2107 666 2153 adepturi
693 2112 798 2148 sunt,
825 2108 1006 2152 aequales.
1055 2107 1122 2147 Hi,
1147 2110 1189 2138 ut
1208 2106 1407 2150 principem
1432 2107 1605 2136 consueto
1639 2101 1740 2134 cultu

308 2155 472 2187 venerati
491 2159 601 2193 sunt,
626 2159 856 2198 exspectant,
882 2153 979 2198 apud
1004 2154 1122 2186 velum
1149 2157 1303 2192 stantes,
1334 2147 1587 2184 introducendi
1607 2147 1743 2181 adven-

309 2203 410 2239 tum,
431 2199 672 2244 'protinusque
693 2206 734 2233 ut
747 2200 866 2233 velum
890 2200 1075 2233 reductum
1097 2199 1229 2238 suerit,
1265 2198 1382 2230 intrat
1403 2196 1510 2229 simul
1536 2206 1615 2228 cum
1642 2195 1742 2238 regio

312 2245 460 2279 ostiario
482 2245 790 2291 protospatharius
810 2246 1055 2285 basilicarum,
1080 2244 1311 2278 introducens
1328 2241 1588 2276 honorandum.
1636 2242 1744 2275 Hunc

312 2290 479 2325 hortatur
504 2293 618 2326 tribus
644 2294 683 2325 in
716 2292 864 2326 diversis
897 2293 986 2326 locis
1011 2292 1208 2337 Augustum
1234 2291 1404 2331 adorare,
1441 2289 1594 2323 collocat
1623 2298 1744 2322 coram

313 2338 462 2373 Domini
480 2339 582 2371 vultu
594 2365 603 2379 ‚
627 2351 698 2385 quo
714 2349 757 2371 ex
775 2340 887 2384 ipsius
902 2338 1065 2372 manibus
1090 2338 1274 2382 dignitatis
1290 2337 1431 2382 insigne
1448 2336 1613 2380 accipiat.
1645 2333 1745 2368 Idem

315 2383 626 2431 protospatharius
659 2397 740 2419 eum
771 2385 810 2419 id
841 2391 985 2420 nactum
1026 2389 1120 2418 retro
1157 2385 1383 2438 aliquantum
1417 2385 1457 2417 in
1491 2382 1642 2426 vestigia
1679 2391 1745 2413 sua
1872 2417 1878 2431 1

314 2432 418 2466 vultu
442 2432 607 2465 irretorto
632 2434 729 2477 agit,
748 2428 791 2466 'et
819 2433 971 2478 acceptis
996 2444 1016 2465 a
1040 2428 1195 2466 Domino
1220 2429 1421 2476 insignibus
1440 2429 1580 2469 induit,
1605 2439 1747 2462 rursus·
1875 2443 1878 2447 <

317 2484 390 2524 que
414 2487 576 2523 prorsum
601 2478 746 2513 ductum
772 2481 867 2524 cogit
897 2492 1012 2514 sacros
1037 2479 1183 2526 Augusti
1206 2477 1317 2523 pedes
1355 2477 1518 2511 osculari.
1559 2476 1614 2508 'Ut
1635 2473 1748 2508 rediit
1873 2453 1878 2503 l

317 2524 487 2559 reductus
513 2525 558 2558 ad
582 2537 663 2566 eos,
688 2526 751 2572 qui
776 2528 871 2560 infra
897 2527 943 2560 ad
966 2527 1087 2561 velum
1113 2529 1232 2566 stant,
1258 2525 1328 2570 ipsi
1345 2524 1522 2570 dignitate
1536 2533 1663 2567 pares,
1686 2526 1748 2554 re-'

320 2571 463 2617 cipiunt
497 2577 539 2605 ut
572 2573 724 2606 amicum
762 2579 798 2606 et
818 2574 989 2618 collegam
1006 2600 1016 2615 ‚
1040 2573 1307 2606 venerationem
1327 2571 1479 2617 Augusti
1500 2569 1748 2607 absolventes,

319 2619 514 2661 gratiarum
535 2620 712 2653 actionem
737 2630 834 2653 suam
859 2622 977 2654 eidem
1000 2630 1086 2655 voce
1115 2620 1208 2652 clara
1234 2623 1270 2652 et
1298 2618 1508 2652 adoratione
1528 2615 1750 2661 significant,

321 2669 360 2697 et
391 2676 470 2698 cum
500 2677 594 2699 novo
619 2666 755 2712 collega
782 2668 888 2701 simul
920 2668 1068 2701 abeunt.
1121 2667 1257 2700 Pariter
1287 2665 1431 2699 adstans
1460 2662 1619 2697 cubiculi
1653 2665 1751 2695 totus

322 2710 411 2745 ordo
429 2713 537 2746 simul
556 2724 633 2746 cum
653 2713 727 2746 illis
765 2713 844 2748 abit
874 2721 955 2758 post
982 2713 1107 2748 laudes
1131 2718 1167 2746 et
1188 2712 1284 2746 bona
1306 2713 1415 2746 verba
1436 2710 1594 2756 principi
1617 2708 1749 2741 decen-

322 2761 380 2791 ter
401 2757 509 2795 dicta.
553 2760 838 2796 Introducuntur
861 2766 980 2795 autem
1007 2771 1148 2802 omnes,
1175 2770 1268 2805 quac
1287 2770 1369 2795 cum
1385 2757 1530 2794 brabeis
1561 2756 1620 2792 vel
1644 2762 1748 2799 prae-

1843 2260 1852 2266 ι

1869 2061 1878 2270 ..ιῌ-,μ-Λ.
1875 2039 1878 2052 ..
1868 1693 1878 2018 ΛᾺἈ-ς-Αι-ι-,ι-ι-ᾏ.
1869 1520 1878 1685 ..n—-r-...a—
1858 1490 1878 1503 ἶ
1874 1442 1878 1477 ....
1870 1297 1878 1431 -affl-mvnn.
