1832 3112
274 110 346 152 XL*
533 108 605 150 10.
645 108 807 148 HENR.
848 105 1044 147 Lssicffli
1078 86 1478 147 'COMMENTATld
1526 132 1527 135 η

275 220 339 252 tos
366 213 412 265 ¹),
443 213 687 251 Graecorum
717 209 849 263 copias
881 206 933 247 ad
966 206 1195 261 Catasyrtas
1224 206 1455 261 profligasse
1476 235 1490 260 ,
1520 205 1628 246 fama
1648 220 1718 247 ea·-

277 268 370 309 dem
391 267 473 363 Itlllll
476 275 507 307 t·
519 320 627 360 Elati
655 325 716 359 tot
746 317 925 358 victoriis
954 316 1118 356 barbari
1145 317 1196 356 ad
1218 317 1362 356 urbem
1397 330 1560 371 quoque
1585 323 1718 357 terro-

277 392 366 420 rem
402 375 673 431 pertulerant,
705 373 774 412 ubi
807 379 949 412 cuncta
981 372 1187 412 discordiis
1222 372 1406 413 civilibus
1437 373 1539 412 fessa
1552 401 1564 423 ‚
1594 386 1719 426 popu-

278 433 366 475 lum
400 433 540 473 seditio
579 432 808 469 incesserat.
865 429 1068 468 Romanus
1091 457 1103 478 ‚
1142 427 1252 480 quod
1289 442 1373 467 non
1403 429 1558 467 miserit
1597 430 1719 467 trire-

278 503 365 529 mes
388 519 402 541 ‚
444 499 615 540 quarum
648 483 826 523 subsidio
859 482 1005 522 auxilia
1035 484 1338 534 traiicerentur,
1377 483 1420 521 in
1448 484 1511 522 ius
1550 490 1719 523 vocatus

278 551 340 583 est
371 558 382 583 2
411 542 643 580 damnatum
664 539 859 578 sententia
884 537 1078 589 iudicum,
1109 538 1224 577 favor
1243 536 1449 591 Augustae
1466 539 1642 578 servavit
1667 539 1716 589 ²).

277 598 337 638 At
366 598 449 636 Leo
468 626 479 647 ‚
509 597 543 634 is
562 624 574 645 ‚
614 595 683 647 qui
719 607 850 646 nuper
883 607 1039 632 summo
1077 607 1170 632 cum
1203 593 1372 645 imperio
1407 593 1538 632 filei-at
1558 622 1570 645 ‚
1609 593 1720 632 Con-

278 653 440 693 stantini
472 649 671 701 eunuchi,
699 648 871 687 multum
910 648 1053 700 opibus
1096 654 1135 686 et
1176 649 1304 701 gratia
1342 646 1511 688 valentis
1525 676 1538 698 ‚
1568 661 1691 701 opera
1705 676 1719 700 ,

281 707 333 746 ad
362 707 438 747 hoc
463 707 624 745 tentatis
655 703 828 743 militum
856 704 998 742 animis
1014 731 1026 753 ‚
1057 702 1346 755 Imperatorem
1373 702 1473 742 solio
1505 703 1724 742 deturbare

280 776 401 801 ausus
425 791 437 812 ‚
473 760 644 800 Romani
674 758 828 797 insidiis
855 759 1166 808 circumventus,
1197 757 1323 797 oculis
1352 758 1534 809 orbatur,
1563 758 1722 812 pridem

279 823 502 870 suspectuS,
531 815 643 868 quasi
664 813 754 866 plus
777 827 899 866 quam
918 812 1052 852 civilia
1070 814 1238 866 agitaret
1265 812 1314 864 3).
1371 813 1576 853 Romanus
1596 815 1720 864 enim,

280 887 306 912 a
339 871 577 918 Theodoro,
619 869 870 907 Constantini
905 869 1094 921 magistro
1108 898 1120 919 ,
1162 869 1204 906 in
1255 867 1389 907 aulam
1433 875 1621 908 evocatus
1635 897 1648 918 ‚
1676 875 1724 908 ut

280 940 437 981 pacem,
461 932 500 964 et
529 924 770 973 libertatem,
808 930 848 962 et
880 922 1045 962 domum
1075 922 1301 976 Augustam
1336 930 1590 975 sustentaret,
1615 923 1727 964 nolle

281 996 325 1021 se
367 982 582 1034 quicquam
617 992 815 1018 novarum
847 992 981 1017 rerum
1015 977 1174 1028 moliri,
1216 985 1399 1018 contacta
1427 993 1539 1017 sacra
1573 992 1693 1018 cruce
1709 984 1733 1029 ‚‘

282 1037 383 1075 iuris
414 1034 572 1074 iurandi
602 1034 792 1086 religione
826 1047 867 1072 se
898 1033 1108 1072 obstrinxit
1134 1034 1179 1082 ⁴).
1234 1033 1350 1072 Fidei
1387 1033 1504 1073 datae
1533 1040 1573 1072 et
1612 1047 1725 1073 acce—

282 1099 376 1145 ptae
404 1092 547 1143 pignus
586 1088 739 1128 Helena
768 1088 869 1138 suit,
909 1089 1081 1127 Romani
1110 1088 1218 1139 filia,
1257 1089 1513 1127 matrimonio
1545 1089 1726 1142 Impera-

284 1147 364 1184 tori
399 1145 583 1184 adiuncta
599 1172 611 1194 ,
649 1157 731 1196 quo
770 1151 950 1195 tempore
978 1145 1062 1196 ipse
1103 1151 1235 1182 custos
1269 1158 1314 1183 ac
1354 1143 1500 1182 vindex
1533 1145 1646 1198 regni
1686 1150 1727 1183 et

285 1201 478 1255 principis
507 1199 662 1251 (Graeci
687 1193 1023 1251 βασιλεοπάτορα
1051 1200 1207 1250 vocant)
1237 1206 1296 1238 est
1324 1200 1574 1241 constitutus.
1631 1197 1728 1238 Am-

283 1255 453 1310 plissimi
490 1255 668 1294 muneris
683 1283 706 1306 „
725 1253 790 1292 cui
831 1260 919 1293 tum
954 1254 1131 1306 primum
1168 1255 1203 1293 is
1245 1254 1431 1294 admotus
1466 1253 1642 1293 traditur
1666 1255 1725 1306 ⁶),

358 1353 398 1395 ι)
425 1351 569 1389 Contin.
615 1348 780 1396 Theoph.
818 1360 852 1395 p.
885 1349 964 1395 24¹·
1014 1349 1141 1396 Georg.
1182 1350 1349 1386 Monach.
1381 1362 1416 1396 p.
1449 1351 1529 1398 570.
1580 1351 1729 1387 simeon

374 1397 564 1443 Logothet.
583 1408 616 1442 p.
639 1408 717 1442 477.
766 1395 886 1430 Ceteri
916 1397 1055 1431 diversa
1077 1396 1243 1439 tradunt,
1268 1403 1309 1431 ut
1326 1399 1478 1432 Zonaras
1493 1424 1504 1441 ,
1530 1402 1567 1432 et
1590 1398 1728 1433 Cedre-

375 1457 464 1486 nus,
489 1446 551 1490 qui
570 1444 740 1488 Bulgaros
760 1444 901 1487 ingenti
930 1443 1032 1477 clade
1062 1450 1258 1489 prostratos
1289 1445 1425 1478 dicunt.
1520 1450 1560 1486 α)
1581 1446 1728 1480 Simeon

375 1491 528 1535 Logoth.
548 1503 583 1537 p.
608 1490 688 1536 476.
736 1490 810 1524 Leo
831 1490 1025 1524 Grammat.
1047 1503 1082 1536 p.
1105 1491 1186 1536 492-
1232 1493 1352 1533 Zonar.
1376 1503 1410 1536 p.
1437 1493 1511 1526 186.
1546 1491 1728 1537 vTheoph.

377 1538 481 1571 Cont.
508 1549 542 1582 Ρ.
563 1538 643 1581 242.
668 1548 721 1583 sq.
817 1539 860 1580 3)
883 1538 1028 1571 Praeter
1047 1540 1177 1571 citatos
1195 1563 1204 1579 ,
1226 1537 1438 1582 Luitprand.
1461 1539 1522 1572 111.
1540 1539 1572 1572 8.
1623 1538 1732 1574 Omm‘

377 1596 457 1620 cum
466 1584 714 1631 fistinatione
738 1582 881 1617 Phocus
896 1584 1122 1619 Domesticus
1141 1585 1490 1630 Constantinopolin
1516 1583 1636 1626 redit,
1658 1597 1731 1631 pa-

374 1631 507 1665 latium
532 1629 680 1676 ingredi
697 1631 822 1676 cupit,
855 1638 890 1664 et
909 1639 989 1665 arte
999 1630 1099 1676 fieri
1114 1639 1223 1677 pater
1239 1632 1407 1666 Basileus
1426 1633 1577 1678 satagit.
1599 1649 1640 1656 —
1660 1629 1733 1666 Sed

376 1690 403 1712 a
425 1678 586 1711 Romano
611 1677 816 1711 Domestica
841 1677 908 1710 iste
928 1678 1096 1723 capitur,
1130 1686 1240 1725 atque
1260 1686 1417 1724 utroque
1442 1678 1580 1717 lumine
1600 1679 1731 1724 priua-

374 1731 447 1757 tur.
496 1723 613 1756 Aliter
638 1723 712 1755 Leo
730 1723 921 1759 Grammat.
943 1727 979 1756 et
1003 1722 1168 1768 Theoph.
1199 1724 1342 1757 Contin.
1365 1735 1401 1768 p.
1427 1724 1506 1768 ²45·
1520 1749 1531 1767 ‚
1553 1724 1672 1758 inscio
1690 1727 1730 1757 et

376 1769 492 1803 invito
512 1770 671 1801 Romano
693 1779 849 1813 poenam
872 1779 893 1802 a
915 1769 1031 1802 Phoca
1056 1774 1207 1803 suintam
1223 1795 1233 1812 ‚
1259 1770 1466 1815 prodentes.
1560 1769 1606 1816 4)
1630 1770 1730 1805 Con-

375 1816 444 1852 tin.
474 1814 638 1860 Theoph.
660 1826 694 1859 p.
723 1815 800 1859 243.
826 1821 892 1849 cet.
941 1815 983 1848 Id
1015 1826 1109 1849 anno
1140 1829 1218 1862 9¹9·
1242 1817 1433 1862 contigisse
1454 1817 1581 1862 Pagius
1607 1828 1653 1850 ex
1670 1817 1731 1850 Si-

375 1872 506 1894 meone
528 1861 727 1905 Logotheta
744 1886 753 1901 ,
786 1862 849 1905 qui
881 1861 1081 1895 Romanum
1110 1874 1153 1896 eo
1181 1874 1297 1903 anun,
1332 1873 1404 1907 quo
1432 1863 1564 1897 festum
1585 1864 1624 1896 B.
1649 1862 1730 1896 Ma-

377 1907 452 1941 riae
474 1907 512 1939 in
535 1908 661 1941 feriam
687 1908 853 1950 quintam
878 1907 1084 1947 incidebat,
1118 1909 1158 1942 in
1189 1909 1305 1941 aulam
1327 1914 1515 1951 vocatum,
1550 1913 1730 1951 testatur,

381 1953 529 1997 colligit.
625 1953 666 1994 5)
694 1953 743 1986 Ea
767 1952 957 1987 Michaelis
987 1953 1120 1997 Glycae
1149 1955 1329 1988 sententia
1351 1961 1425 1997 eat,
1456 1966 1492 2000 p.
1521 1957 1599 1991 300.
1652 1948 1731 1990 Tdv

375 1996 598 2044 Ῥωμαικὸν,
633 2000 774 2055 inquit,
809 1992 873 2031 διὰ
910 2000 1194 2044 χρυσοβούλλου
1235 1999 1388 2046 φύλακα
1422 1998 1562 2035 ἑαυτοῦ·
1597 2006 1730 2043 ποιεῖ,

381 2048 447 2078 καὶ
472 2043 557 2078 duri
580 2055 724 2090 πατρος
754 2045 900 2078 ἐκεῖνον
925 2044 1043 2090 ἑαυτῷ
1071 2049 1292 2088 καθίστησι,
1325 2047 1439 2093 μήπω
1469 2045 1574 2086 τινὸς
1599 2048 1730 2095 ἑτέρου

379 2091 498 2135 τούτῳ
519 2094 742 2137 τιμηθέντος
769 2089 962 2137 ἀξιώματι.
1009 2093 1079 2127 Per
1096 2105 1246 2128 auream
1275 2094 1411 2128 bullam
1434 2095 1639 2130 Romanum
1665 2107 1732 2130 cu-

380 2138 516 2174 stodem
542 2151 643 2173 suum
662 2140 783 2186 ficit,
817 2139 1007 2185 patrisque
1032 2139 1113 2174 loco
1139 2140 1212 2174 sibi
1232 2142 1452 2178 constituit.-
1480 2154 1523 2176 θα
1545 2141 1729 2188 dignitate

382 2185 533 2220 necdum
561 2194 670 2218 antea
701 2186 896 2232 quisquam
933 2194 1089 2219 ornatus
1111 2187 1253 2232 fuerat.
1303 2187 1420 2231 Quale
1446 2193 1566 2221 autem
1597 2199 1728 2221 munus

379 2232 404 2274 ἦ
423 2232 748 2276 Βασιλεοπατορία
777 2231 907 2271 fuerit,
933 2232 1093 2265 omnium
1115 2233 1250 2275 optime
1271 2243 1315 2265 ex
1339 2233 1568 2268 Constantini
1588 2235 1636 2269 ad
1657 2234 1728 2268 Ro·

379 2289 523 2314 manum
545 2277 675 2311 litteris
693 2288 865 2322 apparere
892 2276 1068 2311 arbitror:
1098 2278 1159 2315 ‘525-
1183 2277 1259 2323 ἐγώ
1281 2278 1436 2324 φύλακα
1461 2281 1524 2321 τῆς
1547 2280 1638 2326 ἐμῆς
1657 2280 1728 2314 Δε-

383 2327 560 2362 enotatas·
586 2325 648 2357 καὶ
676 2324 872 2360 Βασιλείας
905 2324 1229 2378 ἐγρηγορώτατον,
1263 2327 1328 2358 καὶ
1353 2324 1628 2368 εὐνούστατον,
1662 2327 1730 2360 καὶ

377 2370 623 2410 πιστότατον,
649 2369 786 2404 οὐδένα
806 2369 881 2406 τ’ὤν
902 2371 978 2403 ὑπο
996 2376 1126 2416 χεῖρα,
1153 2369 1176 2414 ἢ
1198 2370 1406 2417 Ῥωμανὸν,
1431 2366 1618 2417 εὑρηκώς,
1637 2372 1728 2406 τού-

376 2429 426 2462 τῳ
447 2410 515 2460 τὴν
544 2410 638 2463 ἐμῆν
665 2409 839 2462 φυλακὴν
868 2410 962 2464 μετὰ
1000 2411 1094 2451 Θεὸν
1118 2417 1340 2459 ἐπίστευσα,
1372 2419 1437 2452 καὶ
1465 2419 1553 2454 ἀντὶ
1582 2411 1730 2466 πατρὸς

379 2462 498 2498 αὐτὸν
525 2463 676 2507 ἔκρινα,
714 2464 920 2508 σπλάγχνα
953 2460 1119 2508 πατρικά
1146 2466 1209 2497 καὶ
1233 2463 1413 2499 διάθεσιν
1445 2464 1607 2509 γονικὴν
1629 2459 1730 2510 πρὸς

378 2510 447 2557 ἐμὲ
471 2508 744 2556 ἐνδειξάμενον.
796 2512 884 2544 Cum
911 2511 1026 2545 alium
1050 2512 1228 2546 neminem
1258 2512 1535 2548 Domz‘nationis
1558 2525 1659 2548 meae
1681 2523 1727 2547 ac

379 2558 583 2591 maiestatis
618 2557 917 2602 vigflantiorem,
961 2557 1149 2603 magisque
1186 2557 1399 2592 benevolum
1433 2571 1478 2594 ac
1511 2558 1726 2607 ¹fideliorem

380 2603 561 2638 custodem
591 2605 690 2637 inter
713 2616 856 2644 omnes,
884 2603 950 2650 qui
973 2614 1072 2636 meae
1092 2602 1247 2638 ditionis
1263 2613 1372 2645 sunt,
1402 2617 1449 2640 ac
1470 2607 1622 2652 imper-io
1641 2605 1727 2640 sub-

379 2659 484 2693 sunt,
506 2651 667 2685 Romano
693 2651 920 2686 invenerim:
957 2649 1046 2683 huic
1067 2648 1264 2685 secundum
1283 2651 1397 2688 Deum
1426 2653 1498 2687 mei
1521 2650 1726 2689 custodiam
