1832 3112
293 110 364 150 Lx
592 113 625 150 E
656 109 888 153 FAssmcu
923 110 1190 152 ammom.
1225 95 1463 154 GMECA.

256 254 259 255 ⁷
296 213 403 250 enim
415 212 633 265 Regiorum
647 212 856 251 MStorum
878 207 1056 252 Iudicem
1087 226 1269 265 unquam
1287 213 1395 267 typis
1413 211 1624 266 vulgatum
1645 219 1744 264 esse,

295 281 361 306 me
382 266 493 307 latet.
551 267 671 306 Illum
700 281 803 313 vero·
830 268 964 319 ipsum
992 281 1076 306 esse
1102 268 1319 319 Codicem‚
1360 269 1430 321 qui
1459 268 1655 307 Budensis
1691 268 1743 307 li-

295 322 455 362 brariae
478 321 733 376 supellectilis
754 321 983 362 uberrimae
1007 330 1128 376 atque
1153 324 1518 376 praestantissimae
1541 323 1748 377 quondam

123 386 287 424 L.XX1V
302 378 378 417 suit
395 407 406 428 ,
439 378 645 431 Ungariae
659 378 815 430 Regum
838 390 950 416 arma
965 407 976 428 ,
1002 385 1047 417 ut
1070 392 1191 430 supra
1219 378 1299 417 dixi
1315 408 1326 430 7
1354 378 1549 432 gentilitia
1563 407 1575 430 ,
1601 378 1748 432 quibus

295 448 342 473 ex
376 441 550 487 utroque
590 432 714 472 latere
753 432 964 485 splendent
979 461 991 483 ,
1032 432 1315 486 comprobant.
1374 435 1423 472 In
1462 433 1608 473 ultima
1634 433 1748 473 urbis

298 489 435 529 Budae
473 488 764 542 expugnatione
802 487 936 541 aliqua
981 488 1254 527 Bibliothecae
1294 488 1441 528 rudera
1485 496 1720 542 recuperata
1734 517 1747 540 ‚

299 558 402 598 quae
431 543 557 582 Iulius
585 558 608 581 a
637 541 829 596 Pssugk1)
865 544 1101 596 descripsit,
1139 543 1210 583 sed
1247 557 1360 584 meus
1389 544 1524 583 Codex
1551 559 1635 584 non
1662 558 1749 583 me-

299 606 509 650 moratur3
545 612 669 652 quare
696 598 815 652 longe
847 606 940 638 ante
969 600 1140 638 evasisse
1169 605 1344 652 oportet.
1413 600 1572 651 Quibus
1613 607 1750 639 autem

299 655 390 694 fatis
418 655 461 692 in
493 668 602 693 meas
628 654 793 692 tandem
821 668 964 693 manus
993 655 1200 693 devenerit
1216 683 1227 703 ‚
1258 653 1442 708 equidem
1469 656 1622 708 ignoro·
1658 655 1750 693 Exi-

300 724 379 763 guo
407 723 499 748 aere
527 725 550 748 a
578 723 644 748 me
670 709 873 749 redemtus
900 710 1002 761 suit,
1042 711 1084 748 in
1124 723 1271 762 magno
1313 717 1447 749 autem
1485 713 1615 764 pretio
1649 710 1751 749 mihi

298 765 472 804 habetur
491 795 502 816 ‚
543 765 688 818 dignus
714 766 835 804 etiam
866 767 936 818 qui
968 764 1098 803 lucem
1126 763 1330 818 publicam
1347 765 1494 805 videat.
1549 765 1671 816 Quod
1699 779 1752 804 an

297 835 391 859 mea
417 834 597 873 unquam
627 834 750 873 opera
776 820 843 860 fiet
869 821 1031 871 nescio3
1061 821 1243 873 exiguam
1270 821 1379 859 enim
1408 822 1451 859 in
1483 821 1647 860 Graecis
1674 834 1753 859 no-

299 877 431 915 titiam
474 889 606 915 meam
643 877 814 929 ingenue
850 889 1024 929 agnosco
1041 905 1053 926 ‚
1091 889 1249 928 neque,
1290 877 1360 929 qui
1399 874 1522 915 hodie
1549 883 1753 930 grassatur

301 931 503 971 scribendi
530 933 708 985 pruritus
723 961 734 982 ‚
762 945 826 970 me
852 937 977 981 tenet,
1007 938 1053 970 ut
1082 932 1286 984 scriptoris
1318 931 1383 971 vel
1414 931 1579 971 editoris
1606 945 1754 970 nomen

300 986 413 1027 nullo
442 986 617 1041 reipubl.
635 987 855 1026 litterariae
870 987 1086 1026 commodo
1112 994 1264 1026 temere
1282 986 1383 1025 mihi
1403 1001 1592 1041 arrogare
1611 985 1751 1027 velim.

301 1043 471 1082 Interim
504 1049 641 1096 gratus
677 1042 778 1081 mihi
815 1042 930 1082 labor
965 1050 1024 1081 est
1040 1071 1052 1093 ‚
1094 1056 1216 1096 quem
1253 1056 1347 1081 cum
1383 1043 1468 1081 Dn.
1507 1042 1753 1081 Schneidero

303 1098 412 1137 dicto
444 1097 627 1137 Schmidt
641 1127 652 1148 ‚
694 1099 798 1137 viro,
823 1099 1070 1137 Graecarum
1086 1127 1098 1148 ‚
1144 1099 1227 1136 imo
1267 1098 1449 1137 omnium
1469 1127 1482 1148 ‚
1526 1097 1754 1137 litterarum

302 1153 560 1207 peritissimo,
583 1153 722 1192 Codici
750 1153 957 1207 impendo.
1009 1153 1140 1192 Huius
1162 1153 1359 1192 industria
1378 1154 1486 1206 (nam
1505 1166 1611 1203 mea,
1632 1166 1755 1207 quam

303 1208 467 1248 confero
488 1238 501 1260 ‚
533 1208 717 1263 symbola
753 1211 893 1262 exigua
921 1207 988 1248 vel
1014 1209 1127 1248 nulla
1145 1208 1186 1259 ,)
1233 1210 1379 1262 prioris
1415 1216 1537 1262 atque
1564 1208 1756 1247 dimidiae

304 1266 426 1304 etiam
465 1266 602 1317 partis
627 1264 791 1303 secundi
828 1266 1041 1303 Tractatus
1076 1265 1209 1304 versio
1249 1265 1330 1303 iam
1358 1263 1571 1303 delineata.
1626 1263 1756 1303 Rudis

305 1333 352 1359 ea
379 1320 558 1373 quidem,
588 1319 657 1359 sed
685 1319 868 1359 secundis
898 1321 1022 1370 curis,
1052 1327 1092 1359 et
1117 1321 1150 1359 si
1176 1318 1310 1373 plura,
1339 1334 1463 1374 quam
1490 1333 1612 1374 supra
1638 1333 1663 1358 a
1689 1332 1757 1358 me

305 1377 513 1414 nominata
541 1374 770 1426 Glossaria,
800 1377 907 1414 nacti
936 1377 1085 1414 erimus
1102 1405 1113 1426 ‚
1146 1375 1367 1428 expolietur
1384 1376 1433 1427 2).

414 1431 508 1469 Non
547 1430 716 1470 dubium
745 1438 804 1470 est
832 1432 930 1484 quin
958 1432 1116 1484 egregio
1142 1445 1308 1483 prorsus
1333 1444 1501 1470 munere
1528 1443 1616 1469 rem
1644 1428 1754 1470 litte-

304 1486 455 1525 rariam
482 1486 657 1538 beaturi,
690 1493 730 1525 et
755 1486 947 1525 historiae
962 1487 1205 1539 Byzantinae
1231 1500 1381 1526 novam
1409 1493 1530 1539 atque
1557 1486 1754 1539 insignem

305 1541 438 1580 lucem
465 1540 624 1580 allaturi
652 1543 732 1580 sint
758 1543 837 1582 viri
866 1543 1194 1595 praestantissimi
1219 1571 1230 1592 ‚
1263 1543 1296 1580 si
1323 1541 1501 1594 locuples
1528 1540 1606 1579 hoc
1635 1548 1756 1594 atque
1827 1533 1832 1564 ἶ

306 1596 574 1649 imperatoriis
601 1598 788 1650 auspiciis
818 1596 1098 1636 elucubratum
1146 1611 1248 1650 opus
1275 1597 1410 1636 studio
1437 1611 1484 1635 ac
1512 1596 1652 1635 labore
1681 1609 1756 1635 suo

305 1653 546 1691 recensitum
572 1659 693 1706 atque
721 1651 962 1707 explicatum
990 1654 1291 1707 quamprimum
1317 1651 1626 1707 publicaverint.

358 1785 392 1832 ι)
427 1785 470 1818 In
499 1786 665 1831 Epistola
693 1786 739 1821 ad
778 1785 1098 1827 Seckendorfium‚
1123 1797 1217 1833 quae
1244 1791 1344 1822 extat
1372 1786 1415 1821 Τ.
1444 1784 1491 1824 11.
1516 1783 1754 1820 Collectionis

400 1831 1342 1927 223222zfficzasszzzasssaffsssszaeaas&0·
1512 1831 1550 1880 ²>
