1832 3112
341 146 414 189 nn
442 145 701 190 OEnmoN.
738 144 919 189 AULAE
956 144 1182 190 amm.
1215 151 1250 191 1.
1277 153 1343 196 ια
1503 131 1570 187 8ι

134 264 206 292 νον
226 247 308 291 α’πὸ
339 246 593 305 μαργᾶρων,
622 250 668 291 ἓν
697 249 744 290 δὲ
766 249 817 306 τῇ
845 248 952 307 ούρᾷ
974 250 1052 291 τοῦ
1073 244 1205 291 adro&
1228 250 1357 292 ἵππου
1386 249 1462 293 καί
1490 255 1578 300 τοῖς

138 316 341 371 τέσσαρσι
370 313 491 356 ποσὶν
509 311 823 370 ἇποκρέμανται
851 316 1026 356 πέτασοι
1047 315 1253 370 πράνδιοι,
1281 314 1503 359 ἱππεύουσι
1528 318 1576 358 δὲ

137 379 272 430 εὐθύς
303 378 386 422 ἀπὸ
419 382 500 422 τῶν
529 381 660 422 ἐκεῖσε
699 382 741 422 οἳ
768 396 811 422 τε
839 375 1037 435 ἄρχοντες
1072 380 1146 421 τοῦ
1169 383 1464 431 κουβουκλειόυ
1491 381 1575 434 μά-

138 459 325 502 γιστροι,
361 445 567 502 πατρίκιοι
600 447 672 487 καί
703 449 815 488 πᾶσα
841 445 866 500 ἧ
893 445 1116 501 σύγκλητος
1153 446 1221 501 ἐφ’
1247 448 1382 489 ἵππων
1415 449 1575 490 ἐστολι-

110 514 301 567 5σμένων
333 510 418 553 ὖπὸ
447 511 772 568 καταφράκτων,
826 510 1002 561 ἅπαντες
1043 512 1090 552 δὲ
1129 511 1265 554 αύτῶν
1298 509 1380 554 οἷπὸ
1415 512 1574 567 σαγίων

137 575 358 634 ἀληθινῶν.
411 574 634 619 ἱππεύουσι
664 579 711 619 δὲ
737 577 936 625 ὡσαύτως
963 576 1036 618 καί
1065 575 1104 618 οἱ
1129 578 1568 634 σπαθαροκανδιδάτοι

138 639 230 696 ἅμα
254 648 342 692 τοῖς
363 642 638 697 σπαθαρίοις,
677 641 901 684 ἱππεύουσι
932 643 978 684 δὲ
1005 644 1073 698 ἐφ’
1101 643 1237 684 ἵππων
1267 643 1568 696 ἐστολισμένων

137 706 197 758 ὥς
222 710 488 764 προείρηται,
519 710 860 764 περιβεβλημένοι
890 709 1052 750 σπαθία
1081 708 1326 763 κρατοῦντες
1352 709 1752 765 σκουτάριοίΜς.49;ῑ)

137 790 181 817 τε
214 773 287 816 καὶ
319 773 563 829 διστράλια,
617 774 709 816 ἀλλ’
741 772 780 814 οἱ
812 775 891 827 μὲν
922 771 1360 828 σπαθαροκανδιὸάτοι
1393 776 1757 830 φοροῦσιΕά-Ιι.49

85 838 216 882 ‘lonae‘
237 839 466 892 μανιάκια,
503 841 738 892 διέρχονται
771 840 817 880 δὲ
851 837 1078 894 ἀμφότεροι
1112 834 1254 879 αὐτῶν
1287 841 1332 880 ἐν
1359 845 1445 888 τοῖς
1465 844 1572 883 πλα-

139 906 243 960 γίοις
263 906 347 947 τῶν
374 906 604 959 πατρικίων
635 902 756 946 ἔνθεν
776 904 950 946 κάκεῖσε.
1017 900 1055 946 οἱ
1082 906 1128 946 δὲ
1160 907 1576 959 σπαθαροκουβικου-

139 971 282 1027 λάριοι
313 968 394 1012 ἀπὸ
431 969 627 1022 καμισίου
672 972 899 1026 φοροῦντες
930 968 984 1011 τὰ
1021 974 1204 1022 σπαθία,
1251 971 1498 1023 κατέχουσιν
1530 972 1575 1013 ἐν

142 1042 236 1087 ταῖς
260 1035 385 1091 χερσί
405 1034 622 1091 διοτράλια
649 1037 722 1078 καί
760 1037 997 1091 διέρχονται
1026 1037 1099 1077 καί
1123 1034 1246 1077 αὐτοὶ
1269 1034 1441 1091 ἔφιπποι
1467 1041 1571 1092 πληό

140 1102 234 1146 σιὀν
262 1104 345 1144 τῶν
371 1098 585 1157 ἆρχόντων
616 1103 691 1143 τοῦ
718 1103 1010 1155 κουβουκλείου
1036 1096 1158 1143 ἔνθεν
1185 1100 1364 1143 κάκεῖσε.
1401 1101 1423 1142 ὅ
1444 1103 1489 1143 δὲ
1508 1104 1582 1158 τῆς

79 1165 432 1216 ,ιόκαταστάσεως
467 1163 550 1208 ἇπὸ
584 1168 733 1220 σαγιόυ
772 1166 974 1222 ἀληθινοῦ
1001 1168 1212 1223 διέρχεται
1243 1167 1478 1222 ἔμπροσθεν
1507 1169 1586 1210 τοῦ

142 1233 347 1288 βασιλέως
386 1230 507 1283 πεζὸς
537 1232 641 1286 μετὰ
678 1232 751 1274 καὶ
789 1233 1076 1288 σιλεντιαρίων
1119 1234 1254 1284 πεζῶν
1263 1267 1276 1286 ,
1331 1230 1484 1286 ὁμοίως
1514 1234 1588 1276 καὶ

146 1298 270 1340 αὐτοὶ
297 1296 378 1340 ‹ini›
413 1300 570 1352 σαγίων
598 1298 828 1353 ἀληθινῶν,
871 1297 1146 1353 βαστάζοντες
1172 1301 1245 1341 καί
1268 1299 1415 1355 βεργία
1440 1302 1584 1354 χρυσᾶ

145 1362 343 1417 διάλιθα,
388 1359 410 1404 ὃ
449 1364 496 1404 δὲ
532 1363 862 1420 πρωτοστράτωρ
891 1365 965 1406 καί
993 1363 1015 1405 ὅ
1043 1363 1173 1420 κόμης
1199 1366 1277 1406 τοῦ
1304 1365 1488 1417 στάβλου
1519 1363 1587 1408 ἔν-

141 1431 222 1471 ’θεν
247 1429 414 1471 κοῖκεῖσε
441 1430 518 1471 τοῦ
543 1430 768 1483 βασιλέως,
799 1428 838 1471 οἱ
864 1431 910 1472 δὲ
938 1431 1162 1485 στράτορες
1190 1432 1322 1486 πέριξ,
1354 1427 1587 1486 ἀμφότεροι

93 1495 196 1536 aod&
222 1495 364 1536 αύτῶν
391 1493 520 1545 πεζοί.
574 1493 814 1537 κανδιδάτοι
857 1497 903 1537 δὲ
931 1497 1003 1537 καί
1038 1497 1250 1550 σκριβονες
1277 1497 1351 1537 καί
1375 1495 1588 1548 paranim-

146 1575 217 1616 ρες
252 1563 463 1615 βασιλικοί
496 1561 788 1616 δηριγεύουσιν
825 1559 1063 1616 ἔμπροσθεν
1099 1563 1171 1602 τοῦ
1211 1563 1417 1614 βασιλέως
1452 1557 1619 1615 ἤλλα-Β

147 1629 290 1680 γμένοι
318 1625 435 1677 πεζοὶ
460 1625 567 1668 κατὰ
597 1625 672 1680 τὴν
700 1623 840 1667 αύτῶν
865 1626 995 1679 τάξιν,
1026 1625 1064 1667 οἱ
1098 1627 1144 1667 δὲ
1172 1625 1392 1680 κούρσορες
1420 1625 1492 1666 καί
1518 1627 1588 1666 δε-

150 1689 270 1732 nasot
296 1690 587 1745 δηριγεύουσιν
620 1690 855 1745 ἔμπροσθεν
894 1693 971 1733 τοῦ
999 1693 1203 1744 βασιλέως
1229 1691 1348 1741 πεζοὶ
1374 1688 1478 1731 κατὰ
1509 1689 1587 1730 τά·

151 1758 227 1806 ξιν.
283 1755 553 1812 δηριγεύουσι
589 1758 636 1799 δὲ
674 1755 746 1798 καὶ
771 1756 990 1812 στράτορες
1025 1755 1146 1807 πεζοὶ
1161 1756 1274 1810 ’μετὰ
1309 1754 1586 1810 σκουταρίων,

243 1857 276 1891 5.
296 1855 651 1903 ύποκαταφροέκτων
665 1857 741 1890 cod.
836 1870 868 1903 9.
894 1855 1003 1890 ἄλλοι
1024 1857 1097 1903 μὲν
1118 1856 1174 1890 ed.
1264 1857 1320 1900 24.
1358 1854 1399 1889 δὲ
1432 1867 1502 1890 om.
1530 1855 1587 1893 ed.

154 1946 329 1992 ephippio
365 1958 473 1982 aureo
515 1948 734 1993 gemmisque
774 1958 815 1981 ac
850 1947 1048 1992 margaritis
1088 1946 1258 1980 distincto
1297 1945 1509 1987 instratum,
1546 1946 1586 1980 in

153 1993 266 2027 cauda
290 2004 374 2027 vero
403 1999 440 2027 et
473 1999 628 2040 quatuor
652 1993 805 2038 pedibus
839 1995 971 2027 taeniis
995 1999 1178 2033 ornatum,
1214 1994 1447 2034 conscendit,
1486 1992 1584 2038 quod

152 2041 273 2074 statim
309 2045 345 2074 et
378 2040 544 2074 cubiculo
581 2041 779 2085 praefecti,
815 2042 992 2085 magistri,
1027 2041 1192 2085 patricii,
1225 2045 1408 2073 senatores
1446 2050 1582 2079 omnes,

153 2087 316 2128 faciunt,
340 2095 492 2132 quorum
518 2086 604 2134 equi
628 2087 891 2131 cataphractus,
915 2087 985 2132 ipsi
1014 2098 1095 2131 saga
1117 2098 1180 2120 sua
1210 2098 1406 2131 purpurea,
1432 2090 1581 2130 gestant.

155 2133 333 2167 Similiter
356 2138 394 2166 et
416 2132 769 2177 spatharocandidati
795 2145 875 2167 cum
896 2132 1108 2177 spathariis,
1146 2134 1248 2178 equis
1272 2139 1314 2166 ut
1335 2132 1490 2165 diximus
1521 2133 1581 2164 in-

154 2176 299 2213 structis
335 2178 537 2222 vehuntur,
572 2181 700 2225 gladiis
738 2181 868 2220 cincti,
906 2181 1059 2214 scutaria
1093 2184 1130 2212 et
1164 2179 1339 2212 dextralia
1378 2183 1580 2224 gestantes:

155 2222 507 2270 spatharocandidati
531 2236 615 2260 vero
643 2232 788 2273 torques
814 2231 978 2272 portant,
1005 2227 1150 2272 utrique
1171 2237 1256 2259 vero
1281 2236 1302 2259 a
1327 2226 1441 2259 latere
1468 2225 1584 2268 patri*

155 2273 294 2305 ciorum
324 2269 412 2306 hinc
446 2277 485 2305 et
514 2271 618 2307 illinc
654 2276 850 2307 transeunt.
910 2271 1295 2319 Spatharocubicularii
1334 2273 1373 2304 in
1413 2270 1584 2309 camisiis,

156 2316 298 2362 spathas
334 2319 512 2359 ferentes,
548 2317 716 2353 manibus
754 2319 928 2353 dextralia
969 2325 1110 2364 gestant
1154 2324 1263 2364 atque
1298 2318 1368 2362 ipsi
1404 2319 1443 2351 in
1480 2316 1584 2360 equis

155 2373 269 2411 prope
309 2364 507 2409 praefectos
544 2365 703 2399 cubiculi
733 2365 820 2399 hinc
856 2371 894 2399 et
933 2366 1036 2399 illinc
1067 2365 1256 2399 vehuntur.
1305 2362 1584 2397 Cerimoniarius

155 2414 337 2454 purpureo
362 2420 444 2455 sago
474 2417 558 2445 ante
582 2413 835 2456 Imperatorem
858 2411 1014 2456 pedibus
1037 2423 1110 2444 una
1141 2419 1220 2444 cnm
1253 2410 1487 2448 silentiariis,
1520 2407 1584 2452 qui

158 2458 197 2488 et
219 2455 289 2500 ipsi
313 2467 394 2502 saga
412 2466 591 2502 purpurea
615 2468 811 2503 aureasque
835 2459 950 2503 virgas
975 2463 1168 2502 gemmatas
1195 2461 1351 2502 gestant,
1376 2456 1471 2488 abit:
1495 2464 1583 2498 pro-

158 2504 330 2535 tostrator
353 2507 390 2535 et
422 2510 539 2537 comes
562 2505 695 2538 stabuli
728 2504 774 2537 ab
799 2510 952 2550 utroque
977 2504 1206 2548 Imperatoris
1240 2504 1376 2542 latere,
1413 2506 1581 2533 stratores

159 2548 252 2580 circa
287 2545 428 2591 ipsum,
470 2546 615 2596 utrique
646 2550 825 2596 pedibus,
873 2549 1063 2595 prodeunt.
1122 2549 1335 2586 Candidati,
1372 2547 1509 2579 scribae
1544 2550 1582 2578 et

158 2589 384 2628 mandatores
406 2594 629 2638 Imperatorii
655 2595 693 2630 in
718 2596 919 2630 mutatoriis
944 2597 1017 2629 suis
1032 2621 1042 2637 ‚
1080 2606 1241 2629 cursores
1260 2602 1366 2639 porro
1391 2599 1428 2626 et
1453 2591 1580 2625 decani

161 2644 246 2672 ante
281 2637 560 2684 Imperatorem,
605 2641 759 2687 pedibus
799 2642 994 2676 secundum
1038 2641 1202 2675 ordinem
1234 2651 1334 2673 suum
1369 2637 1578 2683 procedunt.

156 2684 370 2730 Sequuntur
396 2690 560 2720 stratores
587 2699 666 2720 cum
689 2690 872 2728 scutariis,
898 2695 1012 2722 ramos
1039 2688 1237 2732 palmarum
1262 2685 1427 2718 manibus
1454 2694 1582 2729 geren·

158 2734 234 2771 tes,
257 2737 295 2765 et
320 2731 392 2776 ipsi
416 2732 670 2776 Imperatorem
702 2735 981 2780 praecedentes.
1019 2744 1040 2766 a
1075 2739 1174 2778 tergo
1196 2743 1279 2767 vero
1303 2729 1582 2776 protospatharii

206 2788 470 2823 Constantinus
491 2789 665 2837 Porphyr.
702 2793 777 2826 Vol.
800 2793 830 2825 I.
1298 2789 1322 2822 6
