1832 3112
303 92 323 132 1
335 97 368 132 Ο
571 94 928 138 CONSTANTINI
969 93 1445 139 PORPHYROGENITI

297 196 439 247 κλίνας
463 201 548 246 τοῖς
584 197 819 247 δεσπόταις,
864 192 934 236 διὰ
979 198 1052 251 τῆς
1089 197 1241 247 οἰκείας
1277 199 1476 252 χλανίδος
1515 199 1627 241 νεύει
1665 201 1721 257 τῷ

295 258 493 319 ὃστιαρίῳ
544 264 602 318 τῷ
645 261 719 315 τὴν
743 262 906 314 χρυσῆν
939 261 1092 316 βέργαν
1120 264 1346 317 κατέχοντι·
1410 265 1611 319 τέσσαρες
1635 262 1718 320 γὰρ

296 323 502 383 ὗστιάριοι
541 326 616 375 τὰς
641 327 805 381 χρυσᾶς
833 325 879 365 ἐκ
907 324 1040 367 λίθων
1064 327 1214 380 τιμίων
1252 328 1541 384 ἤμφιεσμένας
1567 329 1723 384 βαστά*

298 394 418 443 ζουσι
452 393 616 446 βὲργας.
680 388 752 430 καί
792 390 1003 445 ἐξέρχεται
1016 423 1029 443 ,
1077 394 1150 434 καί
1186 391 1343 446 εἰσάγει
1398 392 1495 443 τούς
1529 411 1573 436 τε
1599 395 1724 450 μαγιῖ·

297 474 448 513 στρους
485 455 754 503 ἆνθυπάτους
788 471 829 496 τε
869 453 942 496 καὶ
975 456 1223 510 πατρικίους
1269 458 1525 515 στρατηγούς
1564 476 1609 503 τε
1653 459 1750 506 καὶὸ

253 521 587 579 Βόφφικιαλίους
622 519 696 561 καί
730 518 1081 576 κλεισουράρχας,
1120 521 1193 564 καὶ
1227 522 1388 566 τούτων
1425 523 1532 567 κατὰ
1560 523 1606 567 τό
1631 528 1728 568 εἴω-

295 586 372 638 θός
396 586 735 642 προσκυνούντων
751 583 849 635 τοὺς
884 585 1090 636 δεσπότας
1116 586 1191 629 καὶ
1209 586 1316 630 κατὰ
1334 587 1412 640 τὰς
1435 589 1589 640 οἰκείοις
1609 589 1729 633 ἔσται

293 655 432 707 μένων
453 651 599 704 τάξεις,
629 649 700 692 διὰ
720 649 921 704 νεύματος
947 653 1027 694 τοῦ
1053 655 1259 707 βασιλέως
1279 654 1387 709 λέγει
1407 653 1430 696 ὅ
1458 654 1729 711 πραιπόσιτος

294 715 456 773 εὖὴχως
498 717 585 766 πῶς
623 715 694 757 καί
730 714 983 771 ἒναρμονίως
1034 718 1322 771 ,,κελεύσατε.”
1389 721 1462 762 καί
1497 718 1547 776 δὴ
1575 719 1730 763 τούτων

295 782 512 835 ἐξιόντων,
557 779 747 836 δηλονότι
783 779 887 834 μετὰ
929 784 1003 823 καί
1028 785 1113 825 τῶν
1153 784 1388 837 δεσποτῶν,
1432 781 1558 827 πάλιν
1595 785 1642 828 ἓν
1668 786 1783 843 regino

297 845 497 905 ὄνοποδίῳ
510 880 524 900 ,
565 845 668 888 ἔνθα
702 844 723 887 ὅ
752 848 828 901 τῆς
853 846 997 903 βίγλης
1035 847 1308 904 δρουγγάριος
1337 848 1410 891 καί
1439 851 1515 892 τοῦ
1539 851 1728 904 πλωΐμου

296 916 495 967 ἵστανται,
521 910 630 966 μετά
648 910 720 954 καί
745 914 829 954 τῶν
856 913 1084 967 βασιλικῶν
1111 915 1362 970 σπαθαρίων
1396 917 1479 958 τῶν
1499 915 1730 970 βασταζόν-

295 996 378 1022 των
403 977 458 1020 τὰ
485 977 680 1032 βασιλικὰ
715 974 911 1034 ἅρματα,
950 979 1147 1020 πίπτουσι
1183 979 1346 1020 κάκεῖσε
1373 981 1418 1021 οἵ
1441 996 1486 1021 τε
1511 979 1731 1036 μάγιστροι

297 1047 372 1086 καί
396 1043 434 1085 οἱ
461 1042 624 1095 λοιποὶ,
663 1041 736 1084 καί
758 1043 1117 1099 άπευχαριστοῦσι
1144 1042 1244 1094 τούς
1273 1044 1497 1099 δεσπότας,
1538 1044 1730 1101 δηλονότι

119 1115 186 1149 Ms.
202 1111 376 1159 aspare&
401 1111 474 1164 τῆς
500 1107 793 1157 καταστάσεως
819 1109 863 1150 ἐν
890 1110 949 1166 τῷ
978 1111 1093 1167 μέσῳ
1119 1106 1307 1162 ἑστῶτος,
1335 1108 1407 1152 καί
1432 1109 1502 1153 διὰ
1529 1111 1783 1164 νεύματοςι5

300 1177 377 1217 τοῦ
403 1176 606 1228 βασιλέως
645 1172 747 1215 κατὰ
786 1173 833 1215 τό
863 1175 1014 1224 εἰωθὸς
1054 1174 1164 1217 νεύει
1192 1171 1213 1216 ὃ
1251 1175 1524 1230 πραιπόσιτος
1560 1175 1631 1218 διὰ
1657 1179 1733 1232 τῆς

302 1241 436 1282 αὐτοῦ’
473 1241 666 1295 χλανίδος
715 1241 773 1298 τῷ
817 1241 890 1295 τῆς
925 1242 1234 1294 καταστάσεως,
1281 1242 1357 1282 καί
1406 1242 1515 1296 λέγει
1565 1240 1735 1296 ,,κελεύ-.-

151 1315 215 1350 Ed.
224 1309 441 1364 L.7o‘ars.’'
505 1307 591 1363 (E)
633 1303 725 1347 Καὶ
751 1300 832 1347 άπὸ
870 1307 954 1349 τῶν
992 1307 1123 1348 ἐκεῖσε
1161 1308 1375 1358 συνεξιάσι
1401 1312 1488 1356 τοῖς
1515 1304 1736 1357 δεσπόταις

301 1374 400 1414 οἵτε
427 1370 652 1426 μάγιστροι
679 1373 752 1412 καί
777 1369 816 1412 οἱ
851 1372 991 1413 λοιποί
1017 1373 1095 1419 ἕως
1121 1373 1198 1412 τοῦ
1218 1371 1406 1425 μεγάλου.
1427 1370 1735 1428 κονσιστωρίου,

301 1438 346 1478 ἐν
375 1431 409 1495 ᾧ
437 1439 621 1478 ἵστανται
647 1432 680 1488 ὅ,
699 1451 744 1477 τε
780 1436 855 1477 τοῦ
883 1435 1004 1490 ἁγίου
1035 1438 1355 1478 Κωνσταντίνου
1391 1435 1573 1492 σταυρὸς
1609 1437 1682 1478 καί
1704 1432 1786 1491 ἧαο

301 1503 379 1543 τοῦ
406 1502 600 1550 Μωσέως
639 1499 805 1556 ῥάβδος·
833 1500 906 1542 καί
935 1500 1021 1556 μὴν
1051 1497 1087 1554 δ’,
1117 1517 1163 1542 τε
1197 1499 1571 1557 πρωτοασηκρὴτης
1608 1502 1682 1543 καί
1707 1499 1731 1543 ὅ

302 1565 647 1623 πρωτονοτάριος,
672 1565 778 1619 μετὰ
805 1568 887 1608 τῶν
915 1563 1161 1622 οἷσηκρήτων
1187 1568 1258 1608 καί
1281 1568 1508 1620 βασιλικῶν
1534 1565 1735 1623 νοταρίων

301 1631 374 1674 καί
397 1632 551 1673 λοιπῶν
578 1631 819 1686 σεκρετικῶν
860 1633 1066 1688 νοταρίων
1111 1646 1158 1672 τε
1192 1630 1265 1673 καὶ
1296 1630 1616 1688 χαρτουλαρίων
1662 1632 1736 1673 καὶ

397 1712 447 1744 13.
474 1709 512 1742 οἱ
535 1707 576 1742 δὲ
600 1708 656 1744 ed.
797 1716 852 1744 22.
875 1708 998 1743 Verba
1028 1712 1110 1754 βασ.
1147 1720 1222 1746 νοτ.
1258 1719 1291 1743 κ.
1323 1709 1426 1747 lom.
1465 1717 1566 1756 σεκρ.
1591 1719 1668 1745 νοτ.
1695 1714 1734 1744 et

394 1767 476 1790 mox
500 1757 564 1788 καὶ
590 1766 656 1789 om.
683 1755 736 1789 ed.

301 1834 440 1874 portam
472 1835 588 1870 stant,
621 1829 685 1863 ubi
715 1835 753 1862 et
784 1828 1118 1872 chrysotricliniarii
1141 1829 1280 1864 adsunt.
1326 1828 1430 1862 Tunc
1445 1828 1490 1862 ad
1511 1832 1640 1862 nutum
1654 1828 1732 1863 Do—

301 1876 390 1908 mini
418 1878 668 1920 praepositus,
710 1876 884 1908 inclinato
913 1886 1036 1908 versus
1064 1876 1238 1909 Domiuos
1269 1875 1406 1918 capite,
1455 1875 1600 1919 propria
1633 1880 1732 1908 veste

302 1922 449 1954 ostiario
491 1933 633 1954 auream
658 1922 789 1964 virgam
824 1922 967 1953 tenenti
992 1922 1133 1965 signum
1154 1922 1234 1955 dat:
1283 1925 1436 1966 quatuor
1457 1921 1554 1954 enim
1590 1921 1732 1954 ostiarii

300 1978 423 2000 aureas
449 1972 486 2000 et
513 1968 659 2012 gemmis
694 1966 859 2010 pretiosis
893 1966 1085 2000 instructas
1121 1967 1233 2011 virgas
1261 1970 1416 2012 portant.
1465 1966 1606 2000 Deinde
1630 1978 1733 2011 egre-

301 2014 419 2053 ditur,
453 2018 490 2046 et
509 2014 712 2058 magistr-OS,
744 2013 999 2056 proconsules,
1039 2014 1231 2056 patricios,
1265 2017 1458 2056 strategos,
1494 2012 1661 2046 officiales
1694 2018 1734 2048 et

299 2060 544 2092 clausurarum
572 2059 770 2104 praefectos
791 2057 960 2092 adducit:
984 2058 1115 2104 quibus
1139 2070 1203 2103 pro
1227 2069 1325 2091 more
1341 2058 1579 2092 salutantibus
1604 2059 1732 2093 Domi-

299 2116 378 2144 nos,
404 2110 441 2138 et
455 2105 651 2138 secundum
671 2116 752 2137 suos
770 2104 915 2137 ordines
935 2105 1152 2146 constitutis,
1176 2104 1221 2138 ad
1237 2110 1364 2138 nutum
1383 2105 1611 2150 Imperatoris
1626 2116 1733 2150 prae-

300 2152 440 2195 positus
463 2152 556 2184 clare
575 2157 611 2184 et
634 2150 840 2185 harmonice
859 2150 967 2183 dicit:
994 2150 1128 2184 Iubete.
1178 2151 1223 2183 Et
1251 2155 1442 2195 postquam
1468 2162 1548 2184 cum
1566 2152 1733 2185 Dominis

301 2196 346 2229 :ul
370 2198 591 2240 onopodium
627 2198 813 2237 exierunt,
846 2196 913 2229 ubi
950 2196 1132 2240 drungarii
1152 2197 1296 2241 vigiliae
1332 2202 1368 2229 et
1392 2197 1445 2230 rei
1483 2197 1617 2231 navalis
1653 2208 1733 2231 cum

303 2243 494 2286 spathariis
531 2243 784 2288 Imperator-iis,
807 2253 905 2276 arma
927 2243 1156 2287 Imperatoris
1182 2243 1402 2283 ferentibus,
1424 2247 1543 2283 stant,
1567 2253 1734 2287 procum-

301 2289 395 2322 bunt
416 2290 470 2322 ibi
490 2290 650 2334 magistri
683 2300 723 2321 ac
745 2289 902 2334 reliqui,
938 2293 975 2321 et
999 2289 1172 2322 Dominos
1195 2289 1373 2329 salutant,
1407 2289 1544 2322 scilicet
1567 2290 1732 2333 magistro

302 2336 579 2369 cerimoniarum
615 2336 654 2368 in
676 2335 797 2368 medio
825 2335 1037 2372 constituto:
1079 2334 1124 2368 ad
1156 2335 1383 2379 Imperatoris
1408 2346 1493 2368 vero
1514 2340 1643 2368 nutum
1668 2346 1733 2380 pro

301 2392 400 2415 more
423 2382 647 2427 praepositus
689 2386 786 2414 veste
810 2392 876 2415 sua
902 2381 1040 2424 signum
1072 2381 1143 2422 dat,
1168 2381 1309 2415 dicens:
1335 2381 1468 2415 Iubere.
1535 2380 1620 2427 (V.)
1644 2380 1734 2415 Inde

302 2439 384 2460 cum
424 2429 589 2461 Dominis
621 2427 778 2471 magistri
817 2432 852 2461 et
885 2428 1019 2472 reliqui
1045 2438 1159 2472 usque
1202 2426 1248 2460 ad
1276 2438 1441 2472 magnum
1470 2428 1734 2468 consistorium,

302 2475 342 2507 in
376 2485 447 2519 quo
471 2486 557 2507 crux
601 2474 636 2507 S.
673 2474 903 2507 Constantini
941 2479 979 2507 et
1009 2474 1106 2517 virga
1137 2473 1246 2506 Mosis
1274 2478 1392 2513 stant,
1434 2484 1507 2506 una
1541 2473 1733 2518 egrediun-

302 2525 379 2561 tur-3
431 2525 467 2553 et
499 2519 553 2553 ibi
585 2521 720 2564 primus
755 2530 774 2551 a
815 2520 959 2552 secretis
1004 2525 1041 2552 et
1072 2520 1384 2563 protosecretarius
1429 2530 1507 2552 cum
1549 2519 1637 2564 ipsis
1672 2529 1734 2552 se·-

303 2566 431 2605 cretis,
469 2568 619 2600 notariis
645 2566 884 2610 Imperator-iis
920 2566 1118 2609 ceterisque
1151 2566 1330 2598 secreticis
1373 2571 1482 2610 atque
1506 2566 1656 2598 notariis
1693 2568 1731 2597 et

305 2612 531 2645 chartulariis
564 2618 600 2646 et
627 2612 792 2645 omnibus
819 2613 858 2644 in
883 2623 964 2646 eum
989 2612 1105 2645 locum
1137 2612 1355 2656 cougregatis
1378 2611 1495 2644 adest:
1534 2611 1732 2645 stantibus-

306 2668 376 2701 que
400 2659 563 2694 Dominis
589 2670 694 2704 supra
730 2659 911 2704 pulpitum
939 2664 1021 2694 ante
1047 2658 1319 2698 cmclaucium,
1352 2659 1576 2707 praepositus
1601 2658 1732 2694 iterum
