1832 3112
366 162 441 205 DE
476 157 735 205 cremon.
774 158 955 202 Anum
989 158 1275 204 nmm.1.
1300 166 1368 208 10.
1527 141 1599 199 83

160 262 317 320 περάτης
353 261 457 314 στὰς
488 261 615 306 πάλιν
642 263 687 306 ἒν
713 263 763 320 τῇ
799 262 909 319 αὐτῇ
937 259 1103 316 στάσει,
1145 263 1225 305 τοῦ
1249 265 1406 319 μέρους
1430 256 1602 304 cinolo-

159 331 352 384 γοῦντος,
392 327 722 385 κατασφραγιζει
760 326 829 370 τὸν
867 327 1059 381 βασιλέα.
1123 330 1365 378 τελέσαντος
1401 327 1448 369 δὲ
1480 326 1532 370 τὰ
1556 329 1602 377 ἐξ

161 392 287 445 ἔθους
313 394 392 436 τοῦ
417 396 586 450 μέρους,
614 390 805 435 ἇποκινεῖ
824 395 904 446 μὲν
933 391 955 434 ὅ
988 391 1200 447 βασιλεῦς,
1228 389 1353 436 αὖτοὶ
1377 394 1424 436 δὲ
1453 391 1492 435 οἱ
1519 394 1598 435 τοῦ

159 461 317 516 μέρους
345 456 672 515 προπορεύονται
700 457 914 514 ἔμπροσθε
941 460 1016 501 τοῦ
1041 460 1260 513 βασιλέως,
1286 460 1471 514 λέγοντες
1498 461 1667 515 δρο-Εά.
1679 469 1717 504 L.
1731 470 1778 506 5ο

135 523 288 579 5μικιὶ,
315 527 356 568 εἰ
381 526 427 568 δὲ
454 523 611 567 κελεύει
640 523 664 566 ὅ
693 523 891 579 βασιλεὺς
919 526 992 566 καί
1018 523 1272 578 ἅπελατικοὶ,
1311 524 1597 577 ἅποσιόζοντες

162 588 236 633 ’τὸν
258 593 436 644 βασιλέα
463 592 593 645 μέχρι
621 591 699 631 τοῦ
728 589 848 644 ἇγιόυ
878 590 1190 646 Χριστοφόρου.
1244 587 1328 645 χρὴ
1359 591 1406 631 δὲ
1430 590 1598 644 εἰδέναι,

161 653 227 700 ὅτι
254 655 294 699 οἱ
322 656 580 712 δημοκράται
609 657 691 698 τῶν
720 655 797 698 δύο
823 657 964 712 μερῶν
991 657 1074 697 τῶν
1100 657 1331 711 περατικῶν
1360 653 1432 697 καί
1456 653 1494 697 οἱ
1524 655 1599 710 δή-

156 737 318 779 μαρχοι
342 722 418 777 τῆς
444 723 680 776 πολιτικῆς,
719 723 891 771 ἕκαστος
918 717 1060 764 αὗτῶν
1085 718 1189 763 κατὰ
1217 718 1262 762 τὸ
1289 723 1416 776 μέρος
1443 720 1597 774 αὖτῶν,

158 788 204 830 ἐν
242 789 295 844 τῇ
322 788 350 828 α’
388 789 494 844 δοχῇ
544 787 782 829 ἐπιδιδόασι
817 786 1101 843 λιβελλάριον,
1138 787 1183 829 ἐν
1222 788 1269 828 δὲ
1303 791 1395 836 ταῖς
1433 790 1599 836 λοιπαῖς

108 855 307 907 ιοδοχαῖς
343 852 591 907 λιβελλάρια
634 852 708 894 οὔκ
750 850 1002 894 ἐπιδιδόασι·
1070 850 1175 906 πρὸς
1217 849 1326 903 ἅπαξ
1351 851 1431 907 γὰρ
1473 854 1596 894 τοῦτο

155 917 229 962 καὶ
250 916 391 972 μόνον.
430 917 458 973 ἧ
490 918 536 959 δὲ
558 915 755 973 nohum)
785 918 861 960 τοῦ
885 919 1043 973 μέρους
1068 918 1150 959 ’τῶν
1176 919 1366 959 Βενέτων
1391 915 1498 970 μετὰ
1525 918 1600 959 καί

153 987 234 1027 τοῦ
261 983 484 1040 δημάρχου
514 985 708 1037 δέχονται
734 982 806 1025 τὸν
831 986 1009 1037 βασιλέα
1047 985 1093 1025 ἐν
1133 985 1191 1040 τῷ
1220 982 1323 1041 ἁγίῳ
1353 981 1596 1039 Χρισὲοφό-

155 1066 241 1109 ρῳ,
269 1048 343 1092 καί
367 1049 611 1092 §mammam
640 1048 662 1091 ὅ
692 1049 909 1105 δήμαρχος
935 1051 991 1106 τῷ
1016 1052 1187 1103 βασιλεῖ’
1205 1047 1490 1103 λιβελλάριον,
1525 1064 1594 1090 τε-

152 1116 344 1166 λέσαντες
371 1117 419 1158 δὲ
445 1114 498 1167 td
526 1109 655 1168 ἔκτα,
684 1113 875 1156 tinomaus?
894 1114 915 1157 ὃ
942 1112 1163 1168 βασιλεὺς,
1193 1112 1240 1156 τὸ
1272 1114 1318 1155 δὲ
1345 1116 1475 1168 μέρος
1501 1115 1595 1156 δια-

105 1179 281 1232 ιΞσοόζει
306 1178 377 1224 τὸν
403 1181 605 1235 βασιλέα,
643 1181 829 1235 λέγοντες
856 1178 1093 1235 ἔμπροσθεν
1122 1178 1325 1235 δρομικὰ,
1354 1180 1395 1220 εἷ
1419 1179 1626 1234 κελεύει,Β

152 1245 227 1288 καὶ
252 1244 499 1288 ductuum}-
563 1248 686 1288 τοῦτο
728 1247 775 1288 δὲ
802 1249 918 1287 τελεῖ
936 1247 982 1288 ἓν
1008 1247 1179 1288 ἕκαστον
1215 1245 1341 1300 μέρος
1367 1245 1412 1285 ἐν
1438 1246 1488 1301 τῇ
1515 1243 1595 1286 αὖ·

150 1312 230 1354 τοῦ
255 1313 375 1369 δοχῇ.
441 1311 715 1362 διασώζοντες
753 1309 828 1353 τὸν
866 1313 1071 1364 βασιλέα,
1113 1311 1307 1364 δέχονται
1339 1311 1471 1351 ἐκεῖσε
1509 1311 1593 1351 τῶν

150 1377 387 1433 περατικῶν
413 1379 554 1432 μερῶν
580 1374 811 1431 Πρασίνων
838 1374 861 1417 ὅ
891 1374 992 1425 λαός
1026 1373 1100 1417 τὸν
1125 1377 1301 1429 βασιλέα
1328 1376 1373 1416 ἐν
1398 1380 1487 1425 τοῖς
1513 1377 1592 1417 τοῦ

144 1438 383 1499 Ὀλυβρίου,
410 1442 484 1484 καί
509 1442 753 1484 ἐπιδίδωσιν
781 1440 803 1483 ὅ
830 1439 1090 1496 δημοκράτης
1124 1443 1180 1498 τῷ
1204 1444 1375 1494 βασιλεῖ’
1398 1438 1591 1493 λιβελλάυ

98 1522 269 1564 αοριον,
306 1509 379 1549 καί
402 1505 680 1559 διασώζουσιν
718 1504 792 1548 τὸν
828 1508 1009 1559 βασιλέα
1046 1507 1173 1560 μέχρι
1202 1509 1278 1547 τοῦ
1306 1504 1587 1560 φιλαδελφώυ

149 1574 234 1615 τῶν
259 1573 492 1628 περατικῶν
517 1574 654 1627 μερῶν
680 1574 764 1614 τῶν
789 1573 992 1628 Βενέτων.
1060 1572 1132 1612 καί
1172 1571 1339 1624 δέχεται
1367 1569 1391 1610 ὅ
1415 1585 1588 1624 πέρατι-

150 1635 224 1686 κὸς
265 1639 396 1692 δῆμος
433 1638 516 1679 τῶν
558 1639 747 1679 Βενέτων
797 1635 871 1678 τὸν
906 1637 1084 1689 βασιλέα
1130 1637 1174 1677 ἐν
1217 1638 1274 1692 τῷ
1310 1636 1586 1691 φιλαδελφιίρ,

151 1701 408 1752 διασώζουσι
436 1703 483 1742 δὲ
510 1703 589 1751 ἕως
613 1702 695 1743 τῶν
723 1702 954 1756 Πρασι’νων
982 1701 1056 1754 τῆς
1082 1702 1294 1754 πολιτικῆς
1318 1700 1394 1741 ποῦ’
1419 1698 1585 1751 μοδίου,

152 1768 224 1809 καί
248 1768 438 1820 δέχονται
463 1764 537 1808 τὸν
562 1767 738 1820 βασιλέα
765 1768 812 1807 έν
837 1767 892 1822 τῷ
918 1767 1063 1823 μοδίῳ,
1093 1764 1166 1807 καὶ
1189 1764 1432 1807 §malannum
1458 1762 1483 1805 ὅ
1510 1762 1586 1818 δή·

98 1835 321 1888 25μαρχος
349 1830 610 1888 λιβελλοίριον
634 1832 691 1889 τῷ
716 1834 901 1886 βασιλεῖ,
939 1830 1012 1873 καὶ
1045 1831 1281 1879 τελέσαντες
1307 1826 1486 1883 ἅπαντα,
1526 1828 1760 1879 ni;M„50,b

242 1943 274 1989 4.
301 1943 524 1991 ἔμπροσθεν
547 1943 604 1978 ed.
728 1956 779 1990 ¹7·
804 1941 896 1989 δοχῇ
910 1967 922 1984 ,
954 1941 1054 1976 διασ.
1076 1953 1108 1976 τ.
1132 1941 1294 1988 βασιλέα.
1314 1924 1498 1987 Δέ-χονται
1522 1940 1579 1975 ed„

150 2045 348 2091 Imperator
384 2045 560 2088 discedit,
600 2056 709 2091 quem
738 2045 915 2079 factiones
945 2043 1185 2089 praecedunt,
1219 2043 1376 2078 dromica
1405 2043 1580 2084 dicentes,

151 2097 190 2125 et
212 2091 243 2124 si
266 2091 468 2135 Imperator
494 2094 663 2133 iusserit,
700 2093 810 2126 etiam
833 2092 1027 2137 apelatica,
1060 2093 1252 2137 ipsumque
1284 2091 1330 2124 ad
1354 2091 1388 2123 S.
1414 2089 1580 2123 Christo-⁶

148 2136 256 2183 phori
281 2138 495 2172 conducunt.
544 2139 736 2173 Sciendum
761 2143 834 2180 est,
857 2138 1038 2183 principes
1062 2137 1212 2170 duarum
1235 2138 1433 2170 factionum
1461 2142 1580 2170 trans-

148 2185 337 2218 itoriarum
361 2190 398 2218 et
430 2185 595 2219 tribunos
638 2186 831 2230 politicae,
863 2185 1021 2229 singulos
1058 2196 1123 2230 pro
1159 2185 1233 2217 suis
1265 2183 1502 2223 factionibus,
1537 2183 1576 2215 in

146 2231 264 2308 prima
285 2236 427 2264 tantum
452 2234 659 2276 receptione
676 2257 686 2271 ‚
723 2243 797 2265 non
831 2236 951 2264 autem
976 2231 1015 2263 in
1041 2233 1192 2271 ceteris,
1225 2230 1391 2263 libellum
1414 2229 1575 2269 tradere3

175 2287 219 2309 oc
242 2277 336 2309 enim
359 2283 498 2311 tantum
521 2279 631 2312 semel
655 2279 734 2312 fieri
756 2278 858 2312 solet.
919 2277 1060 2310 Politici
1083 2277 1242 2310 Venetae
1265 2277 1430 2310 factionis
1455 2277 1575 2319 Impe-

147 2327 300 2356 ratorem
323 2324 363 2357 in
388 2325 424 2362 S,
448 2324 699 2370 Christophori
731 2325 928 2369 excipiunt,
951 2323 1016 2356 ubi
1042 2324 1209 2357 tribunus
1236 2323 1447 2368 Imperatori
1463 2321 1574 2354 libel-

148 2366 224 2401 lum
249 2368 334 2403 dat:
362 2371 524 2416 actisque
554 2372 692 2414 finitis,
724 2372 923 2415 Imperator
950 2370 1046 2410 abit,
1081 2381 1188 2416 quem
1212 2369 1322 2402 factio
1358 2367 1574 2404 conducens,

149 2413 332 2456 dromica,
370 2418 401 2450 si
437 2418 606 2458 iusserit,
637 2423 675 2451 et
706 2418 882 2462 apelatica
924 2417 1061 2453 recitat.
1116 2415 1194 2448 Hoc
1218 2415 1379 2460 singulae
1400 2414 1573 2446 factiones

148 2459 402 2503 Imperatorem
444 2465 673 2504 comitantes,
715 2466 755 2497 in
802 2464 879 2496 eius
916 2463 1122 2507 receptione
1158 2461 1357 2495 observant.
1415 2458 1573 2502 Populus

147 2507 374 2541 transitoriae
409 2509 576 2543 factionis
609 2511 772 2544 Prasinae
810 2510 1063 2554 Imperatorem
1094 2508 1139 2541 ad
1173 2508 1207 2541 S.
1247 2507 1388 2550 Olybrii
1426 2505 1574 2548 excipit,

146 2552 313 2596 princeps
337 2555 414 2587 eins
441 2555 605 2589 libellum
620 2557 733 2590 tradit
757 2558 947 2601 ipsumque
972 2554 1018 2587 ad
1043 2553 1343 2599 philadelphium,
1368 2551 1431 2583 ubi
1452 2556 1574 2583 trans-

145 2597 254 2631 itoria
273 2598 492 2633 Venetorum
517 2602 626 2635 factio
654 2602 778 2642 adest,
818 2601 997 2635 conducit.
1046 2601 1141 2634 Haec
1155 2611 1236 2634 eum
1261 2600 1298 2633 in
1321 2595 1572 2641 philadelphio

145 2646 282 2688 excipit
317 2650 354 2678 et
374 2657 488 2692 usque
509 2647 555 2680 ad
574 2647 736 2682 Prasinos
758 2648 929 2694 politicae
951 2647 990 2679 in
1008 2646 1170 2679 modium
1187 2646 1305 2683 ducit,
1332 2655 1352 2676 a
1376 2641 1508 2688 quibus
1532 2643 1573 2675 in

144 2689 265 2725 modio
282 2692 478 2735 excipitur,
502 2693 567 2726 ubi
591 2694 757 2728 tribunus
785 2694 994 2739 Imperatori
1028 2692 1193 2726 libellum
1228 2689 1359 2728 tradit,
1397 2693 1434 2722 et
1456 2688 1571 2720 omni·

142 2734 211 2770 hus
233 2742 276 2771 ut
298 2744 409 2783 supra
431 2737 567 2773 dictum
589 2746 645 2774 est
666 2741 841 2786 peractis,
876 2739 923 2773 ad
947 2744 1089 2772 taurum
1106 2763 1116 2780 ,
1154 2738 1218 2771 ubi
1241 2737 1394 2782 politica
1412 2733 1574 2769 Veneto-
