1878 3112
313 105 386 146 DE
423 102 682 147 mammon.
717 101 896 144 AULAE
926 102 1149 146 BYzANT.
1183 107 1332 152 11.,52
1431 89 1541 167 769

110 219 189 261 ρας
213 208 392 248 τελεῖται
417 206 645 260 μεθέορτος
669 207 911 262 προέλευσις
939 206 985 247 ἐν
1011 207 1070 263 τῷ
1097 208 1199 264 σικῷ
1223 208 1307 249 τῶν
1334 211 1542 265 κορυφαί-

109 285 169 312 ων
194 270 268 311 καί
307 268 437 324 ἇγίων
465 269 721 312 α’ποστόλων.
773 269 848 313 καὶ
882 272 1169 326 πληρουμένης
1203 273 1275 326 τῆς
1309 270 1424 329 ἱερᾶς
1456 277 1543 316 λει-

107 337 325 393 τουργίας,
365 337 605 391 προτίθεται
643 334 869 391 κλητιόριον
898 337 972 379 ἐπὶ
1005 331 1241 392 ἇποκοπτῆς
1266 340 1472 394 τραπέζης
1497 341 1544 383 ἐν

107 400 166 458 τῷ
190 398 356 459 μεγάλῳ
389 402 579 458 τρικλίνῳ
605 402 688 443 τῶν
719 394 953 454 παλατίων,
1000 403 1075 444 καί
1111 402 1181 445 δεῖ
1209 403 1322 455 ὑμᾶς
1352 399 1544 460 εὖτρεπίι-

82 466 199 516 5ζειν
224 465 285 514 εἷς
312 466 571 509 συνεστίασιν
596 467 656 524 τῷ
690 470 865 521 βασιλεῖ’
893 469 1174 523 μαγίστρους,
1218 470 1516 524 πραιποσίτους
1524 479 1610 525 ,Rd‚
1620 479 1735 531 14445

109 527 376 581 α’νθυπάτους
393 560 405 584 ,
434 530 704 586 πατρικίους,
733 531 1014 588 στρατηγούς,
1054 535 1385 589 μητροπολίτας,
1413 531 1549 591 &prpt-

108 593 317 649 κιαλίους,
379 595 787 652 πρωτοσπαθαρίους
806 628 819 650 ,
875 597 1140 654 α’σηκρήτας,
1185 601 1548 655 χαρτουλαρίους,

106 656 318 714 ὖπάτους,
351 659 628 717 βεστήτορας,
666 664 969 718 σιλεντιαρίους
996 679 1067 705 και
1093 663 1331 716 ἄλλαξίμων
1365 667 1449 710 τῶν
1475 683 1550 709 τα,

109 727 322 779 γματικῶν
359 722 575 783 ἆρχόντων
612 726 719 769 κατά
745 727 792 770 τό
821 727 952 770 ποσὸν
976 730 1053 782 τῆς
1086 729 1318 785 τραπέζης·
1372 723 1570 786 εἰσάγειν

61 790 160 843 ιοδὲ
189 789 340 842 αὐτ-οὒς
366 791 441 834 καί
465 791 625 847 ἐξάγειν
661 792 770 846 μετὰ
800 795 880 836 τῶν
907 793 1066 836 οἰκείων
1099 795 1338 848 α’λλαξίμων
1363 797 1439 839 καί
1474 788 1554 839 aea-0⁴

107 854 284 909 μισάυν,
327 851 426 898 ἄνευ
454 859 595 910 μέντοι
631 860 716 900 τῶν
751 854 912 901 ἑαυτῶν
943 857 1198 913 χλαμύδων·
1254 863 1474 917 προσέχειν
1500 864 1550 909 δὲ

108 925 198 970 τοῖς
226 921 468 978 εὕφημοῦσι
496 920 668 978 δήμοις,
711 922 786 967 καί
818 924 940 980 ἡνίκα
969 920 1161 979 ἄρξονται
1189 927 1422 981 α’κτολογεῖν
1446 925 1548 977 τούς

110 985 337 1039 δεσπότας,
375 988 446 1029 δεῖ
474 988 692 1045 ἔξανιστᾷν
727 988 884 1038 πάντας
920 988 1020 1038 τούς
1058 991 1330 1046 κεκλημένους
1366 990 1474 1048 πρὸς
1498 992 1546 1034 τό

108 1049 185 1092 καὶ
209 1047 363 1102 αὖτοὺς
385 1055 551 1109 πραέως
577 1060 858 1110 συνευφημεῖν
883 1053 984 1103 τούς
1011 1053 1224 1105 δεσπότας.
1277 1057 1330 1114 τῇ
1358 1059 1404 1099 δὲ
1430 1060 1547 1114 τρίτῃ

63 1114 248 1176 χ5ἧμέρᾳ
276 1119 352 1173 τῆς
378 1118 510 1174 αὐτῆς
537 1115 769 1172 ἑβδομάδος
787 1123 962 1162 τελεῖται
978 1119 1141 1175 παγανὴ
1169 1123 1412 1177 προέλευσις
1435 1123 1540 1176 μετά
1555 1133 1582 1171 Β

112 1181 405 1236 ἄλλαξιμάτων
445 1182 565 1226 ἔνδον
602 1186 682 1225 τοῦ
716 1187 948 1238 παλατίου,
998 1184 1071 1227 καί
1102 1190 1283 1231 τελεῖται
1319 1189 1549 1244 κλητιόριον

110 1247 184 1288 ἐπὶ
207 1249 287 1288 τοῦ
307 1250 656 1304 χρυσοτρικλίνου
699 1247 805 1291 κατά
834 1249 880 1293 τὸ
910 1252 1051 1306 σχῆμα
1079 1252 1152 1306 τῆς
1179 1253 1347 1307 πρώτης
1375 1253 1550 1309 ἡμέρας.

109 1309 184 1357 καί
221 1313 291 1355 δεῖ
309 1313 423 1369 ἡμᾶς
461 1314 718 1371 εὐτρεπίζειν
744 1318 805 1366 εἰς
831 1318 976 1371 κλῆσιν
1002 1316 1075 1359 ἐπὶ
1096 1319 1172 1373 τῆς
1197 1319 1361 1373 χρυσῆς
1392 1321 1550 1373 τραπέῳ

116 1379 189 1434 ζης
214 1376 294 1420 ἀπὸ
323 1381 395 1434 τῆς
419 1377 574 1429 τάξεως
600 1383 682 1422 τῶν
706 1382 967 1437 μαγίστρων,
1015 1381 1242 1437 πατρικίων
1277 1385 1351 1424 καί
1389 1383 1547 1425 λοιπῶν

59 1443 192 1498 :mariv
218 1445 278 1502 τῷ
305 1445 532 1502 δομεστίκῳ
559 1447 640 1487 τῶν
667 1448 828 1500 σχολῶν
854 1446 927 1487 καὶ
951 1448 1180 1500 βασιλικῶν
1197 1447 1433 1501 ἀνθρώπων
1461 1444 1545 1491 dud

110 1510 183 1563 τῆς
222 1505 379 1559 τάξεως
406 1510 488 1550 τῶν
531 1509 983 1566 σπαθαροκανδιδάτων
1009 1513 1138 1568 μέχρι
1174 1513 1246 1567 τῆς
1273 1509 1424 1562 τάξεως
1461 1514 1547 1555 τῶν

111 1571 390 1629 στρατοόρων,
427 1572 532 1615 κατὰ
561 1573 610 1616 τὸ
640 1574 771 1618 ποσὸν
810 1578 883 1631 τῆς
911 1578 1114 1631 τραπέζης
1141 1578 1302 1632 ’φίλους
1329 1574 1377 1617 λ’·
1431 1575 1548 1619 εἰσάη

110 1653 198 1696 year
223 1638 271 1680 δὲ
299 1637 457 1687 αὐτους
482 1640 556 1682 καί
580 1641 739 1696 ἐξάγειν
747 1675 762 1697 ,
787 1640 886 1690 τούς
909 1643 988 1695 μὲν
1013 1638 1093 1683 ὗπὸ
1127 1639 1362 1697 καμπάγιον
1389 1641 1548 1698 πάντας

114 1778 173 1803 sae
199 1766 436 1808 accubantes,
460 1769 502 1799 ut
523 1763 574 1798 sic
591 1766 774 1811 quotquot
792 1763 1047 1804 convenerint,
1070 1772 1193 1796 omnes
1212 1766 1351 1797 exeant.
1378 1763 1544 1802 Secundo

114 1815 176 1850 die
201 1813 404 1849 celebratur
426 1812 601 1858 postfesta
625 1821 688 1844 seu
714 1821 881 1854 magnum
905 1815 942 1843 et
965 1810 1173 1854 primarium
1194 1809 1324 1842 festum
1344 1809 1440 1853 diem
1459 1822 1546 1845 con-

114 1871 270 1909 sequens
302 1860 482 1906 processio
523 1858 562 1890 in
597 1856 724 1890 aedem
747 1856 952 1901 principum
977 1861 1014 1889 et
1040 1860 1242 1889 sanctorum
1264 1856 1543 1900 Apostolorum;

113 1917 286 1954 sacroque
319 1905 434 1939 officio
467 1903 658 1948 completo,
679 1902 883 1936 instituitur
913 1903 1116 1936 convivium
1153 1912 1261 1945 super
1290 1902 1474 1946 peculiare
1506 1909 1545 1941 et

111 1955 216 2005 priva
238 1963 360 1987 mensa
383 1952 422 1984 in
449 1960 577 1995 magno
601 1949 761 1983 triclinio
786 1949 1026 1994 palatiorum3
1049 1948 1096 1980 ad
1120 1948 1218 1993 quod
1236 1948 1414 1986 invitandi
1442 1947 1545 1988 vohis

115 2006 202 2036 sunt
224 1998 402 2045 magistri,
423 1997 644 2043 praepositi,
668 1995 899 2041 proconsules
913 2020 922 2036 ,
947 1995 1113 2040 patricii,
1138 1994 1309 2039 strategi,
1331 1995 1545 2039 metropoli-

111 2052 195 2088 tae,
218 2045 407 2085 officiales,
430 2042 733 2089 protospatharii,
757 2047 957 2082 asecretae,
983 2040 1202 2081 chartularii,
1227 2041 1408 2081 consules,
1432 2042 1544 2076 vesti,

112 2098 231 2134 tores,
255 2090 447 2126 silentiarii
473 2095 510 2124 et
531 2090 755 2135 magistratus
778 2089 960 2133 tagmatici
988 2097 1051 2120 seu
1069 2087 1244 2120 militares
1271 2087 1544 2130 comitatenses,

113 2138 309 2174 mutatoria
332 2143 529 2182 gestantes,
558 2147 624 2181 pro
656 2135 852 2180 capacitate
875 2143 1031 2173 mensae,
1076 2133 1358 2167 Introducuntur
1382 2138 1419 2170 et
1450 2133 1544 2167 edu-

116 2191 246 2223 cuntur
277 2187 317 2219 in
349 2185 421 2216 suis
454 2182 657 2217 mutatoriis
695 2187 733 2215 et
764 2181 939 2221 camisiis,
975 2180 1113 2226 absque
1138 2177 1386 2223 chlamydibus
1409 2184 1542 2218 tamen,

116 2232 276 2276 Tempus
299 2229 559 2265 observandum
585 2233 658 2269 est,
680 2239 752 2275 quo
774 2229 950 2261 sactiones
970 2232 1049 2261 acta
1072 2237 1136 2264 seu
1158 2225 1294 2261 faustas
1312 2226 1545 2259 acclamatio-.-

116 2288 181 2311 nes
205 2287 374 2322 peragere
397 2277 614 2310 etDominos
636 2274 785 2308 laudare
809 2274 999 2319 incipiunt.
1044 2273 1096 2307 Eo
1114 2277 1275 2317 tempore
1291 2271 1432 2305 debetis
1454 2283 1543 2305 con-.

116 2325 208 2357 vivis
243 2323 431 2363 omnibus,
462 2327 504 2356 ut
535 2327 679 2367 surgant
702 2326 739 2354 et
762 2322 832 2365 ipsi
866 2331 1010 2366 quoque
1039 2319 1115 2353 leni
1138 2330 1224 2353 voce
1248 2318 1355 2353 simul
1379 2329 1459 2350 cum
1482 2319 1544 2350 fa-

119 2368 300 2404 ctionibus
326 2369 491 2402 Dominis
526 2368 764 2408 benedicant,
798 2367 987 2412 imperare.
1042 2366 1167 2400 Tertio
1203 2370 1284 2412 post
1314 2363 1445 2409 pascha
1480 2363 1541 2398 dio

118 2415 304 2462 peragitur
326 2425 462 2459 pagana
485 2415 663 2460 processio
689 2415 728 2446 in
753 2413 955 2447 mutatoriis
972 2414 1065 2445 intra
1085 2412 1260 2456 palatium
1282 2414 1317 2442 et
1338 2411 1543 2450 convivium

121 2463 162 2496 in
185 2461 470 2504 chrysotriclinio
493 2460 540 2493 ad
562 2461 708 2494 modum
731 2459 839 2505 primi
863 2458 947 2492 diei.
983 2458 1211 2503 Quapropter
1228 2455 1273 2488 ad
1290 2466 1436 2491 auream
1459 2458 1543 2502 quiq

122 2507 205 2540 dem
229 2517 387 2540 mensam
409 2506 586 2540 invitandi
609 2506 715 2539 nobis
738 2510 822 2538 sunt
844 2503 1006 2537 homines
1024 2504 1159 2538 ordinis
1179 2503 1451 2546 magistrorum,
1476 2514 1543 2547 pa-.

121 2554 306 2587 triciorum
330 2557 396 2586 etc.
418 2563 500 2586 cum
523 2553 721 2587 domestico
746 2550 948 2585 scholarum
972 2555 1008 2583 et
1029 2548 1238 2583 hominibus
1272 2547 1542 2593 imperialibus,

122 2598 169 2633 ab
194 2599 319 2633 ordine
344 2598 429 2632 inde
461 2597 902 2643 spatharocandidatorum
929 2606 1044 2642 usque
1073 2595 1119 2628 ad
1142 2594 1306 2628 ordinem
1330 2598 1543 2640 stratorum,

120 2656 187 2698 pro
213 2646 409 2690 capacitate
432 2655 574 2679 mensae
588 2670 598 2687 ,
624 2645 731 2678 amici
755 2645 794 2676 in
816 2643 1021 2679 universum
1043 2642 1199 2690 triginta.
1249 2639 1349 2685 Quos
1374 2639 1543 2679 introdu,

169 2713 430 2753 Constantinus
452 2712 625 2760 Porphyr.
656 2713 730 2747 Vol.
756 2712 786 2747 1.
1314 2707 1360 2752 49
