1832 3112
252 111 324 167 62
544 130 905 174 CONSTANTlNI
948 126 1434 180 PonPHYRoGENJTi
1458 125 1474 161 ''-

253 234 380 290 βῆλον
407 233 447 289 η’·
478 234 748 287 δομεστίκοτς
783 235 868 276 τῶν
906 236 1082 289 σχολῶν.
1110 238 1239 294 βῆλον
1265 237 1321 281 θ’·
1347 238 1446 291 τούς
1475 237 1558 284 οἷπὸ
1582 238 1710 303 gud&

250 316 354 355 χων.
393 302 433 343 εἲ
462 298 625 354 τύχωσι
655 301 701 342 δὲ
736 298 809 342 καί
837 301 1033 357 πρέσβεις
1069 304 1254 358 μεγάλου
1285 303 1462 360 ἔθνους,
1492 301 1709 366 εἰσέρχον-

247 382 319 408 ται
358 364 438 407 ἇπὸ
480 365 731 419 κελεύσεως,
779 365 853 408 καὶ
900 366 1261 423 προσκυνήσαντες
1307 369 1379 413 τὸν
1416 375 1594 427 βασιλέα
1637 374 1712 418 καὶ

76 432 571 485 Εᾶ.ι.38ἆσπασάιιενοι,
614 433 882 488 ἐξέρχονται,
928 435 1064 488 μηδὲν
1102 436 1239 492 ἕτερον
1268 436 1529 494 πράττοντες.
1614 442 1706 499 (A.)

248 503 342 547 Καὶ
367 497 448 542 εἷθ’
478 495 610 547 οὕτως
638 497 778 552 λαβών
808 501 944 553 νεῦμα
974 498 997 541 ὄ
1025 501 1297 557 πραιπόσιτος
1326 503 1439 561 παρὰ
1474 506 1558 548 τοῦ
1583 510 1733 560 βασι-5

248 571 373 618 λέως,
403 566 513 619 λέγει
539 564 731 619 μεγάλως
758 563 804 607 τὸ
832 564 1121 619 „misecone-’³
1166 564 1344 620 ἅπαντες
1374 572 1420 614 δὲ
1450 572 1706 630 ἅνταποκρί..

250 649 406 675 νονται·
461 631 548 685 »εἰς
587 631 771 681 πολλοὺς
809 630 882 673 καὶ
921 633 1115 686 ἀγαθοὺς
1152 633 1330 690 χρόνους
1358 635 1379 678 ὅ
1413 635 1520 687 Θεὸς
1557 638 1708 694 ἀγάγοι

246 699 324 756 τὴν
359 697 580 754 βασιλείαν
608 696 770 751 ὖμῶν”.
814 697 887 739 καὶ
914 699 1157 754 ἐξέρχονται
1187 697 1284 743 ὅθεν
1311 702 1519 758 εἰσῆλθον,
1546 707 1709 758 βαστα-

247 768 425 821 ζομένου
455 765 532 806 τοῦ
559 763 712 819 βήλου,
740 765 815 805 τοῦ
844 758 960 813 ὄντος
991 763 1099 806 κάτω
1130 766 1175 808 έν
1202 772 1290 816 τοῖς
1317 766 1472 822 κιὀσιν,
1508 768 1590 811 ὑπὸ
1621 771 1705 812 τῶν

245 833 556 890 προειρημένων
577 829 654 871 δύο
682 829 986 886 σιλεντιαρίων.
1015 831 1091 873 καί
1113 830 1284 875 πάντων
1311 833 1577 888 ἐξελθόντων,
1607 836 1760 884 dvi-10

245 915 400 943 σταται
430 897 452 939 ὗ
480 895 706 953 βασιλεὺς,
747 895 821 938 καί
847 897 1078 954 ἀπέρχεται
1120 892 1297 942 ὄπισθεν
1326 902 1409 943 τῶν
1448 901 1504 943 eff
1533 901 1708 956 ἆκουβί-

245 983 327 1009 των
354 963 458 1023 πρὸς
485 963 530 1008 τὸ
561 962 797 1014 ὑπαλλάξαι
825 962 898 1006 τὸν
927 966 1062 1021 λῶρον
1093 963 1163 1007 διὰ
1199 968 1280 1008 τῶν
1307 965 1594 1025 βεστητόρων,
1636 960 1709 1012 καὶ

247 1034 372 1089 ἦνίκα
401 1030 656 1084 ὖπαλλάξει,
685 1032 930 1088 ἐξέρχονται
959 1030 999 1074 οῖ
1027 1033 1297 1090 βεστὴτορες,
1338 1033 1412 1076 καί
1430 1037 1548 1089 μένει
1575 1035 1598 1077 ὅ
1626 1039 1707 1090 βα-

248 1098 389 1149 σιλεὺς
423 1097 528 1154 μετὰ
558 1101 633 1140 τοῦ
662 1097 957 1153 κουβουκλείου
995 1096 1150 1153 μόνου,
1191 1101 1264 1142 καί
1288 1101 1488 1158 στέφεται
1516 1100 1598 1144 ὑπὸ
1628 1103 1706 1144 τοῦ

247 1169 550 1224 πραιποσίτου,
599 1167 672 1208 καί
699 1166 945 1222 ἐξέρχεται,
994 1167 1159 1220 κρατῶν
1186 1169 1232 1210 ἐν
1259 1169 1340 1221 μὲν
1367 1169 1416 1227 τῇ
1445 1169 1558 1226 δεξιᾷ
1587 1171 1704 1226 χειρί
1711 1173 1758 1214 15

214 1232 538 1286 Βᾶνεξικακίαν,
585 1233 628 1274 ἐν
671 1234 718 1274 δὲ
762 1233 814 1288 τῇ
859 1231 1059 1291 ἀριστερᾷ
1099 1231 1314 1289 σκηπίωνα
1351 1234 1610 1289 ἐπικειζιιενον
1646 1237 1704 1294 τῷ

62 1295 356 1359 Με.4α.1)(ἷ)’μῳ
384 1299 542 1353 αὐτοῦ,
586 1297 659 1340 καί
685 1300 899 1356 διέρχεται
923 1302 1052 1353 μέσον
1082 1298 1154 1342 διὰ
1182 1302 1259 1343 τοῦ
1285 1301 1468 1356 μεγάλου
1495 1302 1704 1359 τρικλίνου

245 1366 320 1410 καὶ
353 1368 439 1410 τῶν
471 1364 547 1408 δύο
576 1366 751 1420 κιόνων,
781 1365 887 1409 ἔνθα
916 1364 962 1408 τὸ
991 1368 1119 1423 βῆλον
1147 1369 1367 1424 κρέμαται,
1424 1370 1703 1424 ἐξερχομένου

247 1435 295 1476 δὲ
334 1435 409 1476 τοῦ
451 1434 660 1488 βασιλέως
700 1431 782 1474 α’πὸ
825 1434 902 1474 τοῦ
942 1432 1100 1494 βήλου,
1143 1435 1306 1476 ἵσταται
1344 1436 1389 1486 ἐξ
1427 1430 1654 1491 ἆριστερᾶς
1680 1432 1703 1476 ὅ

247 1499 526 1556 δρουγγάριος
567 1500 642 1555 τῆς
669 1501 819 1554 βίγλας
847 1499 920 1542 καί
946 1497 1321 1556 πρωτοσπαθάριοι
1358 1501 1586 1556 βαρβάτοι,
1630 1500 1756 1544 zaim

246 1563 567 1624 δηριγευόμενος
607 1563 628 1608 ὃ
668 1565 870 1622 βασιλευς
906 1564 995 1608 ὑπό
1036 1567 1120 1608 τῶν
1160 1565 1374 1622 ἀρχόντων
1411 1567 1485 1608 τοῦ
1522 1570 1702 1621 κουβου-

245 1633 398 1686 κλειόυ,
442 1634 655 1689 διέρχεται
694 1630 764 1675 διὰ
800 1635 879 1675 τοῦ
917 1631 1120 1689 πόρτηκος
1154 1634 1231 1674 τοῦ
1258 1631 1442 1687 μεγάλου
1479 1634 1700 1689 τρικλίνου,

243 1697 349 1741 ἔνθα
371 1699 396 1755 ἢ
429 1697 593 1749 ἔκθεσις
614 1699 699 1743 τῶν
725 1698 780 1740 ιθ’
804 1699 1037 1754 ἆκουβίτων
1059 1700 1244 1752 τίθεται,
1272 1698 1344 1741 καὶ
1363 1697 1558 1741 α’πελθών
1579 1699 1702 1741 ἵστα·-

244 1782 318 1808 ται
341 1768 387 1809 έν
420 1768 536 1825 μέσῳ
569 1769 652 1809 τῶν
683 1764 759 1808 δύο
790 1763 955 1809 κιόνων.
1010 1764 1083 1808 καὶ
1107 1767 1299 1820 δέχονται
1329 1762 1459 1808 αὐτὸν
1479 1766 1611 1808 ἐκεῖσε
1640 1766 1701 1814 εἰς

244 1831 318 1876 τὸν
350 1832 530 1876 ὄνόποδα
564 1832 780 1891 πατρίκιοί
801 1850 844 1876 τε
888 1831 962 1876 καὶ
995 1831 1221 1890 στρατηγοί
1229 1866 1242 1886 ,
1284 1834 1358 1875 καί
1386 1830 1753 1889 προσκυνήσαν-25
1800 1871 1802 1874 .

336 1925 368 1948 2.
383 1910 455 1948 ”Ay
478 1912 522 1948 τό
525 1925 560 1958 χ.
588 1912 646 1950 ed.

243 2005 358 2048 sules3
393 2005 515 2039 velum
547 2011 711 2047 sextum,
748 2006 897 2040 comites
926 2004 1153 2048 scholarum3
1191 2003 1407 2049 septimum,
1442 2003 1702 2048 Imperatorios'

242 2052 480 2094 candidatos3
512 2058 702 2093 octavum,
728 2052 945 2086 domesticos
977 2051 1204 2094 scholarum3
1235 2063 1393 2091 nonum,
1425 2051 1698 2096 expraefectos,

241 2099 402 2133 adducit.
453 2099 492 2133 Si
517 2111 601 2132 vero
628 2100 738 2133 etiam
762 2111 912 2144 magnae
937 2099 1123 2133 cuiusdam
1149 2099 1264 2143 gentis
1290 2098 1400 2143 legati
1435 2098 1474 2131 in
1507 2097 1598 2131 urbe
1628 2097 1698 2131 ad-

243 2148 334 2188 sint,
361 2157 405 2180 ex
429 2145 598 2179 mandato
627 2147 774 2187 intrant,
805 2153 842 2180 ct
866 2147 1084 2192 Imperatore
1112 2147 1265 2179 salutato
1292 2146 1489 2191 osculoque
1516 2143 1612 2183 dato,
1635 2144 1697 2178 ni-

241 2192 298 2227 hil
323 2199 507 2238 praeterea
535 2200 680 2238 agentes
706 2193 908 2227 discedunt.
967 2192 1058 2239 (lv.)
1083 2192 1227 2226 Deinde
1261 2192 1364 2236 signo
1401 2191 1447 2225 ab
1478 2191 1707 2236 imperatore

242 2246 413 2286 accepto,
438 2241 511 2273 alta
531 2252 619 2273 voce
645 2242 870 2285 praepositus
892 2239 1002 2274 dicit:
1027 2241 1174 2283 Iubete‚·
1202 2250 1324 2273 omnes
1348 2250 1433 2272 vero
1463 2237 1696 2282 respondent:

239 2289 287 2322 In
319 2288 433 2334 longa
459 2287 674 2334 feliciaque
707 2297 870 2333 tempora
901 2288 1000 2322 Deus
1034 2289 1258 2322 maiestatem
1293 2295 1455 2319 vestram
1490 2282 1698 2331 perducat!
1737 2328 1741 2331 Δ
1792 2312 1795 2315 Α

239 2335 326 2368 Post
352 2346 422 2380 qua
447 2335 598 2379 ingressi
627 2341 730 2368 erant
757 2340 913 2376 exeunt,
949 2335 1052 2375 velo,
1091 2334 1190 2380 quod
1224 2333 1320 2366 iufra
1349 2333 1388 2365 in
1417 2331 1595 2365 columnis
1622 2336 1696 2371 est,

241 2393 262 2414 a
287 2381 393 2415 dictis
423 2381 563 2414 duobus
590 2382 801 2415 silentiariis
829 2386 985 2427 portato.
1037 2381 1214 2415 Omnibus
1243 2379 1411 2424 egressis,
1437 2379 1554 2424 surgit
1578 2378 1697 2422 Impe-

241 2435 362 2468 rator,
399 2434 436 2462 et
471 2427 517 2461 ad
550 2429 639 2462 xlx.
677 2429 864 2462 accubitus
906 2428 1009 2469 abit,
1045 2435 1086 2462 ut
1109 2429 1227 2460 lorum
1255 2437 1320 2470 per
1343 2427 1532 2459 vestitores
1559 2428 1696 2464 mutet,

241 2487 316 2522 quo
344 2476 458 2516 facto,
484 2476 720 2510 vestitoribus
758 2475 1055 2517 discedentibus,
1091 2486 1171 2508 cum
1200 2472 1367 2506 cubiculo
1399 2473 1475 2506 solo
1501 2477 1634 2512 manet,
1658 2475 1696 2504 et

241 2534 261 2555 a
287 2524 495 2568 praeposito
513 2528 704 2556 coronatus
723 2547 732 2562 ‚
757 2522 939 2567 procedit,
975 2528 1100 2556 dextra
1123 2532 1230 2553 manu
1253 2521 1429 2560 acaciam,
1454 2519 1599 2552 sinistra
1623 2517 1696 2551 sci-

241 2571 391 2613 pionem
415 2569 566 2603 humero
591 2569 798 2615 impositum
830 2575 970 2615 gestans
987 2596 996 2610 ‚
1021 2579 1158 2615 perque
1185 2566 1345 2600 medium
1378 2577 1544 2611 magnum
1574 2563 1695 2598 tricli-

242 2616 343 2649 nium
369 2623 406 2650 et
430 2617 518 2650 duas
539 2617 742 2657 columnas,
776 2616 841 2649 ubi
866 2628 1079 2660 suspensum
1102 2615 1223 2649 velum
1250 2619 1319 2655 est,
1345 2613 1486 2646 transit.
1535 2613 1695 2656 Impera·-

242 2667 322 2696 tore
350 2669 470 2697 autem
497 2676 515 2698 e
539 2665 618 2698 velo
644 2675 798 2709 egresso,
824 2663 870 2697 ad
892 2664 1078 2697 sinistrum
1107 2661 1320 2706 drungarius
1346 2661 1499 2705 vigilum
1522 2657 1692 2692 barbati-

244 2720 315 2755 que
335 2711 617 2756 protospatharii
637 2716 758 2752 stant,
784 2716 821 2744 et
852 2711 929 2757 ipse
961 2723 981 2744 a
1013 2709 1171 2743 cubiculi
1198 2708 1392 2753 praefectis
1426 2706 1580 2750 stipatus
1596 2730 1605 2746 ‚
1627 2711 1704 2749 per‘

242 2757 361 2803 magni
378 2757 538 2793 cubiculi
568 2759 770 2805 porticum,
796 2757 861 2792 ubi
885 2763 1076 2804 apparatus
1101 2756 1191 2791 XIX.
1210 2754 1444 2790 accubituum
1474 2752 1668 2787 instruitur
1680 2758 1701 2791 ,·
