1878 3112
858 0 891 35 Ο

304 71 417 148 576
565 90 925 133 coNsTANnm
977 89 1466 136 ronrnmoemrn

301 191 342 235 οἳ
372 195 628 247 μαγλαβῖται
658 192 888 247 φοροῦντες
925 188 1223 246 σκαραμάγγια
1260 195 1336 235 καί
1360 192 1414 236 τοὶ
1453 190 1615 238 ἑαυτῶν
1641 201 1752 241 citu?-

299 261 404 302 θία.
459 261 532 299 καί
568 255 674 309 μετὰ
705 255 804 305 τούς
831 257 1094 310 μαγλαβίτας
1130 254 1265 308 εὐθὺς
1292 257 1472 315 ἔστησαν
1499 260 1548 303 οἱ.
1567 263 1643 317 τῆς
1674 277 1754 316 με-

298 324 428 380 γάλης
455 320 664 378 ἑταιρείας
693 320 941 371 Μακεδόνες
971 319 1054 364 άπὸ
1083 324 1356 379 ἐσωφορίων,
1386 328 1614 383 φοροῦντες
1641 344 1753 370 σπα-

298 389 376 432 θία
406 390 604 441 ζωστίκια
631 390 704 430 καί
731 388 899 444 ἀργυρᾶ
935 387 1043 441 μετὰ
1083 390 1156 430 καί
1191 391 1358 446 λωρίων
1400 392 1645 449 διαχρύσων
1682 394 1756 436 καί

299 457 519 512 ἀργυρῶν,
565 453 843 509 βαστάζοντες
871 453 945 496 καί
978 454 1209 511 σκουτάρια
1235 460 1381 512 χρυσᾶ
1409 461 1483 502 καί
1505 460 1778 518 χαλκόχρυ-5

297 539 352 564 σα
382 520 456 563 καί
482 522 638 577 σιδηρᾶ
664 519 736 562 καί
770 523 1034 574 μονοπέλυκα
1064 523 1137 564 καί
1176 522 1416 580 τζικούρια.
1472 524 1664 569 κάτωθεν
1704 528 1754 570 δὲ

299 590 381 630 τῶν
410 587 549 629 αὐτῶν
589 586 845 642 α’ναβάθρων
883 586 982 642 ἔστη
1011 587 1037 642 ἦ
1067 587 1227 644 μεγάλη
1255 586 1467 647 ἑταιρεία,
1497 590 1652 645 ὁμοίως
1678 591 1756 636 καὶ

262 653 327 709 Βῆ
354 655 536 708 μεσαιά,
578 653 684 707 μετὰ
724 652 798 696 καί
831 655 914 695 τῶν
943 654 1180 708 Φαργάνων
1206 654 1280 697 καὶ
1305 657 1544 713 Χαζάρων,
1585 657 1751 701 πάντων

301 718 550 777 φορούντων
578 721 743 762 σπαθία
772 721 846 761 καί
870 717 1165 773 βασταζόντων
1193 719 1439 778 σκουτάρια.
1487 721 1526 765 οἱ
1553 725 1755 768 οἰκειακοί

298 785 677 842 πρωτοσπαθάριοι
703 783 885 841 ἔστησαν
909 787 969 835 εἷς
995 784 1070 841 τήν
1098 788 1289 829 σωλαίαν
1315 785 1438 830 ἔνθεν
1459 789 1653 832 κάκεῖθεν
1673 805 1807 846 ‹po-io

301 854 472 909 ροῦντες
511 852 808 908 σκαραμάγγια
847 851 1177 908 πρασινορόδινα
1214 854 1289 896 καί
1318 853 1508 896 ‹rna-9122.
1561 857 1636 898 καί
1662 858 1752 909 μετ’

299 914 459 967 αὖτοὺς
486 916 667 974 ἔστησαν
695 916 736 960 οἱ
773 915 1218 974 σπαθαροκανὸιδάτοι
1254 922 1483 975 φοροῦντες
1508 919 1755 977 σκαραμάγ-

299 1001 372 1040 για
399 982 613 1039 πολύχροα
640 985 714 1026 καί
739 982 908 1026 σπαθιά
936 982 1011 1026 καί
1038 983 1092 1026 τὰ
1121 987 1629 1042 σπαθαροκανδιδατίκια.
1681 989 1758 1031 καί

301 1053 391 1104 μετ’
421 1048 579 1099 αὐτοὺς
607 1047 785 1105 ἔστησαν
826 1048 865 1092 οἱ
893 1048 1127 1106 σπαθάριοι
1168 1053 1398 1108 φοροῦντες
1423 1050 1499 1094 καὶ
1529 1048 1653 1095 αὐτοὶ
1677 1068 1756 1095 πο-

301 1115 467 1171 λύχροα
507 1113 803 1171 σκαραμάγγια
839 1117 914 1158 καί
950 1116 1005 1158 τοὶ
1042 1112 1206 1159 ἑαυτῶν
1233 1120 1431 1171 anama,
1479 1119 1806 1172 βαστάζοντες-ὥ

300 1181 374 1224 καί
401 1180 647 1237 ὃιστράλια.
703 1180 777 1222 καί
808 1185 905 1235 μετ’
933 1180 1089 1231 αὐτοὺς
1131 1180 1313 1238 ἔστησαν
1341 1183 1379 1226 οἱ
1407 1182 1648 1239 στράτωρες
1675 1199 1757 1241 φο-

302 1249 470 1303 ροῦντες
507 1245 802 1302 σκαραμάγγια
840 1246 1154 1300 λευκολέοντας,
1199 1249 1273 1289 καί
1311 1245 1463 1304 ἑτέρων
1496 1251 1654 1304 χροιῶν
1682 1251 1758 1292 καί

261 1314 543 1367 (Ῑέξεμπλίων,
585 1310 866 1366 βαστάζοντες
893 1314 967 1354 καί
992 1310 1042 1354 τὰ
1070 1314 1378 1369 στρατωρίκια.
1436 1312 1550 1364 δεξιὰ
1579 1316 1625 1358 δὲ
1648 1314 1755 1371 πρὸς

304 1377 426 1421 δύσιν
453 1380 513 1427 εἰς
539 1375 615 1433 τὴν
642 1375 850 1432 σύμπηξιν
889 1378 973 1420 τῶν
1002 1375 1080 1419 δύο
1115 1376 1258 1433 βήλων
1286 1377 1445 1430 ἔξωθεν
1475 1375 1641 1423 ἄνωθεν
1668 1382 1754 1423 τῶν

303 1442 562 1500 ἆναβάθρων
589 1443 667 1484 τοῦ
703 1441 887 1497 μεγάλου
927 1445 1141 1499 τρικλίνου
1171 1445 1246 1499 τῆς
1283 1442 1527 1501 μανναύρας
1554 1443 1652 1502 ἔστη
1678 1448 1807 1502 τῆςῃο

301 1507 485 1565 μεγάλης
512 1506 723 1564 ἑταιρείας
753 1507 987 1563 βαστάζων»
1014 1508 1062 1551 τὸ
1103 1507 1431 1566 χρυσοΰφαντον
1459 1512 1605 1560 σενδὲς
1629 1515 1754 1566 βασι-

303 1574 420 1618 λικὸν
449 1574 715 1630 φλάμουλον.
770 1572 889 1617 ἔνθεν
927 1575 975 1617 δὲ
1003 1575 1194 1617 κάκεῖθεν
1222 1577 1306 1618 τῶν
1333 1571 1473 1618 αὖτῶν
1499 1573 1755 1634 ἄναβάθρων

304 1642 384 1684 τοῦ
411 1640 542 1684 αὐτοῦ
566 1640 749 1696 μεγάλου
778 1641 987 1698 τρικλίνου
1015 1643 1092 1697 τῆς
1116 1640 1366 1699 μανναύρας
1391 1639 1548 1694 ἔξωθεν
1572 1645 1654 1686 τῶν
1675 1639 1755 1687 αὖ·

306 1809 414 1845 supra
437 1798 565 1845 gradus
591 1797 738 1841 stabant
770 1797 990 1843 maglabitae
1013 1802 1195 1843 gestantes
1226 1799 1469 1844 scaramangia
1494 1810 1649 1847 suasque
1669 1810 1755 1846 spa-

303 1847 395 1881 thas.
445 1847 572 1880 Statim
602 1850 687 1891 post
711 1856 772 1878 eos
797 1844 943 1879 stabant
967 1844 1186 1879 Macedones
1211 1857 1360 1891 magnae
1383 1845 1589 1887 hetaeriae,
1625 1857 1754 1893 geren-

304 1900 360 1928 tes
385 1893 560 1927 interulas
588 1898 626 1926 et
653 1891 798 1937 spathas
838 1891 1040 1937 cingulares
1072 1891 1130 1925 vel
1165 1904 1186 1926 a
1209 1893 1356 1936 cingulo
1391 1897 1429 1926 et
1458 1893 1654 1928 femoribus
1687 1892 1755 1926 do-

304 1939 508 1986 pendentes
541 1945 726 1985 argenteas
766 1950 845 1972 cum
871 1938 958 1972 loris
983 1939 1161 1972 inauratis
1189 1940 1386 1984 argenteis,
1411 1940 1499 1973 item
1522 1945 1622 1973 scuta
1645 1950 1755 1974 aurea

306 1993 344 2020 et
377 1988 448 2020 alia
474 1998 588 2020 aenea
614 1987 778 2019 inaurata
804 1991 840 2019 ct
869 1986 986 2018 ferrea
1012 1996 1180 2030 quoque3
1219 1987 1306 2019 item
1346 1996 1488 2019 secures
1521 1987 1629 2020 unius
1666 1985 1756 2020 ferri

307 2039 347 2066 ct
377 2033 568 2078 bipennes.
626 2033 721 2066 Infra
756 2037 875 2065 autem
914 2031 997 2064 illos
1032 2030 1160 2076 gradus
1202 2031 1346 2066 stabant
1383 2037 1534 2077 utraque
1571 2030 1757 2075 hetaeria,

307 2090 438 2123 magna
462 2085 499 2112 et
528 2079 666 2119 media,
699 2084 735 2111 et
760 2078 910 2123 Fargani
934 2083 972 2111 et
997 2077 1172 2118 Chazari;
1208 2089 1332 2111 omnes
1358 2089 1428 2111 una
1452 2089 1560 2110 manu
1586 2079 1756 2123 spathas,

305 2126 420 2159 altera
461 2131 561 2159 scuta
598 2129 774 2171 gerentes.
836 2125 1036 2158 Domestici
1070 2123 1354 2168 protospatharii
1391 2123 1538 2157 stabant
1581 2125 1622 2159 in
1657 2126 1757 2161 solen

305 2171 394 2206 hinc
417 2178 455 2206 et
482 2173 603 2211 illinc,
640 2175 820 2216 gestantes
846 2169 1089 2214 scaramangia
1122 2171 1264 2215 gemino
1303 2170 1449 2211 colore,
1481 2169 1591 2204 viridi
1623 2177 1661 2206 et
1693 2185 1757 2207 ro-

305 2230 391 2260 seo,
428 2218 601 2252 distincta
628 2216 860 2262 spathasque.
920 2216 1004 2250 Post
1037 2227 1097 2249 eos
1128 2216 1273 2250 stabant
1303 2216 1659 2261 spatharocandidati
1694 2231 1758 2265 ge·

305 2270 443 2300 stantes
469 2264 612 2310 spathas
647 2270 684 2297 et
715 2263 956 2308 scaramangia
993 2262 1239 2296 multicoloria
1265 2268 1302 2296 et
1330 2263 1755 2307 spatharocandidaticia.

304 2313 390 2347 Post
414 2323 475 2346 eos
499 2312 643 2345 stabant
667 2309 864 2354 spatharii,
896 2314 1074 2354 gestantes
1102 2315 1139 2343 et
1166 2309 1205 2342 hi
1231 2321 1378 2356 quoque
1405 2310 1651 2346 multicoloria
1676 2324 1756 2346 sca-

305 2359 489 2403 ramangia
516 2364 552 2391 et
577 2356 723 2403 spathas
747 2367 829 2389 suas
855 2361 889 2389 et
903 2355 1088 2389 dextralia.
1120 2356 1216 2389 Dein
1242 2355 1388 2390 stabant
1410 2363 1592 2400 stratores,
1615 2365 1758 2403 gestan·—

304 2411 360 2440 tes
387 2401 627 2449 scaramangia
654 2403 823 2436 leonibus
849 2403 943 2436 albis
975 2402 1130 2448 aliisque
1166 2403 1275 2436 variis
1310 2409 1382 2439 tam
1421 2404 1603 2438 coloribus
1645 2417 1755 2452 qnam

305 2453 428 2498 figuris
453 2463 570 2485 rerum
602 2452 709 2495 picta.
743 2448 944 2482 Gestabant
965 2449 1005 2483 hi
1031 2455 1218 2495 praeterea
1262 2450 1464 2484 stratoricia
1500 2461 1564 2484 seu
1591 2451 1760 2497 peculia-

305 2511 362 2534 res
387 2500 456 2533 sibi
483 2510 564 2532 suas
589 2499 719 2542 virgas,
764 2496 819 2528 Ad
846 2496 1006 2530 dextram
1032 2506 1154 2529 versus
1180 2496 1405 2530 occidentem
1431 2496 1528 2542 apud
1552 2509 1758 2543 compagem

306 2547 460 2580 duorum
485 2544 746 2583 cancellorum,
779 2548 816 2575 et
841 2542 990 2587 quidem
1020 2548 1121 2575 extra
1158 2554 1244 2584 eOS,
1282 2544 1400 2577 stabat
1434 2546 1472 2578 in
1505 2555 1642 2578 summo
1678 2556 1759 2589 gra-

305 2594 439 2634 duum,
475 2604 540 2637 per
564 2602 653 2637 quos
678 2590 723 2622 ad
756 2600 923 2634 magnum
954 2589 1155 2622 triclinium
1182 2600 1398 2634 magnaurae
1431 2590 1655 2632 ascenditur,
1679 2602 1757 2624 ma-

306 2642 416 2685 gister
440 2649 590 2684 magnae
613 2637 817 2676 hetaeriae,
854 2647 980 2682 gerens
1006 2647 1093 2669 auro
1121 2641 1326 2680 pei-textum
1353 2647 1371 2669 e
1395 2648 1517 2681 panno
1542 2636 1670 2683 senqes
1701 2637 1757 2670 sa-

306 2692 403 2720 ctum
427 2685 616 2733 imperiale
643 2682 855 2717 flamullum.
905 2681 960 2717 Ab
994 2686 1147 2735 utraque
1185 2694 1269 2722 vero
1303 2689 1406 2731 parte
1445 2683 1642 2723 eorundem
1674 2694 1756 2730 gra-
