1884 3112
322 120 434 179 286
595 141 954 184 Gnissi-ANUM
994 140 1478 189 poam-imofimm

122 255 383 299 Ms.121,2202
409 244 812 301 πρωτοσπαθάριοι,
861 245 1087 301 φοροῦντες
1124 246 1177 288 τά
1205 263 1248 290 τε
1283 247 1484 306 στιχάρια
1516 249 1658 293 αὑτῶν
1688 252 1760 293 καί

313 307 512 366 σαβάνια,
541 309 822 365 βαστάζοντες
849 312 923 352 καί
947 311 998 354 τὰ
1029 311 1322 369 σπαθοβὰκλια
1353 315 1521 370 αὐτῶν,
1549 315 1624 358 καὶ
1649 319 1759 368 ἔξελ-

312 377 459 428 &dmg
490 380 534 419 ἐν
562 379 619 434 τῷ
647 378 891 434 τριπέτωνι,
937 380 1127 421 ἵστανται
1169 382 1215 423 ἐν
1237 384 1289 439 τῇ
1317 381 1401 440 ὁδῷ
1428 383 1504 438 τῆς
1530 381 1757 438 ἐξαγούσης

311 443 444 499 πύλης
473 441 556 484 «ind
585 445 658 486 τοῦ
689 446 938 499 τριπέτωνος
966 446 1010 488 ἐν
1036 449 1094 504 τῷ
1120 450 1336 506 λαυσιακῷ
1349 481 1361 501 ,
1405 447 1444 490 οἶ
1473 450 1520 490 δὲ
1547 451 1758 505 πατρίκιοι

312 509 386 551 καί
411 511 637 565 στρατηγοί
663 511 850 552 ἵστανται
877 509 1000 553 ἔνθεν
1038 513 1206 555 κάκεῖσε
1234 515 1278 556 ἐν
1303 515 1361 572 τῷ
1387 516 1602 573 λαυσιακῷ
1627 511 1784 570 μέχριό

311 578 384 631 τῆς
410 575 658 632 εἰσαγούσης
683 575 814 632 πύλης
841 578 886 619 ἐν
912 579 970 636 τῷ
1002 577 1300 638 ’[ουστινιανῷ.
1346 580 1582 638 ἔμπροσθεν
1610 582 1656 623 δὲ
1684 581 1761 634 τῆς

312 641 444 697 αὐτῆς
479 639 610 698 πύλης
648 645 725 685 τοῦ
760 639 1057 688 Ἰουστινιανοῧ
1101 645 1265 688 ἵσταται
1292 645 1313 688 ὃ
1339 649 1411 702 τῆς
1438 644 1758 700 καταστάσεως,

120 718 308 766 *ML-167
322 710 396 750 καί
411 707 619 751 πεσόντων
645 711 728 752 τῶν
755 712 1063 767 προειρημένων
1090 712 1316 768 πατρικίων
1341 728 1384 755 τε
1411 711 1485 755 καὶ
1508 715 1760 770 στρατηγῶν,

240 770 243 774 ’
318 774 431 818 νεύει
460 774 483 817 ὅ
511 773 785 831 πραιπόσιτος
812 778 871 835 τῷ
897 779 971 832 τῆς
998 775 1287 828 καταστάσεως
1309 777 1392 821 α’πὸ
1419 777 1659 833 κελεύσεως,
1688 781 1763 822 καί

314 842 631 897 ὃηριγευόμενος
659 841 742 884 ὑπὸ
772 844 856 886 τῶν
884 843 1099 900 ἀρχόντων
1135 846 1211 887 τοῦ
1237 846 1556 899 κουβουκλείου,
1604 856 1810 901 natm-10

313 909 414 950 κίων
441 923 485 950 τε
513 907 586 950 καί
603 911 859 965 στρατηγῶν,
889 911 1103 966 ἐξέρχεται
1123 913 1168 953 ἐν
1194 913 1251 969 τῷ
1278 907 1552 970 ‘lova-umam?
1569 912 1758 970 τρικλίνῳ

313 975 390 1030 τῆς
416 974 710 1031 προελεύσεως.
739 977 814 1018 καί
838 975 1020 1019 στάντων
1049 975 1246 1019 ἁπάντων
1273 978 1317 1020 ἐν
1348 978 1405 1036 τῷ
1429 978 1543 1037 αὕτῷ
1568 980 1760 1036 τρικλίνῳ

314 1040 434 1084 ἔνθεν
461 1041 625 1083 κάκεῖσε
651 1043 731 1085 τῶν
757 1044 1070 1099 προειρημένων
1098 1046 1328 1100 πατρικίων
1353 1060 1397 1086 τε
1416 1045 1491 1087 καί
1515 1046 1760 1101 στρατηγῶν

314 1106 420 1162 μετὰ
450 1105 584 1163 πάσης
610 1108 679 1164 τῆς
707 1108 954 1165 συγκλήτου,
982 1110 1147 1152 ἵσταται
1176 1107 1197 1151 ὅ
1224 1108 1423 1165 βασιλεύς
1451 1113 1497 1154 ἐν
1523 1112 1578 1169 τῷ
1605 1109 1758 1168 πρώτῳ

317 1170 528 1232 ὄμφαλίῳ.
557 1175 745 1224 ἐλθόντες
773 1177 820 1216 δὲ
848 1173 1023 1227 ἅπαντες
1051 1177 1088 1218 οἱ
1117 1179 1435 1233 προλελεγμένοι
1461 1171 1811 1234 προσκυνοῦσι,15

318 1242 391 1283 καί
417 1238 691 1293 α’ναστάντες,
736 1241 848 1283 νεύει
877 1242 900 1283 ὅ
929 1242 1203 1298 πραιπόσιτος
1242 1245 1301 1301 τῷ
1339 1244 1599 1302 σιλεντιαρίῳ
1630 1245 1690 1301 τῷ
1716 1241 1761 1285 ἐ-

316 1309 443 1350 στῶτι
470 1307 515 1349 ἐν
541 1308 597 1364 τῷ
623 1308 840 1366 κατωτέρῳ
867 1309 988 1365 μέρει
1014 1311 1086 1365 τῆς
1114 1310 1243 1364 αΰτῆς
1282 1311 1411 1366 δοχῆς
1446 1308 1529 1352 ἀπὸ
1569 1309 1762 1351 κελεύσε-

319 1389 388 1426 ως,
417 1372 603 1422 κιῖκεΐνος
631 1373 740 1428 λέγει
766 1374 1068 1427 ,,κελεύσατε·“”
1127 1377 1254 1418 αυ’τοι“
1280 1377 1326 1419 δὲ
1358 1373 1662 1432 ὗπερεύχονται
1688 1373 1762 1418 τόν

281 1441 493 1494 Ββασιλέα
519 1440 610 1493 υεἷς
637 1439 814 1490 πολλοὺς
840 1442 914 1482 καὶ
940 1440 1126 1496 ἇγαθούς
1150 1438 1366 1497 χρόνους.”
1424 1443 1534 1500 (Δ.)
1566 1441 1661 1484 Καὶ
1687 1442 1762 1496 δη-

319 1503 585 1560 ριγευόμενος
615 1504 636 1547 ὁ
666 1505 863 1560 βασιλεὺς
890 1507 963 1548 ὑπ’
990 1509 1128 1550 αὐτῶν
1156 1506 1318 1550 πάντων
1346 1505 1437 1562 ἅμα
1459 1510 1814 1563 σπαθαροκαν-ΞΟ

320 1570 525 1626 ὅιδὰτων,
556 1571 795 1630 φορούντων
822 1574 1023 1627 μανιάκια
1051 1577 1124 1616 καί
1151 1575 1340 1627 σπαθία,
1369 1571 1662 1629 βασταζόντων
1688 1573 1764 1614 καὶ
1777 1567 1779 1569 ’

320 1639 546 1693 σκουτάρια
586 1641 658 1681 καί
699 1638 943 1695 διστράλ,ια,
985 1642 1221 1697 διέρχεται,
1262 1639 1336 1682 καί
1360 1638 1595 1695 μελλόντων
1620 1637 1762 1680 αὐτῶν

321 1705 570 1760 ἑξέρχεσθαι
596 1703 674 1762 την
701 1704 927 1760 ἐξάγουσαν
954 1706 1037 1749 α’πὸ
1067 1710 1140 1750 τοῦ
1172 1707 1468 1751 Ἰουστινιανοῦ
1505 1703 1609 1763 πρὸς
1634 1702 1681 1747 τὸ
1710 1703 1762 1759 ἧ-

321 1769 464 1813 λιακὸν
491 1769 648 1828 πύλην,
694 1774 855 1823 εὐθέως
890 1775 1079 1830 ἐφαπλοῖ
1107 1772 1152 1816 τὸ
1179 1770 1496 1831 παρακυπτικὸν
1523 1771 1764 1829 ἔμπροσθεν

440 1885 471 1908 2.
498 1871 660 1919 στιβάνια
681 1874 948 1919 βαστάζοντες,
973 1877 1037 1910 καὶ
1063 1876 1118 1909 cd.
1216 1888 1266 1912 ια.
1295 1875 1319 1919 ἦ
1340 1875 1567 1922 προέλευσις
1592 1873 1649 1908 ed.

323 1942 470 1977 baculos
499 1944 678 1983 ferentes,
700 1944 904 1989 prodeunt,
929 1947 1133 1992 egressique
1159 1945 1196 1978 in
1220 1946 1457 1989 tripetonem,
1482 1953 1596 1989 prope
1621 1945 1762 1988 portam

323 2001 344 2023 a
367 1992 551 2035 tripetone
578 1991 622 2023 ad
658 1991 853 2024 lausiacum
889 1990 1103 2033 ducentem,
1138 1994 1283 2037 patricii
1315 2003 1399 2025 vero
1428 1996 1464 2024 et
1497 1989 1762 2034 provinciarum

326 2037 501 2081 praefecti
539 2036 584 2069 ab
623 2042 777 2083 utroque
803 2039 915 2071 latere
940 2039 977 2071 in
1010 2040 1167 2072 lausiaco
1210 2049 1325 2084 usque
1351 2037 1396 2071 ad
1419 2042 1557 2082 portam
1586 2036 1625 2069 in
1648 2034 1765 2068 tricli-

324 2083 427 2116 nium
452 2084 643 2116 Iustiniani
679 2084 869 2118 ducentem
900 2086 1111 2118 consistunt.
1159 2084 1215 2119 Ad
1248 2090 1386 2130 portam
1417 2084 1510 2116 hane
1535 2083 1645 2116 etiam
1669 2081 1766 2115 ceri-

325 2130 522 2163 moniarius
547 2130 670 2170 adest,
708 2137 744 2164 ot
768 2132 874 2164 dictis
897 2133 1059 2176 patriciis
1084 2136 1121 2165 et
1143 2132 1307 2177 strategis
1331 2130 1624 2176 procidentibus,
1657 2139 1766 2174 prae·

325 2177 466 2220 positus
505 2177 756 2211 cerimoniario
781 2190 800 2211 a
823 2178 988 2212 mandato
1020 2179 1158 2223 signum
1186 2178 1272 2219 dat,
1305 2179 1416 2223 inque
1451 2177 1622 2210 comitatu
1655 2185 1764 2220 prae·

326 2224 502 2257 sectorum
527 2223 711 2264 cubiculi,
735 2226 968 2268 patriciorum
994 2230 1030 2258 ct
1054 2225 1183 2259 ducum
1208 2235 1251 2258 ex
1278 2225 1509 2269 processione
1536 2225 1574 2257 in
1590 2223 1764 2256 Iustinia-

326 2270 365 2303 ni
389 2270 586 2303 triclinium
624 2271 832 2315 ingreditur.
881 2273 922 2305 In
946 2276 1100 2317 utroque
1125 2271 1232 2305 huius
1257 2272 1408 2305 triclinii
1431 2271 1543 2305 latere
1567 2269 1673 2304 dictis
1699 2279 1765 2313 pa-

326 2317 443 2351 triciis
466 2322 504 2351 ct
526 2317 716 2362 praesectis
741 2318 906 2352 omnibus
931 2329 1008 2351 cum
1036 2323 1113 2352 toto
1139 2324 1262 2352 senatu
1289 2317 1531 2364 congregatis,
1565 2318 1767 2361 Imperator

328 2369 399 2398 stat
422 2364 461 2397 in
486 2365 603 2409 primo
629 2364 810 2398 umbilico.
858 2365 1053 2399 Venientes
1081 2370 1199 2398 autem
1235 2365 1324 2398 dicti
1361 2376 1484 2398 omnes
1522 2364 1693 2404 adorant,
1727 2367 1766 2395 et

326 2416 518 2457 postquam
543 2422 746 2452 surrexere,
772 2413 909 2457 signum
934 2413 1157 2459 praepositus
1182 2412 1382 2445 silentiario
1409 2412 1447 2444 in
1466 2411 1765 2454 inferioreparte

329 2468 452 2491 eorum
487 2459 640 2492 stantia
661 2459 828 2492 mandato
856 2459 937 2499 dat,
974 2460 1077 2506 isque
1111 2458 1223 2493 dicit:
1261 2459 1406 2502 Iuheze;
1444 2459 1514 2503 ipsi
1551 2456 1767 2503 Imperatori

329 2506 542 2540 acclamant:
578 2505 628 2539 In
661 2507 776 2540 multa
813 2506 980 2554 bonaque
1010 2514 1182 2552 tempora.
1231 2505 1340 2552 (lv.)
1366 2505 1430 2538 llis
1461 2504 1629 2538 omnibus
1653 2501 1767 2538 comi-

328 2552 512 2593 tantibus,
551 2563 623 2585 una
648 2563 725 2585 cum
759 2552 1127 2598 spatharocandidatis
1143 2578 1152 2594 ,
1182 2557 1329 2598 torques
1355 2557 1393 2586 et
1416 2551 1577 2598 gladios,
1611 2548 1767 2583 scutatis

331 2605 370 2632 et
393 2598 569 2633 dextralia
594 2599 838 2644 gestantibus,
871 2599 967 2642 abit,
1003 2605 1040 2634 et
1063 2601 1146 2633 dum
1174 2600 1244 2644 ipsi
1272 2611 1315 2633 ex
1334 2604 1439 2645 porta
1462 2597 1678 2632 Iustinianei
1701 2595 1768 2629 tri-

330 2646 458 2688 clinii,
485 2658 578 2693 quae
602 2646 647 2680 ad
670 2648 838 2680 solarium
863 2647 956 2686 fert,
981 2647 1154 2693 egressuri
1179 2652 1285 2687 sunt,
1311 2647 1431 2681 statim
1452 2647 1572 2679 velum
1595 2646 1679 2678 ante
1705 2652 1767 2675 so-

330 2691 419 2725 lium
471 2705 581 2739 super
623 2693 798 2740 pectorali
837 2694 1076 2728 cancellorum
1121 2693 1362 2728 cubicularius
1397 2697 1611 2739 praecentor
1646 2689 1767 2724 tollit:

331 2739 604 2775 cerimoniarius
637 2745 780 2784 autem,
817 2740 1042 2789 apprehensa
1065 2745 1226 2777 extrema
1253 2740 1482 2787 Imperatoris
1505 2738 1651 2780 tunica,
1678 2734 1768 2770 rho-
