1884 3112
869 0 904 36 Ι

276 78 387 136 256
558 97 914 143 CONSTANTINI
965 101 1448 145 PORPHYROGENITI

269 203 346 248 τοῦ
377 204 670 256 κουβουκλεώυ
685 235 696 254 ,
737 201 811 243 καί
831 203 1141 259 προσκυνήσας,
1193 204 1405 261 ἐξέρχεται
1429 206 1475 247 ἓν
1502 206 1558 262 τῷ
1582 208 1724 263 τριπέ-

270 283 371 311 τωνι
394 266 501 321 μετὰ
526 265 601 309 δύο
624 269 870 323 ὄστιαρίων,
901 267 975 310 καί
995 271 1153 311 ἑκτελεῑ
1173 267 1326 323 πάντα,
1357 267 1406 313 ὃν
1429 268 1581 327 τρόπον
1613 271 1724 323 dvm-

274 335 384 390 τέρω
414 330 639 389 εἰρήκαμεν
668 335 714 376 ἐν
746 336 796 391 τῇ
823 337 1011 391 προβολῇ
1045 337 1127 377 τῶν
1156 337 1411 393 πατρικίων.
1464 335 1538 378 καί
1560 334 1719 391 εἰσάγει

233 406 266 440 1)
276 401 406 454 βῆλον
435 396 482 451 α’,
516 398 792 455 μαγίστρους,
828 400 900 442 καὶ
922 403 1134 443 ἐκτελοῦσι
1173 399 1332 455 πάντα,
1379 398 1436 451 ὥς
1464 400 1489 457 ἧ
1513 399 1718 457 συνήθεια

273 463 376 518 ἔχει,
418 461 570 516 ὁμοίως
591 463 717 507 πάλιν
741 465 924 516 ἐξελθών
953 466 1114 522 εἰσάγει
1139 470 1271 522 βῆλον
1294 466 1346 522 β’,
1385 469 1628 523 πατρικίους
1648 467 1746 511 καί5

272 528 530 586 στρατηγούς
540 564 552 583 ,
600 530 675 572 καί
702 529 844 580 ἁπλῶς
873 531 925 574 τοὶ
955 531 1080 574 λοιποὶ
1112 535 1254 588 βῆλα,
1285 533 1383 584 τούς
1407 550 1451 575 τε
1475 531 1719 590 δημάρχους

272 595 347 637 καί
367 594 439 637 τὸν
467 595 744 654 τοποτηρητὴν
769 599 851 641 τῶν
875 601 1054 653 σχολῶν.
1108 593 1181 640 καί
1212 601 1252 642 εἰ
1282 598 1343 654 μή
1368 601 1562 655 εἰσῆλθεν
1598 601 1643 642 ἐν
1669 601 1721 656 τῇ

274 663 381 720 ὁόχῇ
410 662 432 704 ὃ
454 663 616 716 μέλλων
639 665 836 718 γενέσθαι
861 662 1114 719 ἀνθύπατος,
1143 665 1532 723 προσκαλεσάμενος
1551 665 1574 709 ὅ
1595 670 1721 721 βασι-

271 727 373 777 λευς
392 727 464 771 τὸν
486 728 774 785 πραιπόσιτον,
814 733 926 787 λέγει
949 730 994 773 τὸ
1023 726 1157 785 ὄνομα
1189 734 1264 774 τοῦ
1290 734 1508 787 μέλλοντος
1538 737 1720 789 προβλη-

271 796 430 849 θῆναι,
466 796 652 846 κάκεῖνος
689 797 800 852 λέγει
823 799 884 856 τῷ
907 800 983 853 τῆς
1004 796 1314 852 καταστάσεως,
1358 798 1545 848 κάκεῖνος
1578 797 1775 854 λαβώνιο

274 859 422 915 αῧτὸν,
457 861 514 912 ὥς
546 862 618 904 ἐπὶ
641 866 887 920 πατρικίου,
925 866 1086 920 ἵστησιν
1107 863 1239 907 αὕτὸν
1269 863 1507 922 ἔμπροσθεν
1532 867 1616 908 τῶν
1643 866 1722 922 ἆρ-

271 926 432 986 χόντων
463 930 539 970 τοῦ
563 929 888 984 κουβουκλείου,
927 929 1002 972 καί
1032 929 1174 985 λαβών
1208 930 1231 972 ὁ
1259 928 1531 987 πραιπὸσιτος
1555 947 1720 988 πορφυ-

78 1005 184 1041 Eat.
202 1006 264 1043 150
274 998 378 1053 ροῦν
407 994 634 1052 τετράδιον,
667 998 888 1039 ἐπιδίδωσι
907 999 964 1055 τῷ
981 1000 1169 1052 βασιλεῖ·
1217 994 1238 1038 ὃ
1264 999 1311 1039 δὲ
1334 999 1408 1052 τῆς
1433 997 1722 1046 καταστάσεως

269 1061 377 1117 μετὰ
403 1063 707 1117 σιλεντιαρίου,
749 1063 985 1117 ἐνέγκαντες
1029 1061 1159 1106 αΰτὸν
1196 1062 1370 1118 πλησίον
1395 1065 1474 1105 τοῦ
1499 1064 1720 1118 βασιλέως,

269 1129 440 1172 ποιοῦσι
475 1130 764 1184 προσκυνῆσαι
817 1127 890 1170 καί
919 1131 1099 1185 φιλῆσαι
1125 1127 1223 1177 τούς
1244 1126 1481 1179 πόδάςτοῦ
1499 1131 1771 1183 βασιλέως,ιὸ

272 1193 355 1238 εἷθ’
377 1189 514 1244 οὕτως
539 1193 591 1236 τά
618 1192 771 1249 γόνατα
799 1191 956 1236 αι’-τοῦ.
1011 1192 1099 1237 εἶτα
1127 1193 1269 1249 λαβών
1302 1193 1347 1237 τὸ
1377 1195 1624 1252 πορφυροῦν
1653 1210 1720 1237 τε·-

256 1258 440 1318 ,τράδιον
473 1259 590 1317 παρὰ
619 1262 694 1303 τοῦ
721 1262 952 1314 βασιλέως,
993 1254 1122 1316 ἤγουν
1150 1259 1198 1301 τό
1241 1261 1566 1314 ἅνθυπατίκιον,
1605 1264 1726 1318 φιλεῖ

276 1325 447 1376 καὶτὰς
467 1332 615 1383 χεῖρας
639 1328 793 1380 αὐτοῦ,
833 1326 907 1369 καί
932 1323 1014 1369 εἶθ’
1038 1323 1170 1377 οὕτως
1199 1323 1482 1382 ἀπαγαγόντες
1514 1327 1643 1370 αὐτὸν
1674 1326 1722 1369 ὅ·-

282 1395 573 1450 πισθοφανῶς,
606 1386 770 1436 ἱστᾶσιν
792 1392 921 1436 αὐτὸν
946 1395 1101 1447 μέσον·
1159 1390 1341 1444 ἅπαντες
1372 1396 1418 1436 δὲ
1444 1393 1484 1436 οἱ
1511 1396 1554 1436 ἐν
1577 1396 1630 1451 τῇ
1650 1395 1721 1436 ‹50-

80 1468 262 1507 Ms.1u·.a
271 1461 332 1517 χῇ
355 1460 610 1508 εἰσελθόντες
635 1461 846 1502 ἐκτελοῦσι
871 1459 946 1515 την
974 1458 1278 1517 προσκύνησιν,
1316 1455 1364 1502 ὃν
1389 1457 1542 1516 τρόπον
1566 1458 1773 1504 ‹Zmil-8220

278 1543 339 1583 ρω
362 1525 525 1583 εἴρηται
551 1527 596 1570 ἐν
633 1529 682 1584 τῇ
713 1528 896 1584 προβολῇ
927 1528 1010 1569 τῶν
1042 1525 1284 1583 πατρικίων.
1343 1527 1459 1584 (Β.)
1495 1528 1551 1569 Εἰ
1569 1527 1616 1568 δὲ
1642 1525 1718 1568 οὔκ

214 1594 474 1660 ΙΒείσῆλθεν
498 1595 543 1635 ἐν
575 1594 627 1651 τῇ
656 1595 762 1651 ὃοχῇ
789 1591 813 1634 ὅ
842 1593 1005 1645 μέλλων
1028 1593 1342 1650 προβληθῆναι,
1382 1594 1474 1635 ἄλλ’
1502 1593 1722 1646 ἐναπέμει-

277 1675 347 1702 νεν
373 1658 466 1713 ἔξω,
504 1659 560 1710 ὥς
588 1658 646 1715 μὴ
674 1661 923 1714 ἐνδέχεσθαι
947 1658 1021 1714 τὴν
1051 1659 1172 1711 α’ξίαν
1201 1659 1332 1701 αὐτοῦ
1368 1660 1638 1715 εἰσέρχεσθαι
1676 1661 1722 1702 ἐν

278 1731 368 1776 ταῖς
393 1728 563 1780 δοχαῖς,
594 1721 623 1781 ἢ
651 1724 755 1768 κατά
785 1726 1006 1782 ὑστέρησιν
1035 1727 1301 1779 ἐναπέμεινεν
1327 1723 1431 1778 ἔξω,
1466 1726 1677 1780 ἐξέρχεται
1699 1721 1722 1766 ὅ

279 1790 549 1849 πραιπόσιτος
573 1794 647 1835 καί
667 1790 826 1847 εἰσάγει
861 1791 1010 1846 αὐτὸν,
1048 1798 1223 1835 τελεῖται
1255 1794 1301 1834 δὲ
1327 1793 1478 1847 μέχρις
1510 1787 1561 1834 ἂν
1590 1794 1771 1837 κατα-25

328 1906 380 1940 ¹7·
406 1892 687 1931 α’νθυπατίκιον
711 1897 762 1937 R„
789 1893 1057 1930 α’νθυπατικὸν
1081 1894 1158 1928 eod.
1185 1901 1221 1929 et
1243 1895 1298 1928 ed.
1353 1898 1404 1931 18.
1427 1893 1640 1940 α’ποέγοντες
1663 1894 1718 1928 ed.

279 1984 423 2018 Deinde
447 1985 568 2018 velum
593 1987 610 2018 1
641 1986 714 2019 sive
739 1987 948 2031 magistros,
973 1986 1039 2031 qui
1076 1987 1218 2027 omnia,
1243 1990 1284 2018 ut
1307 1996 1384 2018 mos
1412 1989 1484 2026 est,
1507 1983 1719 2029 perficiunt:

281 2032 415 2064 iterum
458 2043 639 2076 egressus,
674 2032 796 2066 velum
828 2034 883 2074 11,
918 2032 1091 2077 patricios
1129 2038 1166 2065 et
1189 2037 1383 2077 strategos,
1406 2036 1597 2077 ceteraque
1619 2031 1723 2073 vela,

283 2077 493 2111 demarchos
518 2087 665 2125 quoque
691 2084 728 2112 et
752 2079 953 2112 scholarum
988 2079 1162 2111 vicarium
1200 2078 1358 2111 adducit.
1406 2078 1445 2112 Si
1467 2088 1552 2110 vero
1575 2077 1720 2111 futurus

280 2125 478 2170 proconsul
502 2125 542 2158 in
565 2126 794 2170 processione
829 2137 904 2159 non
928 2126 1108 2169 ingressus
1135 2129 1207 2166 est,
1232 2125 1438 2170 praeposito
1464 2125 1577 2158 accito
1602 2126 1721 2170 Impe—

281 2177 381 2205 rator
404 2182 538 2206 nomen
562 2172 798 2216 promovendi
823 2172 932 2213 dicit,
968 2172 1029 2206 hic
1053 2172 1327 2212 cerimoniario,
1351 2172 1415 2218 qui
1440 2171 1558 2216 ipsum
1583 2171 1660 2206 exci
1690 2172 1721 2204 i-

283 2230 369 2261 ens,
396 2224 438 2252 ut
462 2229 568 2263 supra
595 2218 639 2251 de
663 2219 870 2264 praeposito
896 2219 1124 2252 observatum
1149 2222 1227 2258 est,
1259 2229 1378 2251 coram
1402 2218 1592 2264 praefectis
1618 2183 1721 2251 cugi-

282 2266 358 2299 culi
381 2266 532 2306 statuit,
560 2269 597 2298 e't
618 2270 841 2310 purpureum
867 2267 1143 2311 quaternionem
1176 2265 1390 2310 Imperatori
1414 2265 1544 2298 tradit:
1570 2266 1723 2298 cerimo-

278 2313 422 2348 iniurius
438 2323 532 2347 vvero
558 2323 638 2345 cum
664 2313 866 2346 silentiario
892 2323 974 2345 eum
998 2313 1038 2345 in
1063 2317 1294 2356 conspectum
1318 2313 1548 2357 Imperatoris
1574 2311 1723 2345 ductum

282 2359 434 2394 adorare
458 2359 642 2406 pedesque
670 2363 707 2392 et
730 2370 846 2405 genua
870 2360 947 2392 eius
973 2359 1127 2392 osculari
1151 2358 1290 2392 iubent.
1339 2361 1465 2393 Postea
1489 2359 1534 2392 ab
1559 2360 1723 2404 Impera-

276 2412 364 2442 >tore
394 2417 617 2454 purpureum
642 2407 919 2452 quaternionem
956 2416 1020 2440 seu
1058 2406 1332 2451 proconsulares
1367 2407 1571 2447 codicillos,
1595 2415 1723 2438 manus

285 2455 365 2489 eius
390 2453 580 2494 osculans,
613 2453 759 2498 recipit,
793 2458 829 2486 et
852 2453 904 2486 ita
929 2458 1125 2486 retrorsum
1150 2451 1348 2486 abductum
1398 2453 1437 2486 in
1461 2453 1582 2486 medio
1608 2452 1723 2485 collo-

280 2506 382 2540 cant,
441 2501 574 2535 Omnes
606 2510 690 2534 vero
722 2500 763 2532 in
794 2501 1024 2545 processione
1060 2500 1213 2544 ingressi
1237 2500 1425 2533 solennem
1449 2499 1721 2539 adorationem,

285 2554 330 2583 ut
352 2559 460 2595 supra
485 2547 529 2581 <le
553 2547 781 2592 promotione
818 2548 1052 2592 patriciorum
1078 2545 1214 2579 «lictum
1239 2552 1312 2588 est,
1337 2546 1522 2585 exhibent,
1569 2545 1659 2593 (11.)
1684 2545 1724 2579 si

285 2607 370 2631 vero
395 2593 672 2642 promovendus.
695 2594 734 2626 in
765 2605 896 2639 pompa
931 2595 1110 2639 ingressus
1136 2603 1210 2626 non
1236 2599 1309 2635 est,
1333 2593 1396 2626 sed
1421 2594 1507 2627 foris
1531 2592 1724 2632 remansit,

286 2642 387 2689 quod
409 2643 450 2676 in
473 2652 605 2687 pompa
630 2641 765 2674 intrare
790 2642 907 2675 maius
941 2646 996 2674 est
1037 2651 1144 2687 quam
1168 2651 1233 2685 pro
1260 2641 1338 2674 eius
1363 2640 1558 2686 dignitate,
1582 2643 1646 2672 aut
1668 2637 1724 2677 si,

287 2690 374 2736 quia
398 2690 578 2735 posterior
602 2687 731 2722 ordine
754 2692 821 2730 est,
846 2688 935 2723 foris
960 2685 1144 2730 substitit,
1171 2697 1331 2733 egressus
1355 2687 1528 2735 patricius
1553 2695 1635 2720 eum
1659 2682 1724 2717 ad-
