1878 3112
283 145 319 199 6
332 145 396 211 14
563 159 926 202 CONSTANTlNl
965 158 1450 203 PoRPHYROGENm
1492 171 1494 174 ⁴

284 266 403 319 φέρει
433 261 458 303 ὅ
483 260 747 317 πραιπὸσιτος
777 261 836 317 τῷ
862 262 1046 313 βασιλεῖ’,
1093 261 1168 301 καί
1195 259 1417 316 προστάξει
1442 262 1519 305 τοῦ
1543 276 1724 319 πραιπο-

283 327 401 369 σι’του
428 327 566 381 κρούει
594 326 729 381 τρίτον
756 323 801 367 τὸ
833 324 1099 381 σκουτάριον,
1148 327 1220 367 καί
1262 329 1512 382 κατέρχεται
1549 327 1572 369 ὅ
1598 330 1724 382 ‚Bam-

281 391 378 441 λεὺς
404 389 508 433 κατά
544 390 616 433 τὸν
643 389 974 447 ἐπικρατήσαντα
1011 390 1142 433 τύπον
1169 396 1250 434 τῶν
1291 391 1604 448 ἱπποδρομίαιν,
1650 396 1726 435 καὶ

281 460 492 513 στέφεται,
521 457 593 498 καὶ
616 455 667 499 τά
695 453 789 511 ἑξῆς
818 458 1125 509 ἐπιτελοῦνται,
1153 456 1297 508 καθώς
1327 456 1416 512 ἔχει
1441 458 1467 513 ἦ
1497 456 1612 510 τάξις
1636 461 1721 502 τῶν

81 520 582 578 Ed.L.355271710(5904412„2„
639 523 716 564 τοῦ
746 524 792 564 δὲ
819 522 1025 575 βασιλέως
1053 521 1241 572 α’νιόντος
1267 524 1328 572 εἷς
1354 522 1401 565 τὸ
1432 522 1623 578 κάθισμα
1647 524 1745 572 καὶὸ

276 587 347 631 τὸν
374 587 475 630 λαὸν
502 587 604 630 κατά
634 587 682 629 τὸ
709 586 863 637 εἰωθὸς
893 587 1324 643 κατασφραγίζοντος,
1357 586 1650 644 ιῖκτολογοῦσιν
1677 588 1718 633 οἶ

278 655 404 710 δῆμοι
432 652 483 695 τά
510 655 669 696 saffira
700 655 864 707 αὐτοῖς,
912 652 986 695 καί
1011 655 1087 695 τοῦ
1112 656 1317 707 βασιλέως
1343 657 1620 706 καθεσθέντος
1647 657 1721 699 ἐπὶ

80 722 355 762 mamerto&
381 719 596 774 βασιλείου
627 718 785 775 θρόνου
803 754 817 773 ,
861 718 932 761 διά
961 717 1165 772 νεύματος
1191 722 1264 762 τοῦ
1293 721 1540 776 ἆκτουαρίου
1572 718 1718 764 ἀποκι-

273 787 399 829 ναῖσιν
430 786 595 841 πρῶτον
621 786 698 839 μὲν
722 784 774 827 τά
806 781 999 840 ἅρματα,
1025 783 1167 827 ἔπειτα
1194 785 1246 828 τὰ
1273 786 1404 828 σκύλα
1430 789 1503 828 καί
1528 785 1715 843 λάφυρα,

270 850 611 899 καῖ’ἆκολούθως
637 850 799 892 τούτων
825 848 875 892 τὰ
905 847 1067 906 δόρατα
1093 849 1200 904 μετὰ
1227 852 1309 894 ταῖν
1339 847 1638 908 φλαμούλλων,
1665 846 1766 902 5-ιο

270 919 394 959 πιθεν
439 917 486 957 δὲ
526 914 687 958 τούτων
727 915 767 958 οἱ
797 917 987 970 δέσμιοι,
1031 918 1105 958 καί
1131 917 1369 972 διέρχονται
1395 915 1442 960 τὰ
1470 919 1599 973 μέρος
1626 919 1710 960 τῶν

271 983 439 1043 δήμων,
467 981 539 1023 καί
563 982 832 1035 κάμπτουσιν,
853 981 926 1024 τὸν
953 983 1028 1024 τοῦ
1060 985 1285 1038 Πρασίνου
1313 980 1520 1037 καμπτὸν,
1559 981 1633 1024 καί
1658 984 1709 1024 α’-ι

269 1049 488 1102 νέρχονται
515 1049 643 1103 μέχρι
669 1051 740 1103 τῆς
769 1049 905 1104 φίνας,
934 1042 1059 1103 ἤγουν
1086 1050 1162 1090 τοῦ
1190 1051 1254 1090 Π.
1308 1047 1381 1090 καί
1404 1049 1446 1090 εἰ
1469 1046 1583 1090 ἔστιν
1607 1046 1710 1098 λαὸς

269 1113 399 1161 πολύς
426 1112 463 1154 οἱ
493 1115 681 1167 δέσμιοι,
725 1115 971 1168 οἷνέρχονται
997 1115 1127 1169 μέχρι
1154 1114 1231 1154 τοῦ
1258 1116 1449 1167 καμπτοῦ
1477 1115 1553 1156 τοῦ
1579 1115 1708 1157 Βενέ*
1736 1163 1739 1166 Α

229 1190 354 1231 Βτου.
408 1177 460 1220 τά
493 1180 539 1220 δὲ
567 1175 699 1221 σκύλα
728 1181 799 1220 καί
825 1179 997 1235 λάφυρα
1022 1179 1096 1220 καί
1122 1172 1291 1234 ἷῖρματα
1326 1181 1499 1223 τιθῶσιν
1527 1181 1567 1224 οἱ
1593 1182 1763 1234 tage-15

269 1247 372 1286 ὤται
397 1244 467 1286 §nc
494 1245 708 1300 διφθερῶν
746 1243 820 1286 καὶ
847 1244 1029 1286 κιλικι’ων
1055 1242 1161 1300 πρὸς
1186 1243 1230 1286 τὸ
1260 1243 1319 1299 μὴ
1348 1248 1619 1302 μολυνθῆναι,
1647 1245 1704 1288 εἴ·

267 1326 314 1351 τε
344 1308 425 1350 α’πὸ
449 1312 525 1351 τοῦ
552 1311 783 1366 κονιορτοῦ,
827 1308 911 1351 εἴτε
939 1308 1020 1351 α’πό
1060 1311 1136 1352 τοῦ
1163 1311 1317 1365 πηλοῦ.
1373 1309 1412 1352 οἱ
1441 1311 1486 1353 δὲ
1515 1313 1704 1367 δημῶται

265 1376 347 1416 τῶν
386 1375 461 1416 δύο
496 1376 634 1430 μερῶν
673 1374 746 1417 καί
783 1374 823 1416 οἳ
857 1377 934 1430 τοῦ
970 1371 1158 1431 ἀριθμοῦ
1192 1374 1266 1417 καὶ
1306 1374 1346 1416 οῖ
1380 1377 1455 1429 τῆς
1483 1379 1702 1432 βασιλικῆς

269 1440 414 1488 ου’σιάς
440 1436 583 1481 ἐλάται
609 1441 683 1481 καί
710 1438 750 1481 οἱ
775 1438 934 1494 ψάλται
960 1441 1145 1482 ἵστανται
1174 1442 1389 1482 κατέναντι
1415 1441 1489 1482 τοῦ
1517 1440 1698 1497 ὄργάνου

265 1506 344 1546 τοῦ
372 1503 620 1560 Πρασίνου,
660 1504 734 1547 καὶ
766 1503 837 1547 διὰ
873 1502 1074 1559 νεύματος
1108 1507 1182 1547 τοῦ
1220 1506 1464 1562 ἄκτουαριόυ
1495 1501 1766 1562 ἅρχονταιασ

266 1566 470 1626 εὖφημεῖν
506 1569 579 1626 τὴν
616 1568 929 1627 προρᾘηθεΐσαν
968 1571 1152 1626 μεγάλην
1189 1571 1404 1627 εὕφημίαν
1443 1573 1520 1613 τοῦ
1556 1573 1602 1615 ἐν
1641 1573 1701 1630 τῷ

267 1635 384 1693 φόρῳ
419 1634 526 1689 μετὰ
564 1637 636 1691 τῆς
672 1638 788 1692 λιτῆς
828 1637 1074 1690 τελουμένου
1116 1635 1330 1693 θριάμβου
1358 1637 1443 1679 τῶν
1472 1637 1704 1681 ἐπινικίων.-

265 1793 464 1838 praepositi
489 1798 591 1827 sonat
613 1794 792 1838 pulsatum
814 1797 870 1827 ter
892 1799 1044 1834 scutum,
1069 1797 1106 1827 et
1132 1792 1320 1827 descendit
1350 1792 1548 1838 Imperator
1571 1803 1700 1828 secun-

267 1839 351 1872 dum
374 1845 497 1884 typum
531 1839 754 1873 obtinentem
778 1841 817 1874 in
841 1841 1060 1874 circensibus
1095 1841 1322 1884 spectaculis,
1360 1845 1397 1873 et
1431 1839 1627 1881 infulatur,
1661 1845 1714 1874 et·

265 1886 358 1919 fiunt
381 1893 518 1928 cetera,
543 1892 584 1919 ut
607 1887 838 1920 cerimoniale
861 1887 1071 1920 circensium
1097 1886 1263 1921 ludorum
1287 1897 1408 1921 secum
1432 1884 1513 1920 fert.
1562 1886 1711 1932 Ascenff

265 1932 322 1965 dit
348 1932 514 1978 deinceps
540 1933 790 1977 Imperatoria
814 1933 983 1967 cathisma
1009 1945 1071 1966 seu
1095 1934 1270 1975 tribunal,
1295 1935 1333 1966 in
1358 1943 1430 1978 quo
1458 1931 1618 1967 residere
1637 1944 1700 1966 su-

262 1988 329 2023 per
365 1978 494 2012 throno
521 1981 559 2012 in
593 1979 689 2013 ludis
723 1981 841 2020 solet,
875 1981 1137 2027 populumque,
1167 1986 1209 2014 ut
1227 1991 1303 2014 mos
1338 1984 1414 2019 est,
1447 1978 1548 2024 signo
1582 1978 1697 2011 crucis

263 2025 391 2068 signat.
441 2026 522 2070 Quo
548 2025 641 2060 sacto
658 2052 667 2067 ‚
694 2026 867 2060 factiones
900 2031 1087 2060 consuetas
1122 2026 1245 2060 laudes
1271 2026 1434 2059 recitant.
1492 2025 1540 2058 Ut
1561 2023 1697 2058 resedit

263 2070 463 2115 Imperator
488 2083 595 2116 super
623 2073 752 2106 throno
777 2074 898 2118 regio,
935 2072 999 2106 dat
1022 2074 1198 2106 actuarius
1226 2078 1317 2108 nutu
1345 2073 1506 2115 signum,
1537 2076 1574 2104 et
1596 2071 1692 2104 inei—

262 2119 370 2161 piunt
403 2129 421 2150 e
449 2119 527 2151 loco
551 2130 615 2151 suo
634 2130 842 2163 promovere
866 2119 1020 2163 primum
1037 2130 1156 2160 arma,
1193 2118 1263 2166 [vel
1293 2118 1355 2164 qui
1376 2122 1475 2150 scuta
1498 2122 1536 2150 et
1553 2116 1710 2163 gladios*

265 2168 386 2207 captos
416 2163 586 2210 gerunt;]
620 2170 696 2197 tum
730 2165 918 2198 manubiae
959 2170 996 2198 et
1023 2164 1197 2208 praedae3
1234 2164 1402 2208 deinceps
1434 2162 1576 2205 hastae,
1613 2168 1693 2198 tum

262 2209 439 2251 flamulla3
473 2215 554 2254 post
580 2221 622 2243 ea
647 2211 790 2244 tandem
823 2211 965 2254 captivi.
1014 2211 1219 2244 Transeunt
1250 2210 1290 2243 hi
1314 2221 1377 2253 per
1403 2209 1541 2254 plagam
1565 2209 1708 2244 demo-³

262 2266 342 2288 rum
381 2255 455 2303 [seu
489 2256 662 2300 graduum
699 2257 933 2297 circensium,
958 2258 1010 2290 ‘in
1049 2257 1179 2302 quibus
1208 2257 1382 2290 sactiones
1414 2261 1507 2289 stare
1535 2255 1688 2304 solent‚]

263 2312 339 2334 eam
360 2326 371 2343 ‚
405 2310 510 2348 quam
541 2308 626 2335 tunc
659 2302 847 2344 obtinent,
883 2309 920 2336 et
949 2303 1099 2336 flectunt
1126 2305 1218 2336 circa
1244 2307 1376 2336 metam
1410 2301 1578 2336 factionis
1605 2304 1705 2336 rra-⁴

262 2348 382 2389 sinae,
408 2354 444 2382 et
458 2354 671 2393 promovent
688 2359 801 2395 usque
817 2348 862 2381 ad
881 2349 968 2381 finas
985 2348 1037 2396 [id
1054 2353 1108 2382 est
1121 2350 1209 2381 fines
1230 2350 1287 2382 vel
1304 2347 1474 2395 extrema]
1491 2358 1553 2382 seu
1565 2349 1611 2382 ad
1633 2351 1686 2382 ΙΙ.
1701 2365 1705 2368 ,

260 2393 401 2439 Quodsi
431 2401 550 2428 autem
594 2395 719 2439 ingens
755 2395 859 2429 turba
887 2396 935 2428 sit
956 2395 1194 2440 captivorum,
1219 2396 1484 2440 protenduntur
1506 2405 1620 2441 usque
1640 2394 1706 2428 ad-

258 2446 390 2474 metam
412 2441 644 2478 Venetorum,
691 2441 858 2475 Induvias
891 2441 1142 2488 reliquamque
1176 2442 1346 2487 praedam
1377 2446 1414 2475 et
1442 2452 1538 2474 arma
1559 2441 1686 2486 depo-

257 2492 350 2520 nunt
379 2488 604 2532 praesidiarii
627 2499 735 2534 super
755 2488 952 2522 renonibus
981 2493 1018 2521 et
1034 2499 1142 2533 super
1167 2489 1295 2522 ciliciis
1325 2488 1396 2535 [vel
1413 2488 1536 2522 crassis
1563 2488 1705 2522 densis

258 2532 376 2580 filtris]
391 2559 400 2574 ‚
422 2545 468 2568 ne
490 2535 658 2567 sciliceta
675 2535 822 2579 pulvere
839 2544 993 2568 caenovc
1014 2532 1259 2580 inquinentur.
1286 2535 1476 2580 Populares
1497 2534 1702 2568 ambarum.-

256 2579 453 2613 factionum
480 2587 516 2614 et
536 2582 668 2614 milites
696 2581 839 2615 arithmi
865 2591 1126 2626 corporumque
1153 2592 1329 2615 sacrorum
1356 2582 1505 2624 remiges
1530 2586 1567 2613 et
1593 2590 1703 2614 can-·

255 2630 350 2659 tores
375 2632 470 2659 stant
495 2639 513 2659 e
531 2629 675 2671 regione
692 2627 826 2671 organi,
852 2627 949 2673 quod
970 2627 1132 2661 prasinae
1151 2628 1263 2672 partis
1289 2633 1354 2669 est,
1373 2632 1591 2672 acceptoque
1614 2637 1680 2672 per
1697 2645 1702 2649 -

255 2672 406 2706 actuarii
435 2679 560 2708 nutum
586 2675 706 2718 signo,
735 2674 914 2719 incipiunt
937 2675 1093 2718 prolixas
1119 2675 1200 2707 illas
1230 2674 1354 2708 laudes
1384 2674 1559 2713 recitare,
1590 2684 1678 2719 quas

254 2726 359 2761 supra
382 2720 693 2767 praescripsimus,
717 2731 826 2768 quum
851 2722 1063 2756 cerimonias
1094 2721 1268 2766 triumphi
1307 2732 1386 2756 cum
1419 2719 1704 2756 submissa-‘era
