1878 3112
305 90 419 159 448
571 108 835 152 APPEme
873 108 947 149 An
987 104 1189 149 mmmm
1226 107 1440 150 ramum

306 214 369 253 λει
411 209 757 264 διαβιβάζεσθαι,
803 210 874 252 καί
901 207 1005 250 ἔνθα
1030 207 1161 264 πόρον
1189 208 1210 252 ὅ
1234 206 1418 263 ποταμὸς
1445 206 1523 252 οὔκ
1549 207 1660 266 ἔχει·
1695 212 1740 253 8-

307 290 426 328 κτον,
455 276 748 330 παραγγέλλειν
773 280 858 323 τοῖς
893 277 1115 323 πολιτικοῖς
1143 269 1372 330 ἄρχουσιν,
1415 274 1483 317 ἵνα
1509 273 1610 324 ’τούς
1636 275 1740 318 ἄποι-

305 339 506 393 μένοντας
533 340 615 379 τῶν
656 339 921 394 στρατιωτῶν
947 339 1247 393 καταβάγειαν,
1288 341 1365 390 ἕως
1393 337 1507 389 τινός
1531 342 1610 393 μὲν
1634 331 1741 396 χρό-

306 421 378 447 νου
417 403 646 446 ἐλαύνωσιν
685 404 744 452 εἰς
770 402 817 445 τὸ
845 405 1073 457 ταξείδιον,
1127 402 1230 457 μετὰ
1261 405 1308 447 δὲ
1336 403 1382 446 τὸ
1418 400 1643 458 α’ποβαλεῖν
1667 402 1740 448 τὸν

306 467 432 522 λαὸν,
462 470 531 511 ἵνα
560 468 795 525 κρύπτωσιν
823 467 977 520 αὐτούς
1006 471 1211 522 δεσμίους.
1266 468 1391 519 αὐτὸς
1417 471 1463 512 δὲ
1491 469 1512 513 ὃ
1537 468 1772 524 βασιλεῦςό

305 533 379 576 τὸν
403 534 552 590 χρόνον
579 536 654 575 τοῦ
683 533 890 585 ταξειὸίου
919 538 1016 577 καθ’
1044 531 1196 577 ἑαυτὸν
1233 534 1382 591 ὁρίσας
1421 537 1494 578 καί
1532 534 1634 591 πρὸς
1671 533 1742 578 τὸν

303 596 456 656 χρόνον
493 597 831 654 ἐπιλογισάμενος
870 599 918 643 τὸ
951 602 1096 656 χρῆμα
1138 599 1210 642 καί
1243 599 1318 656 τήν
1355 595 1483 656 ἄλλην
1523 599 1742 656 βασιλικήν

259 678 287 712 13
300 665 449 720 χρείαν
463 696 475 719 ,
516 665 716 721 ἐπέτρεπε
742 667 798 721 τῷ
823 680 867 707 τε
903 667 1160 724 σακελλαρίῳ
1188 666 1261 707 καὶ
1286 665 1345 723 τῷ
1380 666 1742 723 πρωτοβεστιαρίῳ

306 731 380 771 καί
407 730 463 787 τῷ
501 728 815 786 μινσουρὰτωρι
849 729 922 772 καὶ
947 731 1005 788 τῷ
1044 731 1271 789 δομεστίκῳ
1299 731 1372 786 τῆς
1398 729 1654 787 ὑπουργίας,
1698 730 1743 772 ἓ-

310 810 463 837 καστον
501 793 608 837 κατὰ
646 794 723 850 τήν
760 796 872 838 ἰδίαν
910 795 1141 852 ὑπηρεσίαν
1167 795 1271 839 κατὰ
1299 794 1371 839 τὸν
1398 794 1620 852 ὁρισθέντα
1644 792 1800 852 χρό-ιο

307 876 376 903 νον
404 862 699 916 ἀπαριθμῆσαι
726 860 780 903 τὰ
811 860 1078 918 φορταὶματα,
1108 860 1249 904 πόσων
1276 860 1522 917 σαγμαρίων
1547 861 1645 914 εἰσί,
1674 858 1751 902 καὶ

308 925 471 967 τούτων
507 923 581 967 τὸν
622 924 809 982 ἀριθμὸν
860 925 1125 978 α’ναὸιδάξαι.
1180 924 1319 980 λαβών
1362 927 1409 968 δὲ
1445 923 1520 969 τὸν
1564 923 1750 982 ἆριθμὸν

310 991 392 1033 τῶν
420 993 663 1046 σαγμαρίων
703 989 776 1033 καὶ
805 989 1055 1047 προσλαβών
1096 992 1169 1034 καί
1216 986 1345 1046 ἄλλην
1385 989 1629 1047 προσθήκην
1677 988 1750 1032 διά

311 1072 358 1098 τε
383 1054 433 1097 τοὶ
459 1055 728 1109 χωλευόμενα
755 1058 828 1098 καί
855 1055 905 1098 τά
933 1054 1230 1112 κονὸριζόμενα
1270 1053 1431 1109 αὐτῶν,
1470 1057 1667 1112 ἐπέτρεπε
1693 1054 1752 1111 τῷ

313 1136 359 1162 τε
386 1119 531 1174 κόμητι
558 1122 630 1161 τοῦ
656 1119 838 1174 στάβλου
867 1120 940 1163 καί
964 1124 1023 1178 τῷ
1038 1123 1233 1178 λογοθέτῃ
1249 1125 1330 1163 τῶν
1351 1117 1509 1176 ‹lycaei-'v
1536 1122 1798 1176 συστῆσαιιό

277 1183 388 1228 cmiv
428 1184 612 1240 ἀριθμὸν
638 1186 723 1227 τῶν
750 1188 1018 1242 σαγμαρίων,
1058 1184 1117 1228 ἔτι
1149 1187 1194 1228 δὲ
1222 1185 1294 1228 καί
1315 1188 1400 1228 τῶν
1427 1187 1652 1239 βασιλικῶν
1678 1183 1750 1226 ἱπ-

314 1248 478 1305 παρίων
513 1252 586 1291 καί
625 1244 761 1293 ἄλλων
794 1251 916 1293 τινῶν
953 1253 1110 1304 ἵππων,
1159 1246 1239 1292 ὅσα
1274 1246 1325 1293 ἂν
1367 1248 1578 1305 ἐβουλήθη
1616 1251 1676 1298 εἷς
1701 1247 1750 1291 τὸ

315 1314 470 1370 κίνημα
507 1316 656 1356 δοῦναι
683 1312 744 1364 οἷς
785 1314 910 1365 αὐτὸς
937 1315 1124 1358 ἐκέλευεν
1134 1349 1148 1369 ,
1186 1315 1343 1369 ὁμοίως
1370 1317 1442 1357 καί
1466 1313 1569 1357 κατοὶ
1599 1313 1676 1370 τήν
1704 1312 1751 1356 ὅ·-

316 1379 418 1433 δὸν,
460 1377 547 1423 οἷον
582 1379 879 1436 στρατιώταις,
925 1380 1158 1437 πρόσφυξιν
1175 1413 1187 1435 ,
1217 1375 1396 1436 ἄρχουσι
1423 1382 1496 1423 καί
1519 1385 1603 1430 τοῖς
1631 1379 1752 1433 ὅμοι’-

319 1460 396 1495 οις.
434 1445 507 1487 καί
530 1446 660 1487 ταῦτα
696 1446 743 1486 δὲ
770 1446 902 1489 πάντα
945 1444 1170 1502 διοικήσας,
1201 1442 1325 1504 ὥριζε
1353 1445 1426 1489 τὸν
1452 1448 1497 1489 ἐκ
1523 1444 1808 1503 προσώπουαο

319 1592 449 1627 fluvius
473 1602 549 1626 non
572 1591 742 1636 vadosus;
780 1596 942 1632 sextum,
979 1596 1022 1625 ut
1053 1591 1298 1636 significarent
1327 1589 1612 1636 mandarentque
1636 1588 1756 1623 civili-

318 1638 390 1674 bus
423 1638 711 1684 magistratibus,
747 1649 809 1672 eos
847 1639 1002 1679 milites,
1041 1639 1105 1684 qui
1130 1637 1267 1683 absque
1298 1637 1405 1670 venia
1438 1636 1692 1671 retromansuri
1719 1639 1758 1668 et

321 1691 436 1719 castra
459 1696 534 1719 non
563 1686 720 1719 secuturi
746 1690 885 1726 essent,
923 1685 1084 1718 sinerent
1119 1686 1295 1728 tantisper
1319 1683 1434 1717 libere
1460 1683 1604 1727 vagari,
1638 1679 1759 1728 quoad

322 1733 450 1778 copiae
474 1733 513 1766 in
539 1742 660 1777 agrum
682 1731 851 1766 hostilem
875 1731 1054 1764 immissae
1079 1729 1235 1774 fuerint;
1270 1735 1355 1775 post
1377 1729 1470 1762 illud
1492 1728 1663 1774 temporis
1690 1739 1758 1762 au-

320 1785 416 1820 tem,
449 1784 491 1812 ut
516 1788 576 1811 eos
610 1777 884 1822 comprehensos
916 1779 955 1810 in
991 1777 1134 1810 vincula
1162 1782 1200 1810 et
1223 1776 1422 1810 custodiam
1446 1774 1632 1809 abderent.
1681 1774 1759 1807 De-

320 1824 410 1858 inde
435 1822 577 1858 solebat
601 1825 800 1868 Imperator
833 1823 1114 1870 [Constantinus
1139 1822 1308 1869 Magnus]
1347 1828 1490 1868 tempus
1516 1820 1759 1865 expeditionis

322 1871 474 1917 eiusque
501 1871 776 1904 diuturnitatem
801 1881 921 1904 secum
946 1871 1164 1903 constituere
1201 1874 1238 1903 et
1264 1869 1442 1902 calculum
1464 1868 1580 1908 inire,
1621 1871 1757 1913 quanta

320 1916 392 1962 ipsi
431 1918 589 1962 pecunia*
627 1921 663 1950 et
695 1921 829 1962 quanto
867 1916 939 1949 alio
970 1921 1142 1961 apparatu
1166 1915 1214 1947 ad
1237 1914 1505 1960 expeditionem
1529 1919 1602 1948 tam
1626 1917 1663 1946 et
1685 1918 1758 1946 tam

322 1963 529 1997 diuturnam
550 1964 706 1997 futuram
731 1974 819 2009 opus
844 1963 912 2005 εἰη
938 1961 1204 2007 mandabatque
1227 1961 1382 2006 proinde
1405 1960 1591 1995 sacellario
1614 1964 1651 1993 et
1672 1969 1760 2004 pro-

320 2011 531 2043 tovestiario
565 2015 602 2043 et
627 2009 865 2043 mensuratori
891 2013 927 2041 et
950 2007 1144 2041 domestico
1180 2007 1376 2052 hypurgiae
1418 2018 1480 2040 seu
1503 2005 1672 2039 famulitii
1696 2016 1760 2038 cu-

320 2055 474 2096 linaris‚
507 2059 549 2088 ut
573 2065 697 2088 eorum
733 2056 983 2100 unusquisque
1021 2055 1060 2087 in
1087 2064 1128 2086 ea
1154 2059 1253 2096 parte
1287 2053 1565 2092 sollicitudinis,
1597 2062 1688 2096 quae
1713 2049 1762 2083 ad

322 2113 362 2135 se
389 2107 587 2146 spectaret,
621 2106 710 2146 quot
736 2112 846 2134 onera
871 2104 960 2146 quot
985 2099 1238 2145 sagmariorum
1266 2098 1452 2144 expeditio
1476 2097 1636 2138 definiti,
1661 2095 1761 2143 quod

323 2146 485 2188 edebat,
521 2148 692 2191 temporis
728 2147 906 2193 requirat,
939 2149 1172 2190 supputaret;
1207 2146 1414 2191 scriptoque
1440 2145 1688 2189 consignatum
1713 2143 1763 2175 il-

323 2193 402 2227 lum
446 2193 620 2227 calculum
656 2192 728 2226 sibi
753 2196 974 2225 monstraret.
1022 2191 1154 2225 Nactus
1191 2193 1332 2224 numeri
1369 2192 1626 2236 sagmariorum
1659 2187 1761 2223 indi-

324 2242 447 2281 cium,
483 2244 520 2272 et
544 2244 677 2283 quanto
705 2239 751 2272 sit
777 2249 866 2283 opus
902 2238 1151 2282 supplemento
1185 2235 1312 2270 hestiis
1342 2236 1440 2278 illis,
1467 2247 1555 2283 quas
1586 2241 1649 2270 aut
1673 2237 1762 2270 fati-

327 2287 491 2332 gationes
527 2286 604 2318 viae
635 2284 776 2318 claudas
813 2289 849 2317 et
874 2283 992 2316 labori
1023 2285 1163 2328 ineptas
1193 2285 1410 2324 effecturae‚
1446 2287 1509 2316 aut
1568 2283 1760 2328 raecipites

327 2334 456 2367 ruinae
482 2341 624 2376 prorsus
649 2331 915 2365 exanimaturae
946 2335 1087 2371 essent3
1113 2328 1310 2363 mandabat
1335 2329 1458 2364 comiti
1485 2334 1538 2363 sta
1566 2329 1619 2362 uli
1644 2334 1681 2362 et
1702 2339 1763 2361 ra-

325 2379 459 2413 tionali
483 2389 645 2423 gregum,
679 2382 721 2410 ut
746 2381 912 2410 curarent
935 2376 974 2408 in
996 2380 1140 2421 promtu
1165 2380 1275 2420 atque
1307 2375 1443 2410 mundo
1468 2387 1545 2410 esse
1575 2385 1765 2408 numerum

326 2425 508 2459 mulorum
533 2425 787 2468 sagmariorum
813 2421 1012 2463 indictum,
1034 2427 1070 2455 et
1096 2432 1206 2466 equos
1233 2428 1417 2466 praeterea
1433 2447 1442 2462 ,
1467 2427 1542 2456 tam
1566 2422 1681 2466 regios
1705 2431 1766 2454 re·

328 2472 471 2517 giisque
496 2469 620 2504 usibus
652 2470 736 2503 solis
763 2468 980 2508 destinatos,
1015 2478 1120 2514 quarn
1146 2468 1260 2508 alios,
1295 2479 1385 2515 quos
1409 2470 1607 2513 Imperator
1631 2472 1695 2501 aut
1718 2466 1766 2500 acl

328 2516 525 2552 ineundam
562 2517 829 2560 expeditionem
860 2516 1005 2555 amicis,
1039 2513 1170 2560 quibus
1196 2515 1275 2558 ipse
1299 2515 1412 2556 velit,
1447 2520 1511 2548 aut
1536 2516 1576 2547 in
1598 2514 1677 2560 ipsa
1700 2524 1766 2547 ex-

328 2563 518 2609 peditione
543 2563 743 2602 militibus,
767 2560 931 2594 hostibus
956 2561 993 2594 in
1018 2571 1080 2593 sua
1106 2565 1216 2593 castra
1243 2561 1473 2601 transituris,
1510 2561 1597 2594 item
1620 2571 1767 2593 suorum

331 2610 463 2655 quibus
499 2609 621 2655 aliqua
653 2608 805 2653 dignitas
829 2607 997 2641 militaris
1020 2612 1056 2640 et
1088 2607 1284 2640 auctoritas
1320 2607 1482 2647 adesset,
1517 2605 1768 2651 similibusque

330 2656 414 2689 aliis
439 2655 646 2690 hominibus
675 2653 824 2690 honoris
857 2654 970 2700 gratia
1019 2654 1059 2690 in
1079 2653 1329 2701 praemiumve
1379 2653 1577 2698 largiretur.
1625 2650 1689 2689 ni·
1714 2655 1767 2688 ita
