1878 3112
259 83 371 139 330
554 103 913 147 CONSTANTlm
953 100 1438 146 PORPHYROGENm

257 206 351 260 γῆς,
397 211 544 261 κρατεῖ
563 204 663 254 τούς
690 203 823 253 πόδας
850 205 925 246 τοῦ
953 205 1124 261 πρώτου
1151 203 1352 261 ἡνιόχου·
1407 203 1447 247 οἶ
1475 204 1522 246 δὲ
1548 203 1714 260 ἧνίὸχοσ

267 270 550 325 λαμβάνοντες
577 268 629 312 τὰ
658 268 850 324 ἔπαθλα,
898 271 1141 327 ἐξέρχονται
1168 273 1240 313 καί
1277 272 1468 314 ἵστανται
1493 269 1716 312 κατέναντι

227 338 341 378 Βτοῦ
369 335 527 392 δήμου,
567 336 971 392 κατασφραγιζοντες
999 335 1102 388 τούς
1129 334 1360 386 δεσπότας.
1414 335 1636 393 κράζσντος
1663 334 1711 376 δὲ

260 403 338 444 τοῦ
365 402 499 457 δήμου
528 400 634 457 πρὸς
671 400 744 444 τὸν
768 403 946 456 βασιλέα
988 401 1040 444 τὰ
1073 398 1182 445 ἄκτα
1212 406 1296 446 τῶν
1324 400 1522 445 ἐπάθλων
1549 402 1623 457 τῆς
1648 401 1712 443 νί-

241 485 349 523 λκης,
379 468 706 510 ἀποστέλλουσιν
735 466 774 510 οἱ
803 466 1002 516 δεσπόται
1028 467 1082 511 τὰ
1112 467 1278 511 ἔπαθλα
1303 476 1391 518 τοῖς
1414 467 1608 525 ἡνιόχοις,
1638 464 1741 523 ‹lq—5

261 532 404 576 λονὸτι
442 531 600 585 ἔξωθεν
642 530 783 576 αὕτῶν
821 533 1055 589 ἱσταμένων
1094 534 1261 591 ἀντικρὺ
1300 537 1384 579 τᾶν
1427 534 1586 590 δήμων.
1639 534 1713 575 καί

260 597 345 642 εἶθ’
371 596 506 650 οὕτως
533 603 640 655 λέγει
659 599 680 642 ὃ
711 602 842 656 δῆμος
869 600 973 658 πρὸς
1000 599 1098 653 τοὺς
1124 601 1336 659 ἦνιόχους·
1373 601 1613 657 ,,ἆπέλθατε
1640 598 1715 641 καὶ

259 661 439 718 εὔξασθε
464 665 564 717 τούς
592 666 836 717 δεσπότας.”
892 669 966 711 καί
992 668 1293 724 ἀπερχομένων
1333 667 1473 710 αὐτῶν
1498 665 1625 708 πάλιν
1652 666 1712 714 εἰς

258 731 305 776 τὸ
331 734 496 787 στάμα,
524 734 758 790 εἰσέρχεται
783 738 872 788 μετ’
901 735 1047 778 αὐτῶν
1074 734 1095 777 ὅ
1125 734 1347 791 βηγάριος,
1373 735 1449 776 καὶ
1476 731 1712 776 πιπτόντων

259 800 342 842 τῶν
370 798 581 856 ἡνιόχων,
631 799 770 842 πίπτει
797 800 870 844 καὶ
897 799 920 843 ὅ
947 801 1170 858 βηγάριος,
1213 800 1288 843 καί
1313 802 1474 858 κρατῶν
1500 798 1575 842 τόν
1602 796 1772 841 addam

259 867 337 907 τοῦ
365 867 668 923 φακτιοναριόυ
695 865 806 920 μετὰ
835 865 911 923 τὴν
940 866 1167 924 ἀριστερὰν
1207 873 1358 924 χεῖρα,
1408 864 1516 920 μετὰ
1542 867 1617 920 τῆς
1635 867 1715 907 as-

262 932 354 983 ξιᾶς
381 933 724 988 κατασφραγίζει,
755 932 778 975 ὅ
809 933 856 975 δὲ
883 932 1108 989 ἐπιστάτης
1136 934 1303 976 ἵσταται
1331 934 1390 983 εἰς
1416 931 1468 975 τὰ
1499 932 1612 984 δεξιὰ
1639 931 1716 973 τοῦ

58 999 578 1054 Μ8,,35,Ῑ,φακτιοναριὀυ.
633 997 811 1042 α’πολύει
838 1000 886 1042 δὲ
914 998 938 1042 ὅ
966 998 1166 1054 βασιλεὺς
1193 998 1294 1050 τούς
1320 997 1515 1055 ἡνιόχους
1524 1032 1538 1051 ,
1567 996 1640 1040 καί
1665 997 1717 1039 ἆ·-

261 1062 535 1119 ναβαι’νουσιν
557 1066 617 1115 εἷς
643 1063 690 1108 τό
721 1061 853 1122 ἅρμα,
883 1068 958 1109 καί
978 1065 1200 1116 σάσσοντες
1227 1061 1318 1122 ἦτοι
1345 1066 1583 1122 χορεύοντες
1607 1062 1717 1118 κάμ-

224 1146 427 1185 ςπτουσι,
454 1132 528 1174 καί
558 1131 841 1187 ἀπερχόμενοι
869 1130 977 1188 πρὸς
1003 1131 1075 1175 τὸν
1102 1131 1210 1175 ἴδιον
1238 1133 1398 1186 δῆμον,
1427 1125 1771 1188 κατασφραγί-ΙΕ

264 1200 386 1250 ζουσι
413 1198 487 1239 καί
513 1197 810 1252 ἀναχωροῦσιν
820 1232 833 1252 ,
884 1198 1075 1248 ἀπιόντες
1102 1196 1206 1253 πρὸς
1233 1196 1283 1240 τά
1315 1196 1539 1252 κάγκελλα.
1592 1198 1712 1249 μένει

266 1265 316 1306 δὲ
346 1263 370 1305 ὅ
400 1263 624 1319 ἐπιστάτης
647 1262 754 1317 μετὰ
784 1265 861 1306 τοῦ
884 1266 1089 1320 βηγαρίου
1115 1264 1173 1313 εἰς
1197 1263 1242 1306 τὸ
1281 1262 1447 1317 mapa,
1492 1261 1712 1315 ἱστάμενοι

260 1329 387 1386 ὄρθοί
412 1328 486 1371 καί
515 1331 944 1386 κατασφραγίζοντες.
1005 1332 1117 1387 (Β.)
1158 1330 1207 1373 Ὁ
1244 1330 1290 1372 δὲ
1328 1326 1524 1384 βασιλεῦς
1553 1326 1713 1370 κελεύει

259 1397 440 1452 δοθῆναι
467 1392 713 1452 αὗριγάριον
739 1394 784 1438 τὸ
815 1395 1034 1450 λεγόμενον
1062 1395 1263 1452 δημόσιον
1291 1396 1364 1438 καί
1391 1397 1607 1437 κασσίδισν
1633 1394 1711 1450 ἆρ-

259 1464 417 1520 γυροῦν
444 1461 596 1516 σεμνὸν
623 1463 697 1504 καί
721 1460 766 1505 τὸ
796 1460 966 1515 ζωστόν.
1021 1465 1329 1518 κατερχομένου
1359 1463 1406 1504 δὲ
1430 1463 1505 1504 τοῦ
1532 1460 1772 1502 &nova-20·

261 1528 357 1586 ριόυ
387 1528 462 1570 καί
489 1524 795 1583 όψικευομὲνου
824 1525 904 1571 ὑπὸ
932 1528 1100 1572 πάντων
1120 1531 1205 1571 τῶν
1228 1526 1496 1585 κουρσοόρων,
1524 1525 1716 1582 δηλονότι

263 1596 392 1650 τριῶν
418 1594 685 1651 κουρσιόρων,
713 1595 1021 1649 βασταζόντων,
1048 1598 1122 1638 τοῦ
1147 1598 1227 1649 μὲν
1251 1593 1298 1637 τὸ
1326 1591 1584 1650 αὕριγάριον,
1613 1587 1717 1647 ὅπερ

223 1661 363 1707 Βὲστί
386 1661 434 1703 τὸ
465 1659 686 1716 δημόσιον,
724 1662 800 1704 τοῦ
828 1662 875 1703 δὲ
902 1659 949 1703 τὸ
977 1663 1221 1716 κασσίδιον,
1270 1663 1348 1703 τοῦ
1393 1661 1439 1701 δὲ
1466 1658 1513 1700 τὸ
1545 1656 1718 1710 ζωστόν.

263 1723 356 1771 εἶτα
386 1728 566 1770 ἐπιδίδει
594 1724 615 1768 ὃ
646 1723 897 1784 ἇκτουάριος
919 1727 965 1771 τὸ
994 1730 1074 1783 μὲν
1103 1724 1352 1786 αὖριγάριον
1380 1726 1441 1776 εἷς
1467 1723 1542 1776 τὰς
1565 1730 1719 1782 χεῖρας

359 1846 393 1879 7,
417 1832 600 1867 ἀπέλθετε
627 1833 682 1869 ed.
782 1846 834 1870 11.
857 1838 994 1882 χεῖραν
1018 1834 1102 1869 cod..
1197 1846 1248 1869 12.
1274 1833 1482 1882 σφραγίζει
1508 1832 1565 1866 ed.
1659 1829 1720 1876 24.

356 1879 532 1915 ἐπιδιδοῖ
548 1879 604 1915 ed.

265 1968 375 2014 primi
404 1967 550 2012 aurigae
580 1968 691 2012 pedes
720 1968 974 2012 amplectitur,
1017 1969 1163 2014 aurigae
1189 1978 1298 2008 vero,
1331 1965 1487 2010 acceptis
1523 1962 1717 2010 praemiis,

269 2014 463 2047 discedunt
491 2019 528 2047 et
558 2020 643 2047 ante
674 2015 889 2056 factionem,
924 2026 1028 2048 cruce
1059 2015 1237 2048 Dominos
1260 2014 1469 2057 signantes,
1501 2010 1718 2043 subsistunt.

265 2061 408 2105 Populo
423 2066 565 2101 autem,
591 2073 684 2106 quae
704 2062 742 2095 in
763 2063 1008 2106 praemiorum
1023 2062 1284 2094 distributione
1308 2059 1452 2092 recitari
1474 2058 1611 2098 solent,
1637 2061 1718 2088 acta

267 2108 466 2148 recitante,
501 2108 650 2142 Domini
684 2109 838 2154 aurigis,
883 2108 972 2141 foris
1006 2109 1145 2141 scilicet
1172 2112 1256 2140 ante
1286 2107 1482 2139 factionem
1514 2103 1718 2144 stantibus,

266 2155 430 2200 praemia
458 2155 618 2188 mittunt.
667 2156 771 2189 Tunc
801 2155 959 2200 populus
990 2155 1037 2188 ad
1062 2155 1203 2199 aurigas
1216 2165 1227 2187 :¹
1258 2152 1444 2188 Discedite
1489 2159 1524 2188 et
1550 2151 1719 2185 Dominis

267 2204 372 2238 laeta
390 2203 667 2248 apprecamini3
694 2202 828 2247 quibus
852 2202 898 2234 ad
922 2203 1116 2235 stationem
1138 2213 1261 2234 rursus
1289 2198 1532 2240 abeuntibus,
1557 2197 1719 2242 bigni-ius

269 2260 350 2282 cum
365 2249 453 2293 ipsis
475 2249 606 2288 intrat,
633 2254 670 2282 et
686 2249 959 2293 procidentibus
975 2250 1129 2293 aurigis,
1156 2249 1232 2293 ipsc
1250 2257 1396 2293 quoque
1420 2243 1648 2291 procumbit,
1677 2254 1718 2276 ac

267 2296 415 2329 sinistra
440 2307 549 2331 manu
578 2296 786 2328 factionarii
815 2297 945 2340 pedem
971 2302 1117 2337 tenens,
1143 2296 1268 2328 dextra
1298 2294 1434 2338 signat,
1459 2291 1642 2336 praefecto
1668 2290 1717 2323 ad

268 2343 434 2376 dextram
459 2342 665 2378 factionarii
683 2344 891 2376 constituto.
939 2343 1115 2388 Aurigae,
1140 2342 1185 2374 ab
1204 2343 1425 2387 Imperatore
1446 2340 1608 2380 dimissi,
1635 2349 1717 2371 cur-

269 2402 331 2423 rus
361 2390 630 2431 conscendunt,
656 2401 697 2422 ac
728 2391 898 2423 saltantes
925 2401 988 2423 seu
1013 2389 1256 2434 tripudiantes
1296 2389 1511 2427 deflectunt,
1549 2386 1595 2418 ad
1615 2396 1719 2419 suam

269 2438 468 2471 factionem
486 2438 640 2478 reversi,
664 2447 743 2470 eam
762 2438 918 2482 signant,
943 2443 980 2471 et
992 2437 1038 2469 ad
1051 2437 1229 2471 cancellos
1240 2437 1279 2469 in
1292 2435 1449 2468 discessu
1470 2445 1508 2466 se
1523 2433 1718 2477 recipiunt.

270 2485 476 2519 Praefectus
495 2490 532 2518 et
550 2484 709 2529 bigarius
723 2485 762 2518 in
780 2485 936 2518 statione
959 2486 1048 2517 recti
1074 2489 1209 2516 stantes
1228 2495 1268 2516 ac
1290 2483 1430 2527 signum
1450 2481 1638 2520 facientes,
1657 2489 1719 2511 re«

272 2537 430 2565 manent.
449 2533 528 2579 (Π.)
538 2533 737 2577 Imperator
754 2533 988 2576 aurigarium,
1006 2530 1106 2577 quod
1123 2536 1159 2563 et
1173 2530 1358 2577 δημόσιον
1371 2541 1433 2562 seu
1448 2526 1636 2573 publicum
1651 2537 1721 2570 ap-

273 2580 444 2624 pellatur,
462 2579 638 2614 cassidem
651 2584 857 2624 argenteam
871 2579 1067 2623 pretiosam
1079 2589 1119 2611 ac
1129 2579 1313 2621 cingulum
1331 2576 1456 2609 afferri
1474 2573 1591 2607 iubet:
1615 2577 1720 2605 actu—

273 2627 371 2661 arius
388 2638 473 2660 vero
495 2626 596 2666 abit,
637 2625 682 2658 ab
706 2626 875 2659 omnibus
897 2626 1116 2665 cursoribus,
1142 2625 1258 2657 tribus
1277 2625 1425 2663 seilicet,
1450 2632 1605 2667 quorum
1624 2630 1719 2652 unus

274 2674 496 2717 aurigarium
513 2685 576 2707 scu
591 2672 796 2719 δημόσιον,
820 2672 999 2706 secundus
1018 2672 1211 2712 cassidem,
1236 2672 1365 2705 tertius
1387 2669 1569 2713 cingulum
1591 2670 1719 2711 gestat,

276 2721 441 2767 stipatus,
488 2721 719 2767 Aurigarium
742 2719 883 2766 bigario
917 2721 956 2756 in
977 2731 1125 2756 manum
1149 2719 1280 2762 tradit,
1308 2717 1483 2754 cassidem
1511 2712 1622 2763 capiti
1649 2712 1720 2749 im«
