1832 3112
356 150 428 193 DE
466 147 727 192 cnmmon.
765 146 945 190 AULAE
985 145 1213 190 nvzmr.
1249 149 1283 188 1.
1311 152 1378 192 11.
1512 129 1583 203 87

145 253 354 296 στινιανοῦ
379 254 454 295 καί
485 252 651 294 ἵσταται
675 251 721 292 ἓν
743 251 802 307 τῷ
826 249 975 306 πρώτῳ
1004 243 1198 307 ὄμφαλίῳ
1223 250 1297 292 τοῦ
1319 248 1457 292 adron?
1487 256 1617 306 τρι-Β

145 318 301 361 κλίνου.
353 313 578 366 ἕνωθέντες
613 318 659 358 δὲ
700 314 737 357 οἱ
765 319 978 370 πατρύιιοι
1004 315 1078 356 καί
1102 317 1328 371 στρατηγοὶ
1354 316 1484 358 ἐκεῖσε
1510 317 1586 358 καὶ

143 382 171 439 ἦ
199 381 322 439 λοιπὴ
349 382 572 438 σύγκλητος
600 380 675 423 καί
700 378 915 432 πεσόντες,
965 381 1154 429 νεύοντος
1191 383 1267 422 τοῦ
1302 380 1582 437 πραιποσίτου

145 446 228 490 ἀπὸ
254 446 476 496 κελεύσεως
512 448 772 504 σιλεντιαρίῳ
807 447 864 504 τῷ
903 445 1052 488 ἑστῶτι
1093 446 1139 488 ἐν
1174 448 1287 504 μέσῳ
1325 447 1401 502 τῆς
1438 447 1580 501 δοχῆς,

117 510 332 563 5κᾶκεῖνος
354 514 478 567 λέγει·
523 511 813 566 ,,κελεύσατε·”
868 510 990 553 adrui
1016 513 1062 552 δὲ
1091 507 1392 566 ὗπερεύχονται
1418 515 1476 570 τῷ
1501 517 1582 568 βα-

142 582 255 622 σιλεῖ
285 579 374 633 „dg
398 578 576 627 πολλοὺς
603 578 675 619 καί
702 574 890 632 α’γαθούς
916 577 1135 633 χρόνους.”
1190 575 1229 618 οἱ
1272 579 1319 619 δὲ
1356 582 1576 635 σπαθαρο-

142 641 382 686 κανδιδάτοι
417 645 490 685 καί
523 641 561 684 οἱ
598 643 831 699 σπαθάριοι
870 644 1065 684 ἵστανται
1100 636 1275 684 ὄπισθεν
1313 644 1395 685 τῶν
1432 659 1581 700 πατρι-

141 708 267 763 κίων,
311 710 384 751 καὶ
410 703 607 765 ἄρχοντες
644 710 722 750 τοῦ
749 710 1042 762 κουβουκλείου
1069 705 1190 750 ἔνθεν
1217 705 1408 751 κάκεῖθεν
1435 708 1493 758 αἱς
1518 708 1581 752 εἴ.

141 778 288 817 θισται
317 774 464 823 αύτοῖς
491 775 536 815 ἐν
562 770 713 830 ἑκάστῃ
740 771 979 829 προελεύσει
1005 774 1128 814 τοῦτο
1155 777 1296 815 τελεῖν.
1363 775 1580 828 δηριγευόα

97 855 267 894 ιομενος
293 841 340 882 δὲ
368 839 440 880 ὑπ’
461 834 603 880 αύταῖν
630 838 655 878 0‘
683 837 896 892 βασιλεύς,
941 839 1156 893 διέρχεται
1184 837 1257 880 ἐπὶ
1279 837 1330 881 τὰ
1357 841 1504 893 σκῦλα,
1534 841 1581 883 ἐν

144 907 191 948 δὲ
217 907 276 964 τῷ
303 903 561 962 ἱπποδρομίᾳ)
587 905 780 946 ἵστανται
809 902 1073 958 κανδιδᾰτοι,
1115 904 1328 959 σκριβονες
1355 907 1428 946 καί
1453 909 1578 959 βασι-

145 973 252 1013 λικοί
274 969 532 1026 μανδάτορες
556 969 614 1018 ὥς
628 970 853 1023 ,μέλλοντες
880 970 1111 1024 δηριγεύειν
1137 968 1210 1012 τὸν
1235 973 1424 1024 βασιλέα,
1452 970 1610 1027 ἦνίκασ

145 1036 289 1094 ἐξέλθῃ
311 1037 367 1093 τῷ
391 1035 651 1093 ἱπποδρόμῳ.
705 1037 779 1077 κατ’
807 1035 986 1085 ἐξελθών
1020 1035 1043 1077 ὅ
1073 1035 1271 1090 βασιλεὺς
1295 1038 1341 1078 ἐν
1370 1039 1427 1095 τῷ
1455 1035 1578 1080 ἱππο-

145 1098 308 1159 δρόμῳ,
347 1102 662 1156 δηριγευόμενος
688 1100 760 1142 ὑπ’
790 1101 929 1143 αὐτῶν
960 1100 1127 1144 πάντων
1161 1103 1235 1143 καί
1268 1104 1352 1144 ταῖν
1381 1118 1579 1159 προειρη-

91 1170 299 1220 ι5μένων,
345 1167 557 1221 διέρχεται
599 1164 670 1208 διὰ
701 1167 776 1207 τοῦ
813 1165 1096 1223 ἱπποδρόμου,
1139 1166 1193 1209 τοὶ
1232 1168 1279 1209 δὲ
1318 1167 1458 1223 πλήθη
1488 1170 1575 1210 τῶν

140 1228 276 1287 ὄχλων
311 1233 502 1274 ἵστανται
541 1233 588 1275 ἐν
616 1234 676 1289 τῷ
710 1231 955 1291 ἱπποδρόμῳ
993 1233 1321 1289 ὖπερευχύμενοι
1347 1231 1420 1275 τὸν
1450 1237 1576 1287 βασι-

137 1299 227 1340 λέα.
255 1297 329 1340 καὶ
355 1297 534 1339 διελθών
553 1297 575 1340 ὅ
602 1298 802 1352 βασιλεύς
825 1298 1142 1355 δηριγευόμενος
1173 1298 1254 1340 ὑπὸ
1280 1297 1472 1351 πάντων,
1502 1297 1574 1340 διὰ

137 1366 223 1406 τῶν
247 1365 439 1406 παλαιῶν
478 1360 759 1420 ἆσηκρητειῶν
785 1361 1016 1421 ἀπέρχεται
1044 1367 1090 1408 ἐν
1122 1366 1180 1422 τῷ
1219 1367 1306 1423 ναῷ
1337 1366 1414 1407 τοῦ
1451 1363 1571 1420 ἁγίου

138 1430 323 1486 Σεργώυ.
375 1431 595 1483 μέλλοντος
622 1431 668 1472 δὲ
697 1433 775 1472 τοῦ
798 1433 1004 1485 βασιλέως
1033 1432 1301 1487 εἶσέρχεσθαι
1321 1433 1366 1473 ἒν
1387 1437 1474 1479 τοῖς
1497 1447 1572 1471 κα-

83 1493 456 1551 ῃοτηχουμενείοις,
483 1495 679 1548 μένουσιν
707 1493 786 1546 ἔξω
812 1498 884 1551 τῆς
906 1495 1040 1551 πύλης
1066 1495 1277 1551 πατρίκιοι
1298 1494 1372 1537 καί
1394 1511 1572 1550 στρατη-

135 1561 214 1615 γοί,
237 1559 259 1602 ὂ
289 1561 337 1602 δὲ
370 1558 595 1614 ἡγούμενος
624 1562 698 1602 τοῦ
728 1561 861 1602 αὐτοῦ’
884 1563 988 1603 ναοῦ
1006 1561 1174 1614 δέχεται
1201 1563 1331 1603 ἐκεῖσε
1352 1559 1425 1602 τὸν
1447 1564 1572 1613 βασι-

139 1625 214 1667 λέα
245 1621 328 1666 dm}
364 1625 439 1679 τῆς
480 1624 632 1680 πύλης,
659 1625 878 1679 βαστάζων
907 1625 1113 1679 θυμιατὸν
1139 1624 1212 1668 κατ’
1226 1627 1395 1678 θυμιῶν
1417 1624 1571 1680 ἔμπρο-

136 1691 239 1731 σθεν
269 1690 343 1731 τοῦ
376 1691 592 1742 βασιλέως.
649 1688 671 1730 ὃ
706 1692 753 1732 δὲ
784 1689 986 1745 βασιλεὺς
1019 1688 1219 1732 εἰσελθών
1250 1691 1294 1732 ἐν
1322 1696 1408 1739 τοῖς
1437 1701 1608 1745 κατη-Ῑ)

232 1811 261 1834 1.
280 1800 452 1834 ἵστανται
474 1799 530 1834 ed.
556 1805 594 1834 et
615 1813 698 1835 mox
720 1802 912 1847 τρικλίνου
939 1799 1150 1838 ἑνωθέντες.
1244 1801 1276 1846 4
1291 1802 1435 1835 ΣΧΟΛ.
1459 1801 1566 1834 ’1⁶15-

228 1856 297 1886 ον,
322 1845 401 1887 δτι,
426 1850 682 1891 πραιποσίτου
707 1849 758 1894 μὴ
788 1848 916 1889 ὄντος,
941 1847 1045 1884 νεύει
1067 1850 1118 1893 τῷ
1132 1848 1366 1895 σιλεντιαρίῳ
1392 1847 1413 1882 ὁ
1433 1859 1567 1894 πριμι-

226 1892 360 1939 κήριος
380 1897 450 1926 τοῦ
473 1895 748 1938 κουβουκλείου.

120 1993 260 2041 filit-ia
282 2001 446 2038 tempora
470 1999 535 2027 etc.
560 1995 771 2031 acclamant.
823 1994 878 2029 Ab
912 1995 968 2029 his
994 1995 1160 2030 omnibus
1188 1997 1361 2041 stipatus,
1392 2007 1412 2029 e
1446 1995 1564 2029 tricli-

133 2040 195 2073 nio
219 2041 411 2073 Iustiniani
448 2040 631 2086 egreditur
664 2048 701 2075 et
723 2043 763 2075 iu
788 2042 903 2087 primo
929 2043 1005 2076 eius
1031 2043 1204 2076 umbilico
1227 2043 1401 2079 consistit.
1448 2043 1564 2076 Patri-

137 2086 187 2120 cii
216 2093 337 2120 autem
361 2092 398 2119 et
419 2088 563 2132 strategi
595 2088 649 2121 ibi
687 2090 888 2134 congregati
925 2100 1004 2122 cum
1033 2090 1173 2135 reliquo
1198 2095 1324 2123 senatu
1355 2089 1562 2130 adstantes,

129 2144 212 2166 eum
237 2133 408 2174 adorant,
430 2136 633 2179 praeposito
659 2146 679 2167 a
706 2135 872 2170 mandato
898 2137 1035 2181 signum
1061 2137 1262 2170 silentiario
1287 2136 1419 2176 dante,
1443 2147 1560 2181 eoque

129 2179 292 2213 dicente:
317 2178 463 2214 lubeca.-
485 2181 557 2225 ipsi
591 2193 675 2215 vero
703 2183 913 2226 Imperatori
938 2184 1153 2217 acclamant:
1178 2184 1228 2216 ln
1256 2183 1370 2217 multa
1391 2183 1559 2227 bonaque

129 2233 301 2270 tempora.
351 2226 711 2270 Spatharocanditlati
737 2235 773 2262 et
803 2229 974 2274 spatharii
1008 2241 1028 2262 a
1063 2235 1162 2273 tergo
1183 2230 1362 2274 patriciis,
1389 2229 1555 2262 cubiculo

128 2272 302 2315 praefecti
335 2272 381 2305 ab
417 2279 569 2319 utroque
601 2275 714 2309 latere
751 2281 793 2309 ut
824 2277 911 2320 ipsis
945 2276 983 2308 in
1005 2277 1156 2321 singulis
1181 2276 1470 2320 processionibus
1495 2287 1557 2308 so-

102 2317 238 2352 ·lenne
274 2323 328 2352 est
361 2318 513 2353 adstant.
568 2321 623 2354 Ab
654 2321 710 2354 his
744 2323 895 2367 stipatus
922 2323 1119 2367 Imperator
1156 2322 1202 2355 ad
1225 2323 1319 2365 scyla
1344 2323 1490 2355 transit:
1516 2321 1557 2354 in

130 2364 224 2396 circo
249 2375 334 2398 vero
369 2366 574 2407 candidati,
602 2368 738 2401 scribae
762 2374 798 2402 et
816 2371 1041 2414 Imperatorii
1064 2369 1287 2402 mandatores
1301 2370 1556 2413 Imperatorem

128 2409 169 2442 in
192 2409 324 2443 circum
355 2412 611 2456 procedentem
647 2415 851 2448 comitaturi
875 2414 1014 2449 adsunt.
1064 2416 1138 2462 Qui
1166 2421 1206 2449 ut
1229 2417 1359 2448 circum
1386 2413 1555 2454 intravit,

128 2455 175 2488 ab
200 2454 257 2488 his
282 2458 448 2491 omnibus
474 2464 511 2492 et
533 2466 615 2494 ante
640 2461 746 2494 dictis
770 2462 943 2507 stipatus,
966 2473 1030 2506 per
1053 2473 1134 2495 eum
1154 2462 1298 2501 transit,
1324 2461 1408 2494 dum
1428 2459 1555 2492 multi-

128 2500 216 2535 tudo
239 2502 384 2536 -interea
407 2505 522 2538 fausta
558 2508 593 2539 ei
617 2514 850 2552 apprecatura
885 2509 925 2541 in
960 2509 1092 2541 circum
1117 2508 1294 2541 convenit.
1344 2507 1408 2538 His
1441 2505 1555 2538 comi-

127 2547 312 2588 tantibus,
337 2559 402 2593 per
425 2552 612 2597 antiquum
643 2560 817 2588 secretum
855 2555 901 2588 ad
928 2554 960 2587 S.
986 2555 1099 2600 Sergii
1135 2554 1222 2587 abit.
1270 2554 1363 2586 Dum
1388 2550 1558 2584 catechu-

129 2604 235 2626 mena
257 2595 478 2638 ingressurus
503 2603 580 2639 est,
614 2601 759 2644 patricii
791 2606 827 2634 et
851 2602 996 2646 strategi
1020 2601 1107 2634 foris
1132 2600 1353 2638 subsistunt,
1383 2597 1558 2642 hegume-

127 2651 195 2672 nus
221 2651 305 2673 vero
330 2652 393 2674 seu
417 2646 633 2679 monasterio
659 2647 859 2691 praefectus
888 2646 970 2680 thus
1001 2652 1038 2680 et
1061 2652 1242 2691 unguenta
1266 2645 1382 2677 ferens
1408 2649 1445 2676 et
1471 2649 1556 2677 ante

126 2686 377 2730 Imperatorem
411 2689 621 2731 incensans,
660 2704 741 2725 eum
773 2694 916 2738 excipit.
942 2693 1038 2738 >Qui
1075 2692 1327 2725 catechumena
1352 2691 1551 2734 ingressus,

128 2734 240 2767 cerei·
274 2739 359 2767 ante
392 2737 580 2771 sacrarium
613 2750 720 2784 super
747 2739 988 2786 imperatoriis
1018 2740 1130 2784 portis
1155 2737 1331 2777 accensis,
1367 2742 1546 2781 precatur:
