1878 3112
318 97 432 164 458
592 118 853 158 APPENDIX
893 117 965 156 AD
1006 117 1207 158 121ssle
1245 119 1456 160 PR1MUM

317 233 413 266 νους
450 221 521 259 καί
547 218 644 272 περί
689 215 763 270 την
792 213 1018 272 ὄρθόὸοξον
1060 217 1199 259 πίστιν
1228 218 1278 261 τὰ
1306 222 1484 274 μέγιστα
1513 223 1773 276 πλημμελη-,

318 299 495 332 σαντας·
553 283 606 322 ου’
631 280 726 338 γάρ,
757 284 1055 338 παλαιοτέρους
1083 283 1223 337 εἰπών,
1251 283 1320 326 τὸν
1346 286 1478 339 μέγαν
1505 285 1656 326 ἐκεῖνον
1683 287 1750 326 λέ-

316 365 375 402 γω
403 347 475 388 καί
500 347 690 401 ἀοίδιμον
730 349 802 389 καί
830 345 946 402 ἅγιον
974 351 1306 403 Κωνσταντῖνον,
1334 344 1430 392 οὔτε
1459 349 1750 393 Κωνστάντιον

317 412 387 454 τὸν
414 410 506 476 υἱὸν
534 413 680 467 αὕτοῦ,
711 408 809 455 οὔτε
823 413 892 455 τὸν
917 415 1245 468 δυσσεβέστατον
1268 414 1522 469 Ἰουλιανόν,
1551 410 1646 457 οἷῖτε
1666 413 1750 470 μὴν

322 477 544 520 Θεοδόσιον
571 477 643 520 τὸν
670 482 803 533 μέγαν
831 481 903 520 καί
928 477 1028 528 τούς
1061 482 1150 532 μετ’
1180 481 1355 526 ἐκεῖνον.
1413 477 1466 535 ἦν
1505 482 1550 522 δὲ
1574 479 1648 522 καί
1671 476 1777 522 ποί-5

273 554 304 586 D
321 547 384 585 λιν
412 543 483 585 ἐπὶ
508 545 733 586 Βασιλείου
759 545 832 586 τοῦ
861 543 1170 600 ἀνδρικωτάτου
1210 547 1282 587 καί
1307 542 1602 599 εὖσεβεστάτου
1630 547 1754 599 βασι-

316 611 447 662 λέως,
475 611 551 651 τοῦ
579 611 652 651 καί
677 608 848 651 πάππου
865 643 878 662 ,
907 610 933 665 ἧ
964 610 1135 664 τοιαύτη
1164 608 1276 661 τάξις
1303 610 1574 667 ἐνεργουμένη
1602 612 1677 652 καί
1699 609 1752 651 τὰ

168 672 498 727 Με.5.1)μα’λιστα
525 676 768 730 τηρουμένη,
798 673 940 724 καθώς
966 674 1183 731 ἐγγράφως
1205 673 1324 730 ἡμεῖς
1351 677 1552 718 ἐκθέσθαι
1579 675 1636 726 ὥς
1665 671 1753 718 οἷόν

315 756 362 781 τε
389 739 698 795 πειρασόμεθα.
755 740 777 782 ὃ
806 742 935 794 μέγας
974 741 1045 782 καί
1080 739 1242 796 ὑψηλὸς
1280 740 1547 798 αὐτοκράτωρ
1589 743 1752 794 μέλλων

315 806 596 862 φυσσατεύειν
624 806 696 848 καί
722 810 810 848 κατ’
838 807 1007 861 ἐχθρῶν
1045 803 1155 848 δ’πλα
1191 812 1316 849 κινεῖν
1347 808 1419 849 καί
1443 806 1806 863 στρατεύματα,ιο

315 869 448 921 εΰθύς
491 870 745 926 προστάσσει
781 873 858 914 τοῦ
902 874 1191 928 κρεμασθῆναι
1239 873 1285 914 ἐν
1337 874 1390 929 τῇ
1434 873 1574 929 χαλκῇ
1599 869 1754 923 ἔξωθεν

313 939 397 978 τῶν
424 939 566 979 πυλῶν
594 939 786 994 λωρίκιον
814 936 886 980 καί
911 939 1091 980 σπαθίον
1117 937 1191 979 καί
1216 938 1472 994 σκουτάριον.
1523 939 1570 980 ἐκ
1597 936 1754 979 τούτων

315 998 388 1044 οὖν
415 1008 499 1052 τοῖς
526 1004 627 1045 πᾶσι
654 1008 812 1057 γίνεται
841 1002 943 1059 δήλη
971 1001 997 1058 ἦ
1026 1005 1102 1045 τοῦ
1127 1006 1347 1058 βασιλικοῦ
1371 1003 1586 1060 φοσσάτου
1608 1003 1754 1058 εὐτρέ-

125 1075 228 1109 Ed.L.
241 1076 308 1110 265
319 1084 445 1122 πισις,
485 1068 558 1110 καὶ
582 1071 628 1111 ἐκ
654 1068 746 1110 τότε
774 1069 945 1118 ἕκαστος
973 1066 1117 1125 ἅρχων
1144 1071 1217 1111 καί
1255 1067 1485 1126 ἆρχόμενος
1511 1067 1564 1112 τὰ
1591 1066 1754 1110 ἑαυτῶν

316 1131 423 1176 ὅπλα
465 1136 537 1176 καί
565 1130 645 1176 ὅσα
682 1134 896 1189 ἐπιτήδεια
927 1134 1000 1177 καὶ
1043 1136 1275 1191 ἁρμόζοντα
1314 1132 1546 1191 στρατιώτῃ
1565 1166 1577 1186 ,
1616 1135 1809 1188 παρα-15

315 1200 533 1250 σκευάζειν
561 1198 816 1256 α’πάρχεται·
873 1196 964 1242 εἶτα
991 1200 1098 1253 μετὰ
1136 1203 1272 1242 ταῦτα
1300 1199 1372 1242 καὶ
1401 1201 1461 1258 τῷ
1487 1200 1570 1241 τῶν
1597 1198 1757 1254 ἆγελῶν

316 1265 512 1321 λογοθέτῃ
536 1265 791 1321 προστάσσει
810 1268 887 1307 τοῦ
909 1266 1075 1307 δικαίαν
1099 1267 1301 1320 διανομήν
1328 1281 1371 1307 τε
1399 1263 1472 1307 καί
1492 1263 1656 1307 ἔκθεσιν
1682 1279 1758 1317 με-

314 1328 367 1373 τὰ
398 1328 530 1386 φόβου
571 1332 674 1372 θεοῦ
700 1335 912 1373 ποιεῖσθαι
948 1330 1019 1373 καί
1043 1328 1176 1386 πάσης
1213 1327 1428 1384 εὖσεβεάκς
1459 1329 1532 1372 καὶ
1557 1330 1758 1384 ἀληθείας

314 1402 399 1444 τοῖς
425 1398 500 1450 τῆς
522 1397 667 1446 Ἀσίας
693 1399 766 1438 καί
793 1398 980 1452 Φρυγίας
1005 1395 1202 1452 μητὰτοις
1227 1395 1335 1438 κατὰ
1364 1396 1440 1451 τὴν
1461 1393 1586 1450 ἶσχόν
1614 1410 1659 1437 τε
1685 1395 1760 1435 καί

317 1459 497 1513 δύναμιν
524 1457 612 1510 ἑνὸς
640 1457 814 1502 ἑκάστου
842 1460 1026 1516 μητάτου
1042 1495 1055 1513 ,
1089 1462 1146 1511 ὥς
1172 1461 1199 1516 ἦ
1226 1462 1339 1511 τάξις
1364 1462 1448 1504 τῶν
1475 1460 1811 1516 προκειμένωναο

316 1523 495 1568 ἑκάστου
524 1524 594 1568 τὸν
636 1525 907 1582 ὀφειλόμενον
938 1526 1122 1583 ἀριθμὸν
1172 1527 1415 1583 ὡρισμένως
1457 1524 1616 1580 ἔχουσα
1651 1526 1757 1566 πᾶσι

318 1591 572 1634 καθίσταται
600 1590 830 1650 πρόδηλος.
886 1590 956 1635 διὰ
983 1593 1053 1648 τῆς
1076 1590 1221 1641 Ἀσίας
1248 1591 1320 1634 καί
1346 1593 1535 1648 Φρυγίας
1560 1587 1757 1646 μωλὰρια

318 1706 433 1746 tium,
468 1705 546 1738 eius
583 1705 721 1746 filium,
756 1715 831 1737 non
855 1705 1008 1749 impium
1046 1704 1151 1737 illum
1177 1704 1386 1744 Iulianum,
1412 1713 1487 1736 non
1509 1700 1758 1735 Theodosium

318 1753 502 1796 Magnum,
517 1763 591 1784 non
615 1752 694 1785 eius
710 1752 892 1796 proximos
907 1761 1148 1784 successores:
1175 1751 1238 1783 sed
1256 1751 1398 1784 Isauros
1423 1749 1506 1782 illos
1519 1747 1680 1792 designo,
1693 1746 1759 1792 qui

321 1810 427 1831 verae
452 1803 623 1844 rectaque
653 1798 829 1831 statuenti
852 1797 939 1831 fidei
962 1797 1190 1842 gravissimos
1210 1807 1346 1830 errores
1366 1800 1404 1829 et
1424 1794 1568 1828 foedam
1591 1793 1759 1826 haeresin

321 1846 543 1878 affrixerunt.
568 1845 639 1879 Sed
652 1851 690 1878 et
712 1845 780 1878 sub
795 1845 940 1886 Basilio,
963 1845 1161 1877 fortissimo
1177 1844 1386 1889 etpiissimo
1399 1844 1620 1888 Imperatore
1632 1845 1670 1873 et
1691 1850 1758 1874 avo

320 1897 467 1933 nostro,
493 1892 686 1936 diligenter
711 1891 972 1926 observabatur
1003 1896 1040 1924 et
1063 1892 1101 1923 in
1115 1902 1183 1924 usu
1208 1896 1304 1932 erat,
1328 1900 1436 1937 quam
1461 1888 1517 1922 his
1540 1887 1673 1920 litteris
1697 1887 1759 1919 ex'-

320 1950 457 1984 ponere
481 1949 546 1982 pro
571 1939 670 1972 virili
693 1944 816 1972 nostra
834 1937 1072 1972 studebimus,
1096 1938 1245 1983 Magnus
1281 1942 1318 1970 et
1356 1936 1517 1970 excelsus
1548 1935 1761 1978 Imperator,

323 1985 469 2030 quando
495 1985 654 2018 decrevit
677 1986 716 2018 in
739 1985 914 2018 fossatum
950 1985 1004 2017 ire
1038 1995 1209 2030 armaque
1243 1984 1339 2016 hosti
1365 1988 1403 2016 et
1422 1982 1521 2016 viros
1545 1979 1758 2019 obmovere,

322 2032 478 2075 imperat
502 2042 621 2064 coram
647 2037 751 2076 porta
776 2031 915 2064 chalces
938 2031 1085 2064 loricam
1105 2037 1142 2064 et
1165 2030 1342 2075 spatham,
1353 2034 1390 2062 et
1413 2033 1552 2062 scutum
1573 2024 1758 2070 suspendi.

324 2078 408 2122 Quo
445 2078 548 2121 signo
583 2079 702 2110 statim
739 2089 862 2111 omnes
887 2078 1118 2122 intelligunt,
1155 2076 1354 2121 imperialis
1378 2075 1503 2108 fossati
1528 2083 1591 2105 seu
1616 2081 1758 2116 campe-

324 2125 406 2156 stris
433 2124 675 2168 expeditionis
703 2125 975 2169 apparationem
998 2125 1186 2168 imperari;
1211 2124 1452 2167 protinusque
1470 2125 1544 2153 tam
1574 2118 1652 2159 illi,
1675 2118 1759 2163 qui-

323 2170 392 2202 bus
424 2169 576 2202 iubendi
614 2172 807 2204 auctoritas
844 2170 969 2210 adest,
1001 2181 1110 2216 quam
1143 2170 1206 2214 qui
1230 2168 1382 2214 parendi
1404 2166 1619 2200 necessitate
1642 2164 1760 2197 conti-—

324 2221 476 2257 nentur,
512 2228 609 2248 arma
649 2222 841 2262 ceteraque
877 2215 987 2249 militi
1028 2227 1091 2249 seu
1126 2216 1232 2248 utilia
1272 2227 1335 2248 seu
1383 2214 1512 2247 decora
1551 2221 1758 2256 comparare

325 2263 533 2297 instituunt.
583 2265 692 2297 Porro
718 2264 874 2308 imperat
896 2264 1073 2297 Dominus
1098 2263 1268 2295 rationali
1292 2271 1462 2306 gregum,
1486 2264 1550 2300 ut,
1584 2258 1759 2293 adhibitis

326 2311 366 2342 in
397 2310 589 2342 consilium
623 2311 823 2344 reverentia
857 2310 947 2349 Dei,
989 2310 1156 2353 religiosa
1197 2308 1415 2341 conscientia
1447 2311 1556 2353 atque
1589 2305 1759 2344 veritate,

327 2356 509 2401 concipiat
540 2367 694 2402 aequam
727 2362 764 2389 et
792 2367 983 2399 congruam
1017 2357 1149 2401 privati
1181 2355 1355 2400 cuiusque
1385 2354 1525 2388 viribus
1557 2357 1595 2385 et
1626 2353 1759 2384 iustam

325 2404 601 2448 repartitioncm
636 2408 746 2448 atque
783 2404 952 2436 notitiam
984 2402 1131 2448 publice
1164 2401 1461 2447 promulgandam
1490 2410 1634 2440 eorum,
1665 2407 1759 2443 quae

324 2455 460 2483 metata
488 2450 591 2483 Asiae
617 2454 654 2482 ct
677 2449 848 2494 Phrygiae
879 2450 1075 2482 secundum
1098 2454 1225 2482 notum
1250 2448 1418 2481 omnibus
1445 2452 1482 2480 et
1505 2447 1544 2479 in
1566 2444 1759 2490 propatulo

324 2498 485 2541 positum
511 2497 675 2530 ordinem
702 2497 834 2543 cuique
858 2501 992 2529 metato
1016 2496 1277 2541 praescriptum
1314 2500 1410 2527 certo
1448 2497 1487 2526 et'
1517 2492 1666 2526 definito
1691 2502 1760 2522 nu-

326 2555 424 2576 mero
450 2549 630 2587 praestare
655 2542 800 2576 debent.
848 2543 994 2576 Debent
1016 2550 1136 2577 autem
1162 2542 1258 2575 dicta
1272 2543 1377 2575 Asiae
1403 2546 1439 2574 ct
1451 2539 1622 2584 Phrygiae
1645 2542 1767 2571 meta-⁴

327 2596 363 2623 ta
389 2602 432 2623 cx
457 2590 605 2624 definita
629 2591 786 2623 formula
809 2595 989 2635 praestare
1024 2590 1140 2622 mulos
1166 2588 1359 2628 ducentos,
1385 2587 1542 2633 singulos
1565 2586 1760 2618 numisma-

327 2637 425 2669 tibus
451 2638 509 2670 vel
535 2637 660 2670 solidis
677 2637 795 2670 aureis
821 2636 922 2669 denis
942 2636 1064 2682 quinis
1086 2636 1293 2669 aestimatos
1309 2661 1319 2677 ,
1344 2640 1381 2667 et
1413 2633 1587 2667 ducentos
1625 2639 1760 2676 equo-⁸1,

327 2683 454 2717 itidem
490 2684 647 2729 singulos
687 2682 788 2717 denis
819 2682 916 2719 binis
949 2683 1227 2717 numismatibus
1253 2683 1479 2723 aestimatos;
1504 2677 1602 2712 unde
1624 2684 1760 2713 summa
