1884 3112
286 127 396 183 260
551 145 911 188 coNs‘rmml
951 130 1442 187 PORPHYROGENITi

282 247 358 289 καὶ
392 249 502 301 λέγει
543 245 836 300 „masticata”
893 247 1002 304 (Γ.)
1041 248 1138 288 Καὶ
1177 245 1402 302 ἐπεύχεται
1437 247 1464 304 ἦ
1501 247 1726 304 σύγκλητος

281 302 357 356 καί
383 314 619 369 ἐξέρχεται,
650 312 943 368 συνεξέρχεται
974 313 1020 355 δὲ
1047 312 1122 354 καί
1145 313 1171 369 ἦ
1202 315 1435 367 ζωσθεϊσα,
1462 312 1536 355 καί
1559 314 1726 368 λαμβά-

280 396 343 423 νει
369 378 446 428 τὰς
475 375 634 435 πλάκας
664 373 797 432 αὖτῆς
825 375 1112 434 σιλεντιάριος,
1138 381 1212 421 καί
1236 382 1447 435 ἐξέρχεται
1472 381 1531 429 εἷς
1554 379 1600 421 τό
1621 384 1727 422 lav-

281 444 450 498 σιακὸν,
494 443 769 499 ὄψικευομένη
812 442 895 485 ὑπὸ
943 447 1231 501 σιλεντιαρίων
1258 447 1332 487 καί
1370 447 1731 501 κουβικουλαρίων

280 508 522 568 φορούντων
545 511 745 564 χλανίὸια
772 509 925 563 λευκά,
972 512 1046 553 καί
1072 512 1300 566 ἀπέρχεται
1327 513 1399 554 ἐπὶ
1424 510 1501 568 την
1526 509 1749 567 τροπικὴνῦ

277 579 356 619 τοῦ
382 578 638 628 λαυσιακοῦ,
666 577 741 618 καί
764 577 839 617 οὔκ
867 577 1083 632 ἐξέρχεται
1101 609 1114 631 ,
1145 576 1247 619 ἔνθα
1276 577 1386 620 ἐστίν
1411 575 1436 632 ἢ
1466 580 1723 633 προέλευσις,

279 643 371 685 ἀλλ’
398 643 472 685 ἐπὶ
494 642 562 684 τὸν
588 640 749 698 ἔρωτα,
778 643 854 683 καί
880 643 1062 696 ἐκβαίνει
1089 644 1161 685 ἐπὶ
1185 641 1230 684 τὸ
1258 644 1431 697 πλαγίον
1457 646 1530 699 τῆς
1557 640 1724 696 μαναύ-

281 724 385 765 ρας,
413 709 488 750 καί
513 709 585 749 ἐπί
611 707 681 749 τὸν
707 705 910 764 μάκρωνα
939 711 1024 751 τῶν
1051 706 1311 752 κανδιδάτων
1339 709 1398 758 εἷς
1422 707 1472 751 τὰ
1502 706 1723 763 ἐξκούβιτα

242 775 354 822 Βκαὶ
379 771 449 815 διά
478 775 560 815 τῶν
586 775 762 828 σχολῶν,
796 774 871 815 καί
898 776 1090 828 δέχονται
1118 773 1169 816 τὰ
1196 776 1330 832 μέρη,
1360 773 1420 823 ὦς
1441 774 1614 817 ἐπὶτῶν
1639 791 1722 816 πα-

274 842 458 896 τρικίων,
488 839 693 893 λαμβάνει
721 840 796 881 καί
820 838 1084 896 λιβελλάριον
1110 839 1228 896 παρὰ
1257 843 1340 883 τῶν
1368 837 1622 896 δημάρχων,
1648 839 1774 882 καίιο

276 907 547 960 ιῖκτολογοῦσι
573 903 624 947 τοὶ
650 907 788 962 μέρη,
832 905 889 956 ὦς
916 905 942 962 ἦ
971 907 1175 962 συνήθεια
1210 905 1323 960 ἔχει.
1377 907 1452 948 καί
1493 907 1722 962 ἀπέρχεται

275 972 348 1015 διὰ
376 973 456 1014 τοῦ
477 973 612 1027 χυτοῦ
638 973 709 1028 τῆς
732 974 893 1028 χαλκῆς
922 974 982 1022 εἰς
1009 970 1056 1014 τὸ
1084 970 1201 1027 ἅγιον
1230 972 1392 1029 φρέαρ,
1434 973 1509 1014 καί
1532 974 1721 1028 εἰσέρχε-

271 1056 342 1081 ται
369 1040 414 1080 ἐν
438 1040 496 1096 τῷ
521 1040 606 1095 ναῷ
634 1040 694 1087 εἰς
721 1037 775 1080 τὰ
805 1036 903 1093 ἅγια
931 1041 1088 1095 θυρία,
1133 1037 1236 1081 ἔνθα
1276 1036 1494 1095 πρόκειται
1528 1035 1574 1080 τὸ
1600 1038 1720 1080 ἅντι-

270 1107 437 1159 μίσιον,
478 1105 554 1146 καί
587 1105 770 1159 ἐκβαίνει
799 1105 822 1146 ὅ
852 1103 1120 1161 πατριάρχης
1161 1104 1243 1147 ἀπὸ
1279 1107 1356 1148 τοῦ
1394 1105 1718 1160 θυσιαστηρίου,

273 1171 347 1212 καί
372 1171 577 1225 λαμβάνει
604 1169 680 1219 τὰς
706 1167 870 1219 πλάκας
896 1170 1026 1226 αὐτῆς
1043 1204 1056 1224 ,
1103 1172 1178 1212 καί
1213 1172 1380 1227 τίθησιν
1421 1168 1556 1219 αὐτὰς
1582 1170 1642 1218 εἰς
1667 1167 1770 1212 τὸιὸ

271 1237 526 1290 ἅντιμίσιον,
565 1237 640 1278 καί
664 1242 781 1278 ποιεῖ’
801 1233 954 1292 εὖχὴν,
993 1236 1050 1287 ὥς
1079 1236 1152 1278 ἐπί
1175 1239 1258 1278 τῶν
1283 1238 1538 1292 πατρικίων.
1593 1251 1718 1278 συνο-

269 1300 496 1356 ψικεύουσι
525 1304 572 1344 δὲ
599 1301 733 1357 αὐτὴν
766 1304 896 1358 μέχρι
923 1305 996 1358 τῆς
1023 1303 1238 1358 ἐκκλησίας
1266 1305 1340 1345 καί
1376 1301 1416 1344 οἱ
1444 1302 1719 1356 ἀξιωματικοί

271 1371 346 1412 καί
372 1368 411 1411 οἱ
437 1371 577 1411 λοιποί
600 1371 681 1412 τῶν
710 1364 969 1422 ἀξιωμάτων,
1003 1371 1077 1410 καί
1103 1366 1204 1411 ὅταν
1231 1370 1516 1427 συμπληρώσῃ
1542 1368 1616 1424 την
1643 1368 1716 1410 εὖ-

267 1433 351 1491 χὴν
379 1434 402 1477 ὅ
430 1433 716 1492 πατριάρχης,
756 1436 1002 1491 ἐπαίρουσιν
1046 1434 1182 1490 αΰτὴν
1211 1434 1251 1477 οἱ
1277 1433 1615 1492 κουβικουλάριοι
1641 1437 1718 1476 καί

238 1500 315 1548 coi
343 1500 636 1558 σιλεντιάριοι,
683 1503 758 1544 καί
782 1502 1065 1558 ἀναφέρουσιν
1102 1500 1233 1558 αὐτὴν
1276 1503 1335 1552 εἰς
1375 1499 1420 1543 τὸ
1449 1499 1767 1557 μητατώριοναο

269 1569 342 1610 ἓπί
373 1567 443 1610 τὸν
473 1569 718 1624 Θωμαΐτην,
757 1569 831 1609 καί
863 1565 916 1610 τὰ
944 1567 1171 1622 διαβατικά
1201 1569 1515 1623 ἀναχωροῦντες
1552 1565 1713 1609 ἔσωθεν

267 1632 440 1677 ἶστᾶσι.
497 1633 536 1676 οἱ
572 1635 620 1677 δὲ
649 1634 925 1688 ἀξιωματικοί
963 1635 1037 1676 καί
1062 1633 1102 1676 οἱ
1143 1634 1282 1676 λοιποὶ
1304 1633 1599 1690 ἀναχωροῦσιν
1625 1628 1710 1675 dud

268 1702 340 1755 τῆς
368 1701 597 1757 ἐκκλησίας,
626 1700 672 1743 αἱ
701 1702 747 1743 δὲ
774 1702 994 1756 πατρίκιαι
1018 1703 1093 1742 καί
1120 1699 1164 1743 αἱ
1193 1699 1496 1756 στρατήγισσαι
1523 1700 1715 1742 ἵστανται

268 1764 565 1823 κονσιστιόριον
604 1769 665 1816 εἷς
701 1765 772 1811 τὸν
799 1767 1003 1823 τρίκλινον
1028 1769 1102 1825 τῆς
1135 1765 1402 1822 μανναύρας,
1445 1765 1715 1820 ἐκδεχόμεναι

360 1879 414 1901 21.
440 1859 481 1901 τὸ
511 1867 723 1914 Θωμαὶ”τιον
747 1869 802 1902 ed.
961 1869 1106 1905 ἔσωθεν
1127 1868 1259 1901 ἱστᾶσι
1282 1867 1428 1909 Leich.,
1464 1856 1607 1906 ἔξωθεν
1638 1866 1711 1902 ἔσω

361 1914 455 1946 coni.
480 1916 540 1958 R„
565 1917 709 1951 ἔσωθεν
726 1916 798 1951 ἔσω
823 1916 901 1950 cod.
977 1917 1032 1962 24.
1057 1909 1100 1950 τὸ
1130 1914 1247 1962 τρίκλ.
1273 1913 1329 1947 ed.

263 2025 319 2047 cas
345 2014 445 2048 albas
485 2018 725 2060 gestantium,
759 2019 806 2051 ad
842 2018 1008 2063 tropicen
1042 2019 1192 2053 lausiaci
1219 2018 1314 2058 abit,
1348 2029 1415 2052 nec
1443 2029 1508 2059 en,
1534 2019 1599 2053 ubi
1622 2030 1708 2064 pro-

261 2063 375 2095 cessio
413 2067 485 2104 est,
518 2064 581 2096 scd
613 2064 660 2096 ad
691 2072 827 2103 erotem
867 2077 1038 2110 pergens,
1071 2066 1118 2098 ad
1151 2066 1245 2098 latus
1278 2076 1492 2110 magnaurae
1525 2071 1636 2110 atque
1661 2065 1708 2100 ad

260 2108 440 2152 porticum
476 2110 775 2154 candidatorum,
805 2112 851 2144 ad
884 2112 1052 2145 excubias
1087 2123 1226 2157 perque
1264 2113 1401 2146 scholas
1433 2113 1553 2154 venit,
1586 2111 1650 2146 ubi
1686 2123 1707 2144 a

259 2154 481 2188 factionibus
497 2182 505 2196 ,
533 2162 573 2189 ut
596 2159 759 2201 patricii,
786 2159 984 2203 excipitur,
1007 2159 1174 2192 libellum
1203 2169 1349 2204 quoque
1376 2170 1396 2190 a
1423 2159 1581 2192 tribunis
1609 2160 1707 2191 acci·

258 2201 334 2246 pit,
359 2206 414 2242 et,
442 2207 482 2234 ut
507 2214 582 2235 mos
609 2209 684 2245 est,
710 2206 780 2249 ipsi
806 2205 982 2239 factiones
1007 2205 1215 2238 acclamant.
1265 2206 1352 2238 Abit
1377 2210 1503 2250 postea
1529 2217 1594 2251 per
1619 2207 1706 2250 chy—,

258 2253 336 2280 tum
369 2247 506 2282 chalces
542 2250 588 2282 ad
620 2257 780 2284 sanctum
808 2258 969 2297 puteum,
1006 2251 1209 2297 ingreditur
1235 2252 1411 2296 templum
1436 2263 1625 2299 sacrasque
1650 2252 1707 2285 ia'-

257 2298 367 2336 nua's,
393 2294 457 2327 ubi
483 2298 739 2330 antimensium
762 2299 920 2342 positum
947 2304 1021 2332 est:
1046 2298 1249 2343 patriarcha
1265 2298 1309 2330 ab
1329 2299 1486 2332 oratorio
1505 2299 1703 2345 egreditur,

257 2352 400 2374 sumens
429 2344 506 2375 eius
531 2343 696 2385 tabulas,
722 2356 810 2390 quas
835 2346 874 2378 in
898 2346 1115 2379 antimensio
1141 2346 1305 2390 reponit,
1331 2356 1549 2392 precesque,
1575 2352 1615 2379 ut
1640 2357 1708 2379 su-

255 2399 321 2432 per
353 2389 535 2433 patriciis,
569 2392 707 2425 recitat.
763 2391 819 2425 Ad
844 2393 1029 2426 ecclesiam
1055 2402 1222 2437 proceres
1257 2397 1294 2424 et
1320 2393 1484 2438 reliquae
1510 2393 1705 2437 dignitates

257 2445 327 2467 una
355 2436 469 2480 ipsam
496 2438 733 2478 comitantur,
757 2439 985 2485 peractisque
1009 2450 1029 2471 a
1051 2438 1255 2483 patriarcha
1279 2439 1460 2483 precibus,
1485 2439 1706 2473 cubicularii

256 2487 292 2514 et
308 2482 500 2515 siientiarii
522 2483 806 2518 admetatorium
827 2486 865 2518 in
884 2486 1083 2520 triclinium
1103 2485 1311 2518 Thoma‘ites
1339 2486 1475 2519 dictum
1504 2486 1702 2526 deducunt,

251 2539 393 2575 perque
418 2531 577 2575 porticus
594 2536 845 2573 transeuntes,
870 2533 968 2566 intus
993 2537 1101 2566 stant.
1149 2533 1316 2566 Proceres
1342 2543 1425 2565 vero
1451 2544 1493 2566 ac
1518 2534 1629 2566 ceteri
1653 2532 1700 2565 ab

254 2577 403 2609 ecclesia
429 2575 638 2620 discedunt,
662 2579 836 2623 patriciae
862 2585 900 2614 et
934 2579 1165 2625 strategissae
1191 2579 1445 2612 consistorium
1478 2581 1518 2613 in
1539 2580 1702 2613 triclinio

251 2633 468 2666 magnaurae
483 2650 493 2663 ,
517 2630 639 2658 zosten
666 2625 899 2671 excipientes,
927 2626 1169 2663 constituunt.
1219 2625 1322 2671 Quae
1341 2638 1422 2660 cum
1447 2637 1490 2659 eo
1515 2627 1704 2671 pervenit‘,

253 2679 273 2700 a
298 2670 415 2713 capite
452 2671 548 2704 inter
578 2673 747 2717 patricias
783 2673 903 2706 media
940 2673 1198 2713 constituitur,
1232 2684 1376 2719 unaque
1414 2674 1562 2707 etitem
1586 2673 1702 2706 altera

250 2715 482 2760 procidentes
513 2719 553 2752 in
583 2729 725 2765 genua,
755 2720 956 2766 sportulam
979 2719 1026 2752 ab
1058 2719 1122 2753 ina
1147 2719 1350 2765 accipiunt,
1373 2720 1537 2765 singulae
1562 2719 1702 2754 scilicet
