1832 3112
307 108 378 186 78
586 125 947 172 CONSTANHNJ
996 122 1485 174 PORPHYROGENJTI

296 231 386 272 τοῦ
414 231 622 284 βασιλέως
655 231 729 274 διὰ
759 233 837 273 τοῦ
866 232 1000 274 αὐτοῦ
1028 235 1214 290 κοχλιοῧ,
1243 236 1317 277 καί
1343 236 1538 278 ἵστανται
1566 221 1763 280 dubriam

302 299 383 338 τοῦ
411 300 752 354 θυσιαστηρίου,
798 297 904 340 ἔνθα
935 298 1009 340 καί
1038 297 1086 341 τὸ
1117 300 1339 354 βασιλικὸν
1379 301 1617 355 ἅντιμίσιον
1658 302 1765 361 πρό-

303 380 451 417 κειται,
481 365 527 406 ἐν
553 358 590 423 ᾧ
617 362 691 405 καί
716 370 915 408 κοινωνεῖ
938 364 961 407 ὅ
991 366 1193 420 βασιλεὺς
1222 369 1267 410 ἐν
1293 373 1384 418 ταῖς
1412 369 1632 419 τοιαύταις
1660 385 1764 426 προ-

304 427 529 472 ελεύσεσιν.
589 429 677 486 (ς’.)
710 430 1043 485 Καταλαβόντος
1070 434 1118 474 δὲ
1145 435 1225 475 τοῦ
1248 437 1398 491 καιροῦ
1426 437 1501 490 τῆς
1525 434 1648 484 θείας
1675 449 1765 477 κοι-

301 495 479 549 νωνίας,
530 492 784 552 ἀπέρχονται
834 498 1105 554 σιλεντιάριοι
1145 497 1220 541 δύο
1262 498 1346 542 ἀπὸ
1401 501 1648 556 κελεύσεως,
1670 493 1790 545 ’καὶὸ

303 564 639 618 προσκαλοῦνται
682 561 757 604 τὸν
797 562 1088 620 πατριάρχην,
1127 563 1203 607 καί
1241 563 1582 624 ὅπατριάρχης,
1625 585 1766 625 παρα-

305 626 588 684 κρατούμενος
616 629 689 671 ὕπ’
718 624 886 684 αὐτῶν,
914 630 1164 687 α’νέρχεται,
1194 631 1267 674 καί
1289 632 1529 676 ἀπαντῶσιν
1559 629 1691 677 αὐτὸν
1718 637 1765 678 ἐν

306 696 364 752 τῷ
392 697 470 737 τοῦ
498 697 674 750 κοχλιοῦ
701 696 964 752 πληρώματι,
993 697 1116 753 ἡνίκα
1141 699 1286 751 μέλλει
1307 699 1578 755 εἰσέρχεσθαι
1605 702 1650 743 ἐν
1675 707 1766 750 τοῖς

273 766 477 811 Βσεπτοῖς
503 762 891 818 κατηχουμενείοις,
928 762 967 805 οἱ
996 766 1074 805 τοῦ
1101 763 1394 819 κουβουκλείου
1424 760 1638 822 ἄρχοντες.
1693 769 1768 809 καί

307 826 512 870 εἰσελθών
541 829 587 870 ἐν
615 835 701 878 τοῖς
738 828 1104 884 κατηχουμενείοις
1134 829 1155 870 ὃ
1185 828 1474 887 πατριάρχης,
1512 834 1820 889 προτίθησινιο

308 893 363 937 τά
393 895 509 952 δῶρα
538 896 582 937 ἐν
605 897 661 953 τῷ
689 898 895 953 βασιλικῷ
923 896 1143 954 α’ντιμισίῳ
1158 931 1170 950 ,
1209 896 1231 938 ὁ
1263 899 1309 939 δὲ
1337 897 1613 953 πραιπόσιτος
1639 898 1766 940 ἄπελ-

308 959 402 1004 θών
427 961 534 1016 μετὰ
562 964 648 1004 τῶν
677 962 898 1017 ἀρχόντων
927 963 1003 1003 τοῦ
1032 963 1344 1017 κουβουκλείου,
1373 968 1670 1021 προσκαλεῖται
1695 962 1767 1007 τὸν

309 1028 513 1082 βασιλέα,
557 1030 629 1070 καί
654 1026 729 1070 ὕπ’
759 1028 902 1070 αὐτῶν
931 1029 1252 1085 δηριγευόμενος
1279 1029 1303 1071 ὅ
1332 1028 1558 1083 βασιλεὺς,
1585 1025 1768 1086 ἆπέρχε-

310 1110 396 1147 ται,
427 1095 500 1136 καί
526 1100 720 1137 κοινωνεῖ
740 1096 787 1137 ἐκ
813 1095 896 1137 τῶν
923 1098 1000 1137 τοῦ
1021 1095 1288 1152 πατριάρχου
1313 1097 1483 1153 χειρῶν,
1511 1092 1603 1138 εἶτα
1629 1097 1767 1153 εἰσέρ-

310 1176 434 1214 χεται
461 1158 579 1202 ἔνδον
605 1162 679 1203 τοῦ
708 1162 846 1212 δεξιοῦ
874 1162 1029 1217 βήλου,
1063 1161 1138 1204 καί
1162 1163 1386 1214 καθέζεται
1412 1163 1545 1219 ἐκεῖσε
1572 1163 1646 1204 ἐπὶ
1672 1163 1819 1204 ask-¹5

309 1226 418 1280 λίου,
446 1228 598 1283 μέχρις
628 1220 680 1270 ἂν
709 1226 1018 1283 κοινωνήσωσιν
1059 1228 1104 1270 ἐκ
1140 1230 1227 1271 τῶν
1261 1230 1339 1271 τοῦ
1377 1226 1646 1284 πατριάρχου
1674 1243 1767 1283 χει-

311 1295 398 1348 ρῶν
429 1296 652 1350 ’πατρίκιοί
682 1309 728 1336 τε
771 1296 845 1337 καί
881 1294 1106 1351 στρατηγοὶ
1144 1294 1247 1349 μετὰ
1286 1297 1370 1338 τῶν
1407 1297 1564 1338 λοιπῶν
1601 1296 1685 1338 τῶν
1721 1295 1768 1346 ἐξ

311 1358 450 1411 ἔθους.
517 1356 598 1402 εἶθ’
626 1357 760 1410 οὕτως
797 1361 1011 1417 ἐξέρχεται
1039 1358 1061 1402 ὃ
1087 1360 1313 1415 βασιλεὺς,
1352 1362 1426 1404 καί
1450 1359 1768 1418 προσκυνήσαν-

133 1430 386 1477 Με.48.1)τες
423 1423 659 1483 ἇμφότεροι
698 1427 903 1481 ἀλλήλους
942 1423 980 1480 δ’,
1006 1442 1052 1469 τε
1080 1426 1279 1482 βασιλεὺς
1313 1427 1387 1470 καί
1424 1425 1446 1469 ὅ
1487 1425 1767 1482 πατριάρχης,

270 1501 299 1536 C
315 1492 336 1533 ὁ
366 1494 444 1547 μὲν
473 1491 673 1546 βασιλεῦς
701 1489 932 1549 ἀπέρχεται
969 1495 1014 1535 ἑν
1042 1486 1074 1552 ᾧ
1101 1491 1214 1552 τόπῳ
1243 1495 1407 1536 ἐκτελεῖ
1427 1491 1502 1549 τὴν
1528 1491 1652 1535 θείαν
1678 1495 1820 1538 let-20

312 1561 534 1615 τουργίαν,
574 1558 631 1609 ὥς
654 1561 896 1616 προέφημεν
911 1594 925 1614 ,
971 1559 994 1602 ὅ
1024 1562 1072 1602 δὲ
1098 1559 1364 1616 πατριάρχης
1389 1561 1636 1616 κατέρχεται
1662 1561 1768 1614 πλη-

313 1627 452 1682 ρῶσαι
477 1624 555 1682 την
581 1626 705 1668 θείαν
731 1628 1019 1683 λειτουργίαν,
1060 1627 1133 1670 καί
1159 1625 1440 1678 διασώζουσιν
1467 1623 1598 1668 αὖτόν
1625 1622 1663 1666 οἱ
1689 1627 1767 1666 τοῦ

315 1691 614 1747 κουβουκλείου
658 1688 858 1750 ἄρχοντες
887 1696 1015 1748 μέχρι
1041 1694 1114 1736 τοῦ
1142 1693 1302 1746 τόπου,
1347 1694 1394 1735 ἐν
1421 1685 1454 1751 ᾧ
1482 1690 1554 1734 καί
1581 1691 1767 1746 ἀπήντη-

315 1774 398 1801 σαν
426 1757 584 1813 αὕτὸν,
624 1761 669 1802 ἐν
695 1760 756 1817 τῷ
779 1759 1053 1814 ἅνέρχεσθαι“’
1066 1757 1197 1802 αὐτὸν
1207 1793 1220 1813 ,
1265 1759 1458 1801 κάκεῖθεν
1487 1756 1767 1810 διασώζουσιν

415 1861 466 1883 ιο.
493 1851 727 1896 προτίθησιν
749 1851 787 1885 R.
801 1877 811 1893 ,
836 1853 1094 1898 προστίθησιν
1111 1850 1190 1886 cod.
1215 1856 1254 1885 et
1277 1849 1333 1885 ed.

318 1941 427 1974 etiam
452 1942 708 1976 antimensium
728 1941 1027 1988 Imperatorium‚
1051 1943 1090 1976 in
1113 1955 1185 1990 quo
1207 1945 1246 1976 in
1269 1941 1448 1976 eiusmodi
1473 1940 1765 1988 processionibus

319 1989 521 2033 Imperator
545 1991 811 2023 communicare
835 1990 939 2030 solet,
965 1991 1163 2035 repositum
1186 1995 1251 2031 est,
1277 1989 1489 2023 subsistunt.
1538 1988 1632 2034 (VI.)
1652 1989 1765 2022 Tem-

317 2046 407 2079 pore
433 2041 553 2069 autem
575 2047 695 2069 sacrae
722 2037 987 2070 communionis
1021 2037 1203 2078 instante,
1239 2036 1311 2070 duo
1335 2034 1527 2070 silentiarii
1552 2047 1573 2068 a
1592 2035 1765 2069 mandato

319 2081 478 2123 abeunt,
507 2088 544 2116 et
569 2082 808 2127 patriarcham
840 2082 1028 2125 advocant,
1058 2085 1143 2129 qui,
1172 2084 1218 2116 ab
1240 2083 1329 2128 ipsis
1361 2084 1540 2128 stipatus,
1564 2081 1766 2124 adscendit,

321 2129 430 2174 eique
454 2129 627 2173 praefecti
648 2123 869 2163 cubiculi‘in
888 2130 1120 2175 plenitudine
1143 2129 1334 2172 cochleae,
1360 2129 1446 2163 dum
1466 2134 1567 2176 septa
1595 2128 1766 2163 catechu-

320 2186 510 2209 menorum
526 2176 667 2221 ingredi
685 2178 783 2218 vult,
811 2176 954 2210 obviam
975 2178 1186 2222 procedunt.
1237 2177 1320 2223 Quo
1349 2188 1430 2210 cum
1447 2175 1655 2224 patriarcha
1679 2187 1767 2222 per-

319 2223 442 2263 venit,
470 2223 705 2267 Imperatorio
728 2224 943 2258 antimensio
972 2236 1070 2258 sacra
1098 2224 1193 2258 (lona
1219 2225 1395 2269 imponit:
1427 2224 1656 2271 praepositus
1679 2233 1764 2257 vero

323 2279 405 2302 cum
435 2271 628 2314 praefectis
662 2271 822 2305 cubiculi
850 2271 953 2311 abit,
989 2277 1026 2305 et
1052 2273 1310 2316 Imperatorem
1345 2277 1469 2312 vocat,
1513 2270 1578 2317 qui
1605 2270 1651 2304 ab
1674 2269 1765 2315 ipsis

323 2317 477 2362 stipatus
498 2318 611 2358 venit,
637 2323 673 2351 et
696 2329 740 2352 ex
759 2318 984 2363 patriarchae
1003 2319 1169 2352 manibus
1187 2320 1437 2358 communicat,
1455 2323 1581 2364 postea
1598 2316 1766 2351 dextrum

322 2364 442 2396 veium
468 2364 667 2409 ingressus,
693 2365 747 2399 ibi
771 2367 810 2399 in
835 2366 923 2399 sella
943 2364 1102 2407 adsidet,
1129 2377 1243 2412 usquc
1271 2366 1357 2399 dum
1383 2365 1529 2411 patricii
1553 2369 1590 2398 et
1617 2362 1767 2408 strategi

325 2422 405 2443 cum
441 2412 593 2452 ceteris,
625 2413 757 2457 quibus
788 2423 863 2445 mos
892 2418 965 2453 est,
1006 2424 1138 2447 sacram
1170 2414 1462 2446 communionem
1488 2422 1508 2445 e
1537 2409 1766 2457 patriarchae

324 2457 490 2491 manibus
520 2470 700 2504 accepero.
751 2461 804 2492 Ita
835 2471 918 2493 mox
948 2460 1143 2505 Imperator
1166 2461 1370 2505 egreditur,
1395 2466 1432 2493 et
1457 2465 1651 2504 postquam
1685 2458 1764 2502 ipse

325 2509 363 2537 et
384 2505 587 2548 patriarcha
609 2517 645 2539 sc
664 2511 789 2539 mutuo
809 2507 1026 2548 salutarunt,
1051 2507 1094 2540 ad
1115 2518 1195 2540 eum
1220 2509 1357 2548 locum,
1383 2506 1446 2540 ubi
1466 2506 1627 2540 divinam
1653 2504 1764 2538 litur-
1813 2518 1826 2528 ·

325 2553 417 2596 giam
433 2578 442 2593 ,
467 2553 521 2585 uti
538 2553 706 2593 diximus,
732 2553 909 2595 celebrat,
937 2552 1026 2594 abit,
1051 2554 1256 2601 patriarcha
1286 2559 1404 2587 autem
1438 2552 1483 2586 ad
1509 2550 1766 2598 complendum

325 2610 464 2631 sacrum
498 2599 652 2634 officium
686 2599 900 2642 descendit,
936 2601 1194 2635 comitantibus
1227 2603 1343 2646 ipsum
1369 2600 1528 2634 cubiculi
1557 2598 1769 2645 praefecti&

325 2645 371 2678 ad
395 2657 477 2679 cum
501 2647 620 2680 locum
646 2659 781 2692 usquc,
807 2647 894 2688 ubi,
927 2659 1006 2681 cum
1026 2647 1278 2689 adscenderat,
1310 2647 1454 2682 obviam
1481 2646 1554 2693 ipsi
1579 2655 1765 2691 processe-

326 2698 430 2733 rant,
456 2693 541 2727 inde
562 2694 634 2727 duo
659 2694 850 2728 silentiarii
878 2706 959 2728 eum
987 2695 1032 2730 ad
1059 2696 1236 2740 templum
1264 2695 1490 2729 comitantur.
1538 2694 1683 2728 Peracto
1704 2690 1764 2724 ‹li-

324 2739 411 2774 vino
436 2739 573 2782 officio,
599 2742 794 2786 Imperator
813 2752 879 2787 per
897 2741 975 2776 loca
990 2768 999 2783 ,
1025 2754 1118 2789 quae
1140 2747 1222 2776 ante
1242 2742 1496 2777 catechumena
1522 2746 1618 2782 sunt,
1641 2745 1678 2774 et
1699 2748 1766 2784 per
