1832 3112
254 117 325 157 Lu
521 113 593 156 10.
634 114 797 156 HENR.
840 112 1035 155 LEICHII
1077 113 1475 156 COMMENTATIO

254 220 420 257 sectaret
434 219 497 269 ²):
527 218 638 271 quod
662 225 814 266 tamen,
849 217 904 255 sic
947 215 1175 256 volenthus
1207 217 1298 256 fatis
1311 249 1323 268 ,
1358 216 1475 256 brevi
1512 223 1703 258 consecu-

254 281 321 313 tus
349 282 423 313 est.
478 274 592 313 'Haec
603 304 616 323 ,
644 285 875 326 quanquam
905 271 1041 324 plures
1075 286 1149 325 per
1181 286 1306 312 annos
1335 279 1470 326 gesta,
1498 275 1711 326 coniunxi,

255 343 309 368 ne
333 329 463 369 divisa
489 329 622 368 taedio
658 327 763 365 forte
791 327 981 366 lectorem
1008 326 1226 367 afficerent.
1271 346 1273 348 ·
1504 333 1507 334 ’
1696 355 1701 364 .,

369 386 422 426 Χ.
478 384 536 423 At
563 386 605 422 in
640 383 815 420 Thracia
843 382 992 436 dispari
1014 390 1160 422 eventu
1187 390 1411 437 pugnatum
1434 386 1515 433 est,
1544 383 1704 434 Turcis,
1762 422 1775 436 ὁ

259 441 330 494 qui
356 448 395 479 et
423 440 602 492 Ungari,
631 439 834 491 proximos
873 452 946 491 per
979 452 1143 491 campos
1173 438 1334 489 effusis,
1378 452 1426 478 eo
1464 438 1707 489 violentius,¹

259 496 385 550 quod,
414 495 612 533 distractis
640 500 729 531 tum
757 494 897 546 copiis,
923 492 1068 532 ducem
1095 501 1304 532 strenuum
1332 493 1408 532 sibi
1440 493 1602 532 obviam
1632 495 1706 533 itu-

259 566 375 601 rum,
404 564 486 588 non
520 549 724 589 rebantur.
780 550 927 588 Missus
947 550 990 587 in
1028 548 1103 587 hos
1141 547 1298 588 Pothus
1333 547 1540 604 Argyrus,
1568 549 1709 588 Patri--

257 609 364 656 cius,
395 612 558 644 onustos
587 603 735 657 praeda
750 632 762 653 ‚
804 618 931 657 eoque
963 603 1216 656 impeditiore
1247 605 1406 658 agmine
1438 612 1599 654 euntes,
1644 619 1706 644 su-

257 662 342 700 bito
362 662 523 710 invasit,
553 661 733 713 captivos
753 666 793 697 et
811 659 985 712 praedae
1009 666 1166 712 partem
1186 661 1336 712 recepit
1346 660 1394 711 ²).
1451 659 1581 699 Paulo
1612 668 1706 700 ante

256 717 338 755 duo
368 729 415 754 ex
448 715 695 769 primoribus
724 717 852 767 gentis
867 745 879 764 ‚
920 716 990 767 qui
1029 729 1122 753 cum
1155 715 1278 754 turba
1305 724 1578 755 convenarum
1591 746 1603 765 ,
1636 723 1707 755 aut

257 773 299 810 in
331 773 518 821 Graecia,
548 777 618 809 aut
650 771 692 808 in
725 769 928 823 Bulgaris,
958 770 1061 809 forte
1092 770 1383 820 consederant,
1412 784 1511 824 pace
1539 773 1583 809 in
1610 785 1706 824 per-

256 835 426 880 petuum
459 841 553 865 cum
587 826 834 878 Imperatore
866 825 1047 875 firmata,
1075 839 1187 864 sacra
1215 825 1465 876 Christiana,
1493 832 1619 879 utque
1648 825 1708 866 lu—

257 882 370 921 strali
395 896 500 934 aqua
529 882 807 934 expiarentur,
835 879 1101 933 postularunt.
1157 879 1302 934 Gylas,
1326 881 1558 931 Hierothei,
1584 895 1707 935 quem

254 937 486 991 patriarcha
514 951 720 976 sacrorum
742 949 814 989 per
834 936 1026 975 Turciam
1046 936 1265 974 antistitem
1291 935 1457 987 dixerat,
1484 938 1714 990 praeceptis

256 995 462 1032 institutus
481 1023 493 1042 ‚
533 994 576 1030 in
601 992 679 1030 fide
706 993 927 1044 permansit
945 1021 956 1042 ‚
1001 992 1149 1044 pietate
1177 998 1216 1030 et
1243 993 1386 1030 ceteris
1408 994 1610 1031 ‘virtutum
1637 1003 1710 1032 or-·

255 1049 454 1087 namentis
469 1048 635 1101 insignis
653 1062 663 1086 :
695 1046 796 1085 alter
822 1061 914 1085 mox
929 1046 980 1085 ad
1004 1048 1155 1086 avitam
1177 1048 1499 1100 superstitionem
1514 1047 1708 1100 relapsus,

257 1118 350 1142 cum
379 1103 673 1156 expeditionem
700 1105 743 1140 in
762 1103 936 1141 Graecos
965 1110 1004 1141 et
1023 1103 1246 1141 Germanos
1273 1104 1532 1156 suscepisset,
1561 1102 1613 1141 ab
1629 1103 1708 1142 Ot-

257 1166 352 1198 tone
368 1159 473 1212 Imp.
499 1166 655 1212 captus,
684 1172 857 1211 poenam
882 1159 1012 1211 capite
1039 1157 1233 1212 persolvit
1243 1157 1292 1210 3).
1349 1158 1539 1197 Ceterum
1568 1158 1709 1198 eadem

258 1214 398 1268 religio
442 1215 591 1252 Russos
633 1215 876 1260 incesserat;
907 1213 1054 1266 quibus
1092 1213 1189 1252 olim
1232 1227 1256 1252 a
1283 1213 1430 1252 Basilio
1458 1213 1707 1265 Macedone,

114 1279 154 1314 L.
169 1278 250 1313 XXI
258 1284 335 1310 avo
365 1270 617 1308 Constantini
633 1298 645 1320 ⁷
673 1270 753 1308 icto
774 1269 934 1308 foedere
954 1298 965 1319 ,
995 1269 1125 1308 aditus
1154 1268 1206 1308 ad
1232 1282 1364 1308 sacros
1393 1269 1522 1308 sontes
1536 1299 1548 1320 ‚
1586 1280 1706 1323 prae-

259 1325 320 1365 sul
349 1325 401 1364 ab
430 1326 585 1377 Ignatio
606 1324 834 1377 patriarcha
848 1354 860 1375 ‚
889 1325 1005 1364 datus
1024 1325 1153 1363 fuerat
1172 1325 1221 1375 ⁴).
1278 1324 1382 1378 Elga
1396 1354 1408 1375 ,
1444 1338 1567 1377 quam
1586 1325 1706 1364 Grae-

258 1383 296 1420 ci
325 1380 509 1420 nonnulli
539 1379 736 1418 Helenam
761 1387 909 1419 vocant
923 1409 935 1430 ‚
966 1381 1121 1433 Ingoris
1144 1410 1156 1430 ‚
1184 1379 1312 1419 hostis
1338 1380 1543 1433 quondam
1572 1380 1707 1433 Impe-

257 1438 402 1475 ratoris
419 1465 430 1486 ‚
459 1442 550 1488 post
578 1437 695 1474 amici
724 1442 763 1474 et
791 1437 914 1485 socii,
943 1436 1093 1485 vidua,
1123 1437 1269 1488 stipata
1291 1436 1541 1488 principibus
1560 1436 1709 1489 gentis,
1827 1473 1832 1484 ,

257 1492 496 1545 Byzantium
515 1520 528 1542 ,
556 1498 603 1529 ut
631 1492 672 1529 in
701 1492 948 1530 consortium
975 1504 1182 1530 sacrorum
1210 1491 1455 1543 reciperetur
1473 1520 1485 1540 .,
1523 1491 1713 1530 accessit.
1826 1485 1832 1527 1

257 1546 476 1599 Splendide
515 1559 539 1584 a
575 1546 838 1585 Constantino
866 1553 1027 1599 excepta
1041 1575 1052 1597 ,
1093 1553 1134 1584 et
1163 1545 1398 1584 muneribus
1425 1553 1543 1584 aucta
1570 1553 1630 1585 est
1640 1546 1671 1597 ⁵)
1691 1559 1711 1597 3-
1824 1529 1832 1590 i

258 1602 371 1640 addit
399 1601 650 1640 Theodosius
677 1602 923 1652 Kioviensis‚
953 1602 1242 1655 Imperatorem
1269 1601 1467 1640 foeminae
1493 1601 1622 1640 forma
1649 1615 1710 1640 ex·
1826 1605 1832 1614 ¹

258 1656 419 1696 cellenti
453 1657 711 1695 matrimonio
749 1658 861 1711 iungi
899 1656 1074 1695 voluisse
1090 1685 1102 1707 ‚
1143 1656 1213 1695 sed
1253 1656 1392 1695 tulisse
1430 1669 1668 1709 responsum
1691 1670 1704 1695 ε

259 1726 343 1751 non
381 1725 497 1764 posse
533 1725 575 1750 se
601 1725 767 1751 uxorem
795 1714 880 1752 eius
907 1726 992 1751 esse
1007 1741 1018 1762 ‚
1058 1713 1127 1765 qui
1165 1725 1207 1750 se
1243 1713 1348 1750 inter
1384 1710 1566 1751 lustralia
1594 1724 1710 1753 sacra

259 1769 303 1805 in
331 1766 455 1805 filiam
483 1766 711 1820 adoptasset
735 1766 786 1818 6).
845 1767 885 1806 Is
912 1781 1052 1806 rumor
1079 1780 1219 1806 eorum
1243 1774 1472 1820 temporum
1501 1767 1576 1806 fuit
1591 1795 1604 1817 ‚
1641 1767 1708 1805 cui

258 1822 380 1860 fidem
409 1822 549 1860 adimit
565 1851 576 1871 ‚
606 1823 716 1874 quod
743 1824 786 1861 in
814 1824 918 1862 vivis
946 1829 1048 1862 esset
1076 1821 1231 1860 Helena
1250 1821 1432 1875 Augusta
1449 1851 1461 1872 ,
1491 1829 1531 1860 et
1549 1821 1708 1860 abhor-

261 1883 396 1915 rerent
424 1890 447 1914 a
475 1878 696 1930 peregrinis
728 1877 938 1916 connubiis
966 1878 1255 1930 Imperatores,
1285 1884 1332 1915 ut
1358 1877 1444 1930 ipse
1475 1877 1708 1916 Constanti-

330 1994 817 2088 'lrffsssszsshffftifi'g‘t
849 2007 906 2075 3¹13.
935 1996 1095 2088 ffgffm
1112 1997 1547 2089 2>¹⁰s¹iississnp1iffgoti222
1574 1997 1706 2090 ζῗᾘὲῗ

354 2090 477 2122 ceteri.
571 2089 608 2134 3)
646 2090 769 2122 Zonar.
815 2100 850 2134 p.
893 2092 967 2134 ¹94-
1015 2088 1226 2134 Bologuden
1268 2095 1382 2123 vocat.
1430 2090 1583 2125 cedrea.
1614 2102 1704 2136 pag.

354 2137 449 2174 636„
476 2135 542 2169 ubi
561 2146 626 2181 pro
660 2136 794 2169 Ioanne
824 2137 1043 2169 Francorum
1071 2147 1154 2181 rege
1172 2135 1385 2181 legendum:
1425 2138 1566 2172 Ottone.
1601 2137 1705 2171 Adde

355 2181 538 2216 Inchoferi
586 2182 715 2215 Hister.
754 2182 886 2216 Eccles.
929 2182 1087 2228 Hungar.
1131 2194 1187 2216 an.
1227 2184 1307 2228 958.
1405 2183 1442 2230 4)
1475 2174 1703 2217 (Σόῃεῐειυῑίιι.

354 2228 617 2274 Porphyrogen.
650 2230 689 2262 in
715 2229 792 2264 vita
821 2230 946 2263 Basilii
972 2228 1110 2262 Maced.
1135 2241 1212 2264 211.
1261 2230 1384 2263 Zonar.
1413 2241 1489 2276 pag.
1515 2232 1588 2275 173.
1617 2231 1706 2264 Fra-

357 2281 542 2321 gmentum
576 2275 620 2308 de
650 2276 845 2309 Russorum
882 2277 1133 2317 conversione,
1173 2287 1193 2309 a
1225 2275 1408 2310 Bandurio
1445 2277 1483 2310 in
1516 2275 1703 2311 AnimadV.

355 2322 402 2356 ad
432 2322 657 2358 constantin.
688 2323 732 2356 de
753 2323 895 2356 Admin.
920 2324 1008 2368 Imp.
1039 2334 1074 2368 p.
1105 2333 1178 2357 112.
1204 2322 1354 2356 editum.
1402 2322 1520 2356 Etiam
1539 2322 1704 2357 Michae-

354 2368 392 2402 le
430 2370 650 2414 imperante,
677 2370 783 2403 sacris
813 2369 1103 2404 Christianorum
1129 2369 1268 2402 initiati
1296 2374 1380 2403 sunt
1399 2369 1579 2403 nonnulli.
1603 2368 1705 2404 Con-

356 2416 423 2448 tin.
461 2416 645 2449 Constant.
677 2415 756 2449 Lib.
779 2416 838 2449 IV.
869 2429 905 2462 p.
936 2429 1009 2451 120.
1042 2428 1113 2462 quo
1148 2415 1296 2449 Photius
1320 2414 1467 2460 respicit
1486 2416 1523 2449 in
1549 2416 1704 2461 epistola

357 2462 541 2506 encyclica
569 2473 604 2506 p.
640 2463 689 2496 16.
787 2462 823 2508 5)
853 2463 964 2509 Quod
993 2463 1071 2509 ipse
1104 2463 1299 2496 memoriae
1332 2461 1496 2508 prodidit
1523 2463 1561 2496 L.
1591 2463 1634 2509 II.
1658 2461 1703 2496 de

358 2508 536 2543 Cerimon.
587 2509 698 2542 Aulae
741 2509 885 2552 Byzant.
938 2509 1000 2543 sol.
1042 2521 1119 2544 201.
1166 2519 1197 2541 a.
1245 2519 1296 2555 sq.
1414 2510 1452 2556 6)
1501 2510 1566 2544 An.
1620 2509 1701 2554 955.

383 2579 390 2586 -
422 2557 479 2600 96.
528 2553 658 2589 Obiter
690 2556 873 2590 notandus
906 2561 962 2590 est
999 2556 1159 2591 Orbinus
1183 2555 1402 2600 Ragusaeus,
1428 2557 1491 2602 qui
1521 2557 1558 2590 in
1580 2556 1701 2600 Regno

354 2566 491 2636 ¹Salavor.
530 2613 564 2647 p.
599 2613 654 2647 9²·
681 2613 731 2648 sq.
763 2603 908 2647 Elgam‚
940 2614 1048 2648 quam
1082 2607 1119 2636 et
1145 2602 1292 2646 Olgam,
1322 2602 1483 2647 Rhegino
1513 2601 1701 2642 Helenam,

353 2654 481 2687 vocat,
510 2649 646 2682 Ioanne
681 2649 831 2684 Zimisce
870 2655 1043 2696 regnante
1075 2649 1239 2694 Byzantii
1279 2648 1325 2682 ad
1361 2661 1460 2684 sacra
1495 2649 1701 2684 Christiana

282 2703 285 2706 ’
348 2695 539 2729 accessisse
553 2695 688 2729 scribit.
1245 2711 1249 2716 ·
1553 2713 1556 2715 >
1611 2693 1615 2700 ⁴
