1884 3112
319 141 337 175 1
350 122 423 189 64
582 139 938 181 CONSTANTlNl
990 137 1471 180 PORPHYROGENITI

270 252 392 286 Βσαν
420 241 500 283 α’πὸ
528 244 603 284 τοῦ
626 242 745 296 ἁγίου
776 240 954 297 φρέατος
981 240 1041 289 εἷς
1071 239 1143 282 τὸν
1163 238 1276 294 ναὸν,
1305 243 1379 283 καί
1400 241 1757 298 προσκυνήσαντες

310 306 513 363 ἀλλήλους
541 307 614 348 καί
645 303 951 359 ἀσπασάμενοι,
1000 307 1260 362 εἰσέρχονται
1287 309 1346 356 εἷς
1379 305 1452 349 τὸν
1483 305 1605 350 ναόν.
1661 307 1684 351 ὅ
1709 309 1757 351 δὲ

309 372 509 428 βασιλευς
535 369 673 414 ἅπτων
710 368 886 426 κηροὺς,
936 364 1100 425 εὔχεται
1132 369 1366 427 ἔμπροσθεν
1396 373 1480 415 τῶν
1513 373 1640 427 ἁγίων
1672 377 1754 415 θυ-

310 440 407 495 ρῶν,
436 439 509 479 καί
531 434 752 489 εὐξάμενος
775 436 1008 491 εἰσέρχεται
1029 437 1086 486 εἷς
1116 435 1160 479 τὸ
1190 437 1506 494 θυσιαστήριον,
1533 440 1606 480 καί
1626 455 1754 495 προσ.

307 505 490 559 κυνήσας
517 500 594 557 τήν
620 502 745 557 ἁγίαν
779 500 987 558 τράπεζαν
1021 505 1095 544 καί
1134 500 1375 557 ευξάμενος,
1427 505 1638 560 ἐξέρχεται
1669 493 1781 551 <inoff

307 573 384 613 τοῦ
412 566 597 624 βήματος
622 570 697 610 καί
718 569 929 624 διέρχεται
959 568 1027 610 διιὶ
1054 571 1126 624 τῆς
1148 571 1346 619 σωλαιάς.
1398 571 1588 624 μέλλοντι
1612 573 1658 613 δὲ
1687 573 1753 622 ἐξ-

305 637 510 692 έρχεσθαι
535 633 611 690 τήν
647 634 855 687 σωλαιάν,
899 636 1143 677 ἐπιδίδωσιν
1174 630 1291 693 αὖτιῑί
1320 634 1344 677 ὅ
1369 634 1643 692 πραιπόσιτος
1679 654 1752 693 κη-

306 704 397 759 ρίον
425 703 675 753 λιτανίκιον,
718 701 793 742 καί
815 702 976 749 εὐθέως
1008 694 1208 757 ἔρχονται
1233 699 1278 743 τὸ
1307 698 1530 758 τροπάριον
1557 704 1629 757 τῆς
1663 698 1752 758 ἑορ-

303 770 403 823 τῆς·
458 766 669 823 ,,σήμερον
690 768 764 822 τῆς
786 768 995 823 σωτηρίας
1023 768 1143 822 ἡμῶν
1167 766 1212 809 τὸ
1247 765 1524 824 κεφάλαιον,”
1549 771 1750 825 κρατοῦσι

111 826 176 862 Ed·
192 826 230 860 L·
244 839 286 875 97
302 835 350 877 δὲ
379 835 504 890 κηρία
536 830 746 889 ἅπαντες..
791 834 866 875 καί
901 830 1219 890 δηριγευόμενος
1252 833 1335 875 ὑπὸ
1369 831 1531 879 πάντων
1563 834 1586 876 ὅ
1623 838 1803 889 βασι-ιο

301 897 422 952 λεύς,
453 899 662 955 διέρχεται
691 899 819 952 μέσον
843 900 919 941 τοῦ
953 900 1059 941 ναοῦ
1082 900 1157 940 καί
1180 900 1394 956 ἐξέρχεται
1418 898 1489 942 διὰ
1509 901 1592 942 τῶν
1624 903 1748 955 βασι-

299 967 427 1008 λικῶν
459 966 625 1018 πυλῶν,
670 962 940 1020 διερχόμενος
974 964 1043 1006 διά
1069 981 1112 1008 τε
1133 967 1209 1008 τοῦ
1226 964 1431 1022 νάρθηκος
1447 968 1524 1009 τοῦ
1548 967 1749 1022 λουτῆρος

299 1034 374 1073 καί
400 1033 476 1073 τοῦ
510 1028 684 1087 ἆθύρα,
723 1031 935 1087 ἐξέρχεται·
964 1032 1011 1073 ἒν
1043 1032 1102 1089 τῷ
1131 1034 1280 1090 μιλίῳ,
1317 1033 1510 1075 κάκεῖθεν
1535 1033 1749 1090 διέρχεται

298 1096 376 1153 τήν
399 1098 530 1152 μέσην
554 1097 628 1138 καί
649 1095 870 1151 α’νέρχεται
890 1097 935 1139 ἐν
959 1098 1016 1154 τῷ
1041 1094 1182 1155 φόρῳ,
1211 1097 1287 1139 καί
1302 1097 1499 1140 daea-9062·
1519 1099 1648 1155 μέχρι
1669 1099 1749 1140 τοῦ

298 1165 443 1216 κίονος,
473 1160 577 1204 ἔνθα
601 1163 854 1218 καθίδρυται
882 1161 906 1203 0‘
930 1160 1031 1211 ναὸς
1058 1165 1135 1204 τοῦ
1169 1162 1286 1217 ἁγίου
1313 1165 1653 1217 Κωνοταντίνου,
1693 1163 1798 1210 οἶ-ι5

297 1232 492 1285 νέρχεται
511 1226 558 1270 τά
576 1225 814 1283 ἔμπροσθεν
842 1225 1050 1283 γραδήλια
1068 1229 1155 1276 ,τοῦ
1183 1230 1300 1280 ναοῦ,
1319 1229 1393 1270 καί
1406 1229 1570 1271 ἵσταται
1598 1230 1745 1283 ἐκεῖσε,

297 1295 614 1348 ἐπακουμβίζων
640 1295 698 1351 τῷ
717 1294 837 1351 δεξιῷ
865 1293 986 1349 μέρει
1013 1295 1088 1335 τοῦ
1113 1295 1357 1348 καγκέλλου.
1413 1293 1534 1349 ἡνίκα
1569 1295 1616 1337 δὲ
1643 1297 1746 1348 μέλ-

298 1365 363 1403 λει
383 1360 638 1417 ἀνέρχεσθαι
661 1357 709 1402 τὰ
733 1357 839 1402 αὐτοὶ
863 1356 1029 1417 βάθρα,
1067 1360 1215 1402 δίδωσι
1238 1361 1296 1418 τῷ
1323 1362 1584 1419 πραιποσίτῳ
1610 1360 1656 1403 τὸ
1680 1365 1747 1404 λι-

300 1429 482 1469 τανίκιον
518 1426 680 1482 κηρίον.
737 1424 776 1467 οἶ
803 1426 850 1467 δὲ
875 1428 1087 1482 πατρίκιοι
1122 1426 1196 1466 καί
1234 1425 1261 1480 ἡ
1297 1423 1521 1482 σύγκλητος
1553 1427 1746 1470 ἵστανται

115 1494 180 1528 Ms.
196 1507 249 1542 79.
266 1490 411 1534 ὺκάτω
435 1493 608 1547 πλησίον
631 1492 713 1533 τῶν
739 1487 899 1544 κιόνων,
928 1490 1084 1545 ὁμοίως
1105 1492 1180 1533 καί
1202 1489 1241 1533 οἱ
1268 1492 1409 1533 λοιποί
1429 1493 1512 1534 τῶν
1526 1492 1798 1547 ταγμάτωναο

264 1566 291 1599 Β
308 1559 498 1600 ἵστανται
512 1559 556 1599 ἐν
569 1559 620 1614 τῇ
635 1559 740 1614 μέσῃ
757 1560 834 1599 τοῦ
847 1554 976 1614 φόρου
996 1556 1114 1599 ἔνθεν
1126 1558 1301 1599 κοῖκεΐσε.
1321 1555 1361 1598 οἱ
1377 1557 1424 1598 δὲ
1434 1557 1745 1612 πρωτοσπαθά-

297 1639 382 1679 ριοι
405 1624 483 1666 καί.
501 1622 539 1665 οἱ
556 1624 694 1664 λοιποί
710 1625 923 1678 βασιλικοί
936 1625 1122 1666 ἵστανται
1146 1625 1192 1666 ἐκ
1211 1624 1355 1674 δεξιῶν
1373 1625 1448 1665 τοῦ
1471 1624 1676 1676 βασιλέως
1699 1626 1745 1668 ἐν

295 1692 348 1747 τῇ
365 1691 471 1747 μέσῃ
491 1691 566 1732 τοῦ
590 1686 738 1746 φόρου,
763 1687 964 1739 ὡσαύτως
991 1690 1065 1731 καί
1088 1691 1133 1742 ἐξ
1155 1689 1384 1745 ἀριστερᾶς.
1423 1689 1512 1747 (Γ.)
1539 1692 1745 1733 Καταλα-

295 1754 384 1810 βιόν
405 1758 450 1798 δὲ
469 1756 490 1797 ὃ
513 1755 770 1812 πατριάρχης
785 1753 889 1809 μετὰ
903 1757 978 1811 τῆς
996 1757 1122 1811 λιτῆς,
1143 1757 1357 1812 διέρχεται
1369 1756 1497 1809 μέσον
1520 1751 1673 1809 aizoi-fv,
1693 1755 1741 1799 τὸ

297 1822 344 1863 δὲ
379 1823 606 1876 πολίτευμα
634 1821 802 1865 ἵσταται
828 1823 873 1865 ἐν
899 1823 958 1880 τῷ
986 1818 1190 1879 ἀριστερῷ
1218 1822 1340 1879 μέρει
1366 1822 1440 1876 τῆς
1463 1819 1796 1878 προελεύσεωςαό

296 1971 451 2015 excipit,
486 1971 584 2005 unde
623 1976 708 2016 post
733 1976 896 2006 mutuam
927 1972 1179 2005 adorationem
1203 1975 1241 2005 et
1269 1972 1527 2007 salutationem
1563 1972 1740 2018 templum

294 2017 560 2062 ingrediuntur.
608 2019 807 2063 Imperator
830 2019 877 2052 ad
900 2025 1039 2052 sanctas
1069 2019 1196 2051 ianuas
1230 2029 1310 2051 cum
1337 2020 1449 2052 cereis
1477 2020 1634 2052 accensis
1656 2029 1741 2063 pre-

296 2069 396 2096 catus
411 2089 420 2105 ,
447 2065 639 2097 sacrarium
658 2065 789 2106 intrat,
816 2070 1012 2111 sanctaque
1033 2076 1156 2098 mensa
1175 2064 1343 2105 adorata,
1370 2072 1538 2110 precatur
1566 2071 1603 2099 et
1623 2076 1642 2098 e
1674 2065 1740 2098 be-

292 2115 390 2143 mate
407 2110 506 2151 abit,
541 2122 678 2158 perque
707 2112 843 2145 soleam
901 2113 1006 2145 ansit.
1067 2111 1169 2145 Unde
1191 2122 1375 2155 egressuro
1394 2113 1622 2158 praepositus
1640 2122 1739 2144 cere-

294 2168 357 2190 um
372 2158 674 2203 processionalem
695 2159 828 2199 tradit,
858 2164 890 2193 st
932 2159 1052 2204 imque
1086 2159 1287 2202 troparium
1315 2159 1576 2202 processionis:
1617 2159 1734 2194 Hod1’e

293 2205 426 2239 salutis
446 2214 592 2241 nostrae
613 2214 743 2247 caput,
768 2215 890 2238 omnes
909 2216 1029 2238 cereos
1071 2209 1237 2237 tenentes
1271 2204 1474 2238 ordiuntur.
1523 2209 1736 2251 Imperator,

294 2250 464 2284 omnibus
498 2251 775 2293 comitantibus,
802 2263 867 2296 per
896 2251 1055 2284 medium
1083 2252 1258 2296 templum
1284 2253 1433 2294 transit,
1467 2258 1505 2286 et
1530 2264 1594 2298 per
1621 2253 1736 2297 regias

291 2303 416 2342 portas
433 2299 614 2343 egreditur
636 2309 775 2344 perque
793 2298 1001 2331 narthecem
1026 2298 1232 2342 baptisterii
1255 2303 1291 2331 et
1317 2298 1481 2343 athyrem
1505 2300 1551 2333 ad
1571 2300 1714 2333 milium
1728 2325 1740 2341 ,

294 2344 381 2378 inde
400 2356 464 2390 per
478 2346 633 2378 mediam
656 2346 847 2387 transiens,
873 2346 919 2378 ad
936 2345 1054 2378 forum
1078 2350 1114 2378 et
1132 2345 1335 2378 columnam
1349 2348 1486 2392 templo
1509 2347 1623 2380 sancti
1646 2347 1743 2381 Con-

294 2392 447 2425 stantini
478 2393 678 2437 proximam
703 2392 840 2437 pergit,
865 2391 930 2426 ubi
953 2391 1080 2437 gradus
1099 2417 1108 2432 ,
1135 2392 1198 2438 qui
1228 2398 1311 2425 ante
1340 2395 1517 2439 templum
1548 2398 1651 2434 sunt,
1676 2392 1742 2425 ad-

297 2438 461 2480 scendit,
493 2444 530 2472 et
558 2438 612 2471 ibi
643 2440 886 2481 constitutus,
919 2438 1045 2473 dextro
1071 2439 1313 2472 cancellorum
1333 2440 1439 2474 lateri
1464 2440 1652 2474 incumbit.
1698 2441 1743 2473 In

296 2484 392 2519 hanc
418 2485 550 2518 scalam
583 2497 817 2528 ascensurus,
857 2486 1161 2531 processionalem
1200 2497 1343 2519 cereum
1377 2488 1585 2533 praeposito
1611 2485 1740 2519 reddit.

292 2531 439 2565 Patricii
462 2538 499 2566 et
519 2538 662 2566 senatus
681 2543 792 2578 prope
811 2533 1014 2566 columnam
1028 2558 1037 2574 ‚
1074 2533 1216 2578 reliqua
1242 2534 1362 2567 officia
1383 2534 1469 2567 hinc
1493 2534 1580 2567 inde
1602 2534 1640 2566 in
1663 2543 1739 2566 me-

296 2577 356 2611 dia
371 2578 455 2620 fori,
477 2579 759 2625 protospatharii
773 2585 808 2613 et
820 2580 952 2626 reliqui
971 2580 1198 2624 Imperatoris
1219 2581 1378 2614 ministri
1396 2581 1442 2614 ad
1461 2581 1621 2615 dextram
1638 2584 1675 2613 et
1690 2579 1739 2612 si-

294 2626 447 2659 nistram
475 2627 552 2659 eius
573 2627 612 2659 in
645 2626 765 2660 medio
802 2626 882 2660 foro
917 2626 1072 2660 adstant.
1121 2626 1216 2673 (ΙΙΙ.)
1253 2628 1458 2661 Patriarcha
1487 2639 1567 2661 cum
1594 2625 1738 2660 solenni

296 2671 470 2706 comitatu
486 2683 552 2718 per
579 2684 640 2707 eos
658 2673 796 2707 medios
814 2674 999 2719 procedit,
1022 2675 1354 2719 patres-conscripti
1375 2676 1414 2708 in
1433 2676 1579 2708 sinistro
1595 2683 1739 2718 proces-

297 2718 409 2753 sionis
434 2719 548 2754 latere
576 2731 690 2766 prope
720 2725 902 2764 senatum,
928 2720 1100 2767 (aedificii
1116 2730 1250 2755 nomen
1268 2723 1358 2770 est,)
1385 2721 1538 2768 orphani
1564 2718 1738 2768 iumedia
