1878 3112
280 112 395 167 626
557 126 916 171 CONSTANTm
954 125 1439 170 PORPHYROGENITI

279 229 386 288 πρὸς
415 228 579 280 τούτοις
614 231 688 271 καί
716 230 794 271 τοῦ
821 227 880 283 μή
924 225 1084 283 ἐξάγειν
1123 228 1357 284 μυστήριον
1393 229 1622 282 βασιλέως,
1661 244 1724 271 τι-

279 299 366 356 μᾷν
394 297 440 339 δὲ
467 295 627 344 πάντας
654 293 754 343 τούς
783 295 828 336 ἐν
873 293 1084 348 ἀξιώμασι
1137 294 1430 350 προβαθμίους
1468 292 1542 336 καὶ
1582 295 1727 347 iuopia-

280 366 435 418 θμίους
487 363 619 403 αὖτοῦ
659 362 732 402 καί
765 362 904 403 πᾶσαν
941 359 1015 415 τὴν
1052 359 1304 416 σύγκλητον,
1341 358 1526 414 μάλιστα
1555 361 1602 402 δὲ
1629 360 1728 409 τούς

248 429 428 474 Βαῦτοῦ
454 425 765 483 πραιποσίτους.
822 427 958 468 ταῦτα
987 424 1375 483 ἐξασφαλισάμενος
1403 425 1424 468 ὃ
1455 423 1730 482 πραιπόσιτος

284 492 354 538 τὸν
381 495 584 551 μέλλοντα
622 494 862 548 τιμηθῆναι,
893 490 1256 548 κουβικουλάριον,
1295 494 1403 547 λέγει
1443 490 1549 548 πρὸς
1577 490 1755 535 αὕτόν·5

283 555 421 616 ,,ὁ’ρα,
464 556 594 601 πόθεν
622 554 911 612 ἀναλαμβάνει
939 556 986 599 τὸ
1020 558 1200 612 α’ξίωμα.
1254 557 1420 607 πάντως
1446 555 1655 615 πρόδηλον
1683 559 1730 600 ἐκ

285 627 368 677 ταῖν
407 623 536 680 ἁγίων
571 626 730 680 θυρῶν.
785 626 859 666 καί
890 626 949 674 εἰς
987 625 1107 666 τοῦτο
1154 623 1359 681 ἀφορῶν,
1411 621 1475 667 ὅτι
1515 624 1561 665 ἐκ
1585 621 1732 679 χειρὸς

288 694 458 749 Κυρίου
486 692 606 733 τοῦτο
635 690 888 745 λαμβάνεις,
927 688 1109 746 πρόσεχε
1145 692 1334 748 σεαυτῷ,
1374 685 1485 740 ὅπως
1510 692 1639 746 μέχρι
1664 692 1732 731 τέ-

287 762 386 807 λους
417 758 525 813 ζωῆς
553 772 629 799 σου
658 759 791 799 ταῦτα
826 753 962 799 πάντα
991 754 1200 814 φυλάξῃς,
1245 758 1318 799 καί
1356 752 1584 814 ἀναβάσεις
1611 756 1657 798 ἐν
1682 757 1732 812 τῇ

289 824 442 882 καρδίᾳ
472 838 548 866 σου
582 823 828 876 διαθέμενος
865 823 938 863 καί
972 827 1065 872 ταῖς
1093 823 1326 878 κρείττοσιν
1353 823 1525 879 οἷρεταῖς
1551 818 1788 874 κοσμού-ιο

289 905 436 944 μενος,
474 895 566 943 ταῖς
595 890 761 942 μείζοσι
787 889 868 931 τῶν
894 890 1074 943 βαθμῶν
1102 885 1240 940 οἷξίαις
1266 887 1383 946 παρὰ
1410 889 1486 930 τοῦ
1512 885 1736 932 πλουτοδό-

291 972 363 998 του
394 958 468 998 καί
493 954 613 1006 θείου
647 955 764 1010 ἡμῶν
804 953 1109 1011 αὖτοκράτορος
1135 954 1336 1013 ἐπιτύχῃς
1388 956 1463 998 καί
1502 952 1666 1006 ἔνδοξος
1691 955 1737 996 ἐν

95 1023 354 1079 Εεὶ.Ι,.362τῷ
383 1020 482 1078 ἱερῷ
524 1021 801 1080 κουβουκλείῳ
840 1017 1035 1078 γενήσῃ.”
1087 1022 1219 1062 ταῦτα
1257 1019 1360 1077 πρὸς
1401 1019 1529 1064 αὐτὸν
1559 1017 1687 1062 εἰπών
1712 1015 1742 1061 ὅ.

98 1086 565 1144 Με.αι2.ὶ)πραιπόσιτος
602 1085 763 1128 κελεύει
804 1085 931 1128 αὐτὸν
973 1085 1109 1143 τρίτον
1144 1087 1216 1130 ἐπὶ
1251 1089 1325 1143 τῆς
1350 1089 1426 1143 γῆς
1452 1084 1558 1142 πρὸς
1588 1087 1739 1129 ἄνατο-

297 1153 375 1204 λὰς
413 1154 700 1209 προσκυνῆσαι
738 1155 812 1194 καί
842 1154 898 1209 τῷ
939 1155 1031 1210 Θεῷ
1059 1155 1437 1208 α’πευχαριστῆσαι.
1493 1150 1579 1196 εἷθ’·
1602 1149 1792 1202 οὕτωςιό

300 1216 642 1273 οἳναλαμβάνεται
669 1217 714 1260 τὸ
754 1220 944 1274 χρυσοῦν
982 1217 1271 1273 παραγαύὸιον
1301 1218 1323 1260 ὃ
1353 1220 1626 1276 πραιπόσιτος
1653 1220 1737 1260 α’πὸ

297 1288 379 1331 τῶν
411 1286 542 1340 ἁγίων
570 1286 741 1341 θυρῶν,
774 1283 848 1326 καί
873 1281 1061 1326 ἐπενδύει
1091 1283 1240 1338 αὑτὸν,
1271 1286 1345 1327 καί
1376 1283 1637 1336 ἀσπάζονται,
1659 1286 1740 1326 αὕ-

277 1350 369 1402 ,τὸν
397 1350 436 1392 οἱ
474 1349 742 1407 πραιπόσιτοι
783 1351 856 1392 καί
885 1349 923 1392 οἱ
953 1349 1094 1392 λοιποὶ
1101 1385 1114 1404 ,
1153 1353 1226 1392 καί
1251 1349 1468 1405 ἐξάγουσιν
1495 1349 1626 1393 αὐτὸν
1654 1349 1737 1391 dud

298 1419 378 1459 τοῦ
404 1414 549 1471 βήλου.
576 1417 651 1463 καί
678 1416 800 1470 ἡνίκα
827 1417 988 1474 ἐξέλθῃ,
1017 1419 1159 1458 πίπτει
1185 1417 1256 1459 ἐπὶ
1285 1419 1360 1472 τῆς
1386 1419 1481 1472 γῆς,
1509 1418 1583 1458 καί
1611 1431 1742 1471 προσ-

302 1489 424 1526 κυνεῖ
450 1481 521 1524 τὸν
548 1483 739 1536 βασιλέα,
773 1481 846 1523 καί
873 1478 955 1524 εἶθ’
987 1479 1117 1532 οὕτως
1144 1481 1331 1537 ἐξάγεται
1356 1482 1472 1539 παρὰ
1502 1487 1584 1525 τῶν
1611 1497 1792 1539 noaz-20

303 1550 484 1591 ποσίτων
539 1547 610 1589 καί
638 1548 722 1590 τῶν
748 1549 823 1590 τοῦ
850 1551 1144 1603 κουβουκλείου
1187 1551 1246 1599 εἰς
1272 1547 1343 1591 τὸν
1371 1547 1626 1602 λαυσιακόν,
1669 1546 1744 1597 καὶ

305 1613 563 1666 ἀσπάζονται
592 1613 719 1656 αὐτὸν
746 1613 893 1664 πάντες
923 1613 962 1656 οἱ
987 1617 1060 1670 τῆς
1086 1616 1340 1671 συγκλήτου,
1369 1618 1443 1658 καί
1466 1613 1546 1672 πρὸ
1575 1613 1742 1657 πάντων

307 1682 347 1724 οἱ
374 1683 448 1723 τοῦ
475 1682 783 1735 κουβουκλείου.
839 1680 913 1723 καί
950 1678 1028 1724 εἷθ’
1071 1679 1200 1731 οὕτως
1241 1682 1486 1735 σκεπάζεται
1514 1681 1587 1724 καί
1613 1683 1744 1724 καθέ-

308 1827 575 1861 fraternitatem
599 1831 636 1861 et
664 1827 871 1861 sodalitium
896 1827 1084 1862 contrahat
1110 1840 1190 1863 cum
1210 1828 1420 1863 hominibus
1433 1828 1598 1873 perditis,
1623 1827 1749 1873 perni-

311 1876 444 1915 ciosis,
483 1885 655 1907 novarum
686 1886 804 1907 rerum
837 1875 1085 1918 studentibus3
1121 1886 1167 1909 ne
1187 1882 1374 1920 praetcrea
1400 1876 1540 1909 effutiat
1571 1881 1748 1908 secretum

311 1920 464 1966 aliquod
496 1922 746 1965 Imperatoris3
782 1926 824 1954 ut
848 1934 971 1955 omnes
997 1921 1190 1956 honoratos
1220 1923 1293 1956 sive
1322 1922 1468 1967 gradum
1488 1934 1552 1956 suo
1578 1924 1748 1966 priorem,

312 1970 387 2002 sive
415 1966 486 2001 sibi
510 1978 632 2014 parem
662 1967 844 2008 habeant,
873 1968 981 2002 verbo
1008 1975 1124 2003 totum
1157 1975 1342 2011 senatum,
1376 1969 1439 2003 sed
1463 1970 1616 2002 maxime
1640 1979 1750 2012 prae-

311 2015 451 2059 positos
483 2025 585 2055 suos,
618 2014 786 2052 honoret,
829 2015 921 2048 Huic
946 2016 1192 2050 adhortationi
1217 2017 1263 2050 ad
1285 2015 1536 2050 honorandum
1561 2014 1749 2047 cubicula-

314 2061 409 2094 rium
435 2061 549 2102 sactae
574 2061 676 2094 addit
698 2063 925 2105 praepositus
950 2062 1043 2096 hanc
1063 2063 1272 2097 formulam:
1326 2062 1439 2102 Vide,
1467 2060 1563 2095 unde
1587 2062 1752 2107 accipias

314 2106 555 2151 dignitatem,
590 2120 699 2154 quam
733 2120 830 2141 nunc
867 2110 1015 2155 accipis.
1062 2111 1216 2154 Nempe,
1245 2118 1284 2142 ut
1306 2110 1430 2154 palam
1454 2116 1532 2148 est,
1566 2121 1588 2142 a
1619 2117 1753 2142 sancta.

311 2161 434 2199 porta.
483 2155 703 2198 Recogitans
728 2155 867 2199 itaque,
893 2164 927 2188 te
954 2157 1057 2188 illam
1087 2168 1105 2190 e
1131 2168 1242 2189 manu
1265 2156 1337 2189 Dea?
1360 2156 1541 2199 accipere,
1574 2166 1666 2189 cura
1694 2153 1754 2188 di—

312 2200 495 2244 ligenter,
529 2208 594 2239 ut,
629 2199 755 2247 quoad
777 2202 940 2240 vixeris,
974 2210 1170 2247 praecepta
1194 2213 1274 2235 mea
1299 2201 1507 2241 custodias,
1541 2201 1755 2247 dispositos-

315 2256 386 2291 que
414 2244 548 2279 habens
574 2247 614 2278 in
638 2246 746 2280 corde
777 2255 839 2280 tuo
871 2246 1007 2291 gradus
1041 2247 1290 2293 [pulchrarum
1325 2247 1464 2281 dot1'um
1495 2259 1591 2283 unos
1623 2247 1754 2282 alteris

316 2292 485 2338 altiores]
508 2300 733 2338 ornatusque
758 2293 902 2338 optimis
927 2295 1147 2336 virtutibus,
1182 2295 1341 2328 maiores
1363 2294 1539 2329 honorum
1563 2293 1704 2342 gradus
1729 2305 1754 2327 a

316 2337 538 2372 divitiarum
561 2338 763 2383 largitore,
786 2338 918 2373 divino
942 2349 1067 2375 nostro
1090 2341 1336 2387 Imperatore,
1369 2343 1629 2386 consequaris,
1654 2350 1689 2375 et
1707 2341 1756 2374 il-

317 2385 446 2419 lustris
470 2386 512 2418 in
532 2396 638 2419 sacro
662 2386 926 2432 cubiculojias.
978 2388 1041 2420 His
1066 2387 1183 2428 dictis,
1213 2387 1318 2421 iubet
1343 2399 1423 2422 eum
1448 2389 1676 2433 praepositus
1698 2393 1756 2421 ter

318 2430 429 2465 humo
453 2431 678 2476 prolapsum,
711 2432 814 2466 vultu
839 2433 886 2466 ad
910 2434 1085 2468 orientem
1110 2445 1291 2476 convers0‚
1317 2436 1431 2469 Deum
1457 2435 1618 2477 adorare,
1645 2435 1757 2480 eique.

321 2479 453 2523 gratias
478 2489 592 2522 agere.
640 2480 736 2513 Dein
761 2480 869 2513 sumit
893 2491 1040 2513 aureum
1063 2482 1318 2526 paragaudium
1345 2492 1364 2514 e
1391 2493 1487 2516 sacra
1512 2488 1640 2527 porta,
1665 2482 1758 2526 ἱρεί-Δ

323 2535 395 2570 que
433 2524 472 2558 id
504 2524 633 2559 induit.
683 2526 776 2558 Tum
808 2527 966 2561 salutant
998 2539 1079 2560 eum
1111 2529 1307 2573 praepositi
1339 2531 1546 2576 ceterique,
1583 2534 1621 2563 et
1654 2533 1760 2562 extra

322 2571 444 2605 velum
468 2571 501 2605 S.
538 2571 723 2606 Theodori
755 2573 926 2611 educunt.
984 2574 1155 2618 Egressus
1187 2576 1393 2620 procumbit
1424 2576 1528 2610 humi
1561 2582 1598 2610 et
1631 2575 1758 2608 adorat

325 2617 604 2666 Imperatorem3
633 2625 710 2652 tum
736 2620 902 2654 educitur
930 2632 950 2654 a
983 2621 1197 2667 praepositis
1222 2628 1259 2656 ct
1283 2623 1515 2657 cubiculariis
1548 2624 1587 2656 in
1622 2622 1758 2663 lausia-

327 2675 426 2705 cum,
464 2665 528 2699 ubi
553 2672 734 2700 senatores
760 2677 907 2708 omnes,
944 2674 981 2701 et
1006 2669 1122 2713 primo
1156 2670 1302 2715 quidem
1339 2670 1418 2704 loco
1453 2670 1688 2709 cubicularii,
1722 2668 1759 2702 ei

327 2711 562 2755 gratulantur.
612 2713 688 2747 Hoc
713 2714 828 2756 facto,
865 2715 954 2760 tegit
979 2727 1098 2750 rursus
1121 2721 1250 2763 caput,
1274 2722 1310 2752 et
1333 2723 1485 2764 occupat
1507 2716 1759 2755 sedemsualm
