1878 3112
287 118 398 186 534
554 138 909 180 CONSTANTINI
950 139 1441 186 PORPHYRoomln

282 239 454 280 σελλίων
481 239 709 290 τιθεμένων
746 239 829 280 τῶν
875 238 958 279 ὑπὸ
987 240 1067 281 ταῖν
1100 243 1532 299 α’ρχοντογεννημάτων
1558 248 1716 300 flaura-

285 304 465 356 ζὀμένων
487 334 498 355 ,
544 304 819 354 καθέζονται,
859 306 1010 357 μέχρις
1048 301 1099 348 ἂν
1137 306 1160 347 ὅ
1199 310 1460 365 πατριάρχης
1499 310 1606 364 μετὰ
1641 314 1715 366 τῆς

91 369 623 422 Με.18ι.1)ἐκκλησιαστικής
651 369 767 422 λιτῆς
796 367 1032 422 καταλάβοι.
1090 372 1223 414 ἰστέον
1232 407 1244 425 ,
1276 371 1341 416 ὅτι
1367 375 1392 428 ἦ
1423 374 1538 431 λιτὴ,
1565 379 1715 433 μέχρις

285 428 337 474 ἂν
366 434 533 489 εἰσέλθῃ
574 431 647 487 τήν
676 432 809 487 πύλην
836 436 910 488 τῆς
942 435 1072 491 αὐλῆς
1106 438 1186 477 τῶν
1213 439 1445 492 παλατίων,
1484 441 1638 494 ψάλλει
1664 440 1711 483 τὸ

282 494 534 553 τροπάριον·
587 499 690 551 „tofi
715 501 903 554 σταυροῦ
930 515 1005 541 σου
1036 499 1105 542 τὸν
1130 502 1260 545 τύπον
1290 506 1334 545 ἐν
1363 505 1526 562 οὐρανῷ
1555 506 1742 548 &faovi-5

282 565 448 616 μενος·”
505 563 577 604 καὶ
613 562 719 616 μετὰ
749 561 794 605 τὸ
823 566 1024 607 εἰσελθεῖν
1053 566 1129 621 τὴν
1166 566 1297 623 πύλην
1336 564 1509 624 ἄρχεται
1540 569 1715 623 ψάλλειν

283 630 367 670 τῶν
394 629 621 682 ἐγκαινίων,
649 623 773 684 ἤγουν
801 627 847 671 τὸ
878 630 1006 682 »δόξα
1037 631 1114 684 σοι’,
1146 635 1305 688 Χριστὲ
1335 632 1356 675 ὅ
1386 633 1506 689 Θεὸς,
1535 632 1716 677 ἆποστό-

241 695 366 735 cleon
394 691 626 748 καόχημα.”
681 697 755 737 καί
795 694 845 750 δή
874 698 947 737 τοῦ
977 695 1236 754 πατριάρχου
1266 698 1568 754 πλησιάσαντος
1594 701 1640 742 ἐν
1661 692 1716 756 τῷ

279 757 416 816 τόπῳ,
455 760 500 800 ἐν
528 753 561 817 ᾧ
593 761 840 810 καθέζονται
870 761 907 802 οἱ
941 761 1159 815 δεσπόται,
1203 759 1472 817 ἆνιστάμενοι
1500 763 1539 806 οἱ
1568 765 1714 806 δεσπό-

280 841 350 866 ται
378 824 572 878 δέχονται
600 827 761 867 τοῦτον.
818 828 889 867 καί
925 827 1084 872 εὐθέως
1122 831 1295 869 τελεῖται
1329 829 1354 884 ἦ
1385 829 1612 871 ἀκολουθία
1637 829 1772 871 τῶνιο

289 889 531 942 ἐγκαινίων,
564 888 706 939 καθώς
734 889 915 933 εἰθισται
942 893 991 948 τῇ
1022 893 1332 950 ἑκκλησιαστικῇ
1360 893 1622 947 καταστάσει,
1650 895 1722 935 καί

287 956 372 996 τῶν
400 953 596 1005 α’νοίξεων
623 959 912 1009 τελεσθέντων,
941 957 1198 1013 εἰσέρχονται
1220 957 1258 1000 οἱ
1289 957 1487 1001 δεσπόται
1512 958 1616 1012 μετὰ
1643 959 1722 1000 τοῦ

283 1016 568 1074 πατριάρχου,
611 1022 684 1062 καί
723 1022 976 1075 ἀπέρχονται
1004 1023 1049 1064 ἐν
1074 1025 1132 1079 τῷ
1157 1022 1314 1077 βήματι
1341 1025 1419 1064 τοῦ
1445 1023 1566 1078 ἁγίου
1594 1027 1720 1067 Κων-

283 1085 527 1125 σταντίνου·
585 1086 602 1140 (
613 1083 663 1126 τά
692 1083 772 1141 γὰρ
803 1088 934 1127 ἐκεῖσε
973 1086 1140 1141 βήματα
1150 1122 1163 1140 ,
1207 1086 1254 1129 τὸ
1297 1090 1376 1141 μὲν
1414 1089 1458 1130 ἓν
1497 1090 1571 1143 τῆς
1598 1086 1721 1142 ἁγίας

278 1148 440 1202 Ἑλένης
469 1148 670 1203 ὑπάρχει,
702 1148 749 1191 τὸ
778 1151 824 1191 δὲ
851 1150 1019 1206 ἕτερον,
1049 1154 1094 1193 ἐν
1121 1147 1156 1210 ᾧ
1182 1152 1254 1193 καί
1281 1151 1326 1195 τὸ
1357 1153 1566 1208 α’ργυροῧν
1593 1151 1773 1206 afflui-15

288 1228 401 1269 ριον,
442 1215 519 1254 τοῦ
548 1215 669 1268 ἁγίου
711 1217 1030 1258 Κωνσταντίνου
1058 1216 1296 1275 τυγχάνει·)
1355 1217 1518 1259 κᾶκεῖσε
1548 1216 1617 1259 διά
1648 1219 1721 1272 τῆς

247 1279 462 1343 Βτριισσῆς
490 1278 596 1331 μετὰ
627 1281 710 1321 τῶν
738 1282 873 1336 κηρῶν
901 1279 1216 1337 προσκυνήσεως
1256 1284 1637 1338 α’πευχαριστοῦσιν
1663 1285 1722 1341 τῷ

290 1343 394 1399 Θεῷ,
423 1344 495 1384 καί
517 1343 850 1400 ὑποστρέφοντες
878 1347 921 1396 ἐξ
953 1348 1178 1402 α’ριστερᾶς
1205 1348 1455 1402 οἷνέρχονται
1482 1346 1531 1389 τὰ
1559 1346 1719 1403 βάθρα,

287 1407 361 1449 καί
386 1410 575 1450 ἵστανται
591 1408 828 1463 ἔμπροσθεν
847 1413 926 1452 τοῦ
938 1413 1122 1465 μεγάλου
1143 1414 1330 1467 σταυροῦ
1358 1414 1435 1453 τοῦ
1461 1411 1579 1466 ἁγίου
1599 1414 1723 1455 Κων-

287 1475 519 1527 σταντίνου,
539 1471 801 1527 ἐκδεχόμενοι
819 1474 891 1530 τήν
903 1478 980 1517 τοῦ
995 1475 1113 1530 ἁγίου
1133 1476 1373 1531 εὐαγγελίου
1387 1477 1630 1531 άνάγνωσιν,
1651 1475 1776 1524 naim)

287 1535 361 1592 τήν
387 1540 460 1594 τῆς
484 1540 671 1589 ἐκτενοῦς
693 1539 918 1594 α’πόλυσιν,
949 1542 1198 1598 α’νέρχονται
1223 1543 1267 1584 ἐν
1291 1544 1349 1600 τῷ
1373 1543 1503 1584 ἐκεῖσε
1520 1540 1720 1600 παλατίῳ,

290 1740 350 1761 um
386 1734 423 1763 ct
457 1741 522 1774 per
545 1730 639 1763 viam
656 1756 664 1771 ‚
689 1741 782 1776 quae
807 1729 912 1762 illinc
935 1731 973 1762 in
999 1729 1176 1775 palatium
1201 1731 1292 1764 Boni
1321 1730 1432 1771 ducit,
1459 1730 1572 1762 intrat
1594 1729 1632 1760 in
1657 1739 1722 1760 au-

289 1775 361 1807 lam
388 1777 526 1820 palatii.
575 1777 747 1810 Residcnt
769 1777 823 1808 ibi
848 1776 953 1809 ambo
987 1778 1224 1822 Imperatores
1253 1778 1293 1809 in
1319 1777 1416 1809 sellis
1442 1787 1506 1821 per
1530 1774 1723 1807 archonto-

290 1828 501 1865 gennemata
525 1834 586 1855 seu
614 1824 750 1856 valetos
790 1823 910 1856 allatis
944 1829 980 1856 et
1011 1823 1064 1855 ibi
1091 1823 1264 1868 depositis
1282 1849 1291 1864 ,
1315 1828 1574 1868 exspectantes,
1601 1819 1723 1866 quoad

289 1869 496 1912 patriarcha
524 1881 603 1901 cum
630 1870 869 1902 ecclesiastica
895 1869 1182 1914 supplicabunda
1208 1871 1436 1914 processione
1463 1868 1588 1901 eodem
1613 1867 1723 1901 adve-

290 1915 396 1948 nerit.
447 1918 608 1948 Intrante
640 1917 702 1948 illa
735 1917 966 1960 processione
1003 1917 1042 1949 in
1067 1922 1208 1962 portam
1233 1917 1336 1948 aulae
1361 1915 1508 1960 palatii,
1532 1920 1637 1948 sonat
1659 1912 1724 1945 ad-

290 1959 362 1993 huc
398 1963 596 2006 troparium
629 1962 735 1995 modo
766 1967 1020 1996 memoratum:
1069 1965 1196 1997 Crucis
1225 1971 1309 1997 tuae
1335 1968 1414 2003 etc.‚
1437 1973 1478 1994 ea
1507 1971 1591 1995 vero
1618 1963 1722 2003 porta

293 2008 629 2052 transita,-incipit
660 2010 857 2052 troparium
895 2009 974 2041 cani
1009 2008 1083 2041 diei
1118 2009 1372 2041 encaeniorum
1407 2008 1464 2040 vel
1485 2005 1722 2040 dedicationis

289 2053 490 2096 proprium,
517 2055 654 2086 scilicet
671 2055 778 2095 illud,
804 2055 901 2099 quod
915 2055 1045 2098 incipit
1069 2066 1089 2086 a
1111 2055 1250 2088 verbis:
1278 2055 1408 2088 Gloria
1433 2054 1481 2087 sit
1504 2053 1585 2092 tibi,
1613 2050 1723 2085 Chri-

291 2107 343 2132 ste
366 2099 464 2132 Deus
479 2126 488 2142 ,
514 2103 580 2145 qui
604 2113 642 2134 es
660 2110 907 2145 argumentum
929 2102 1169 2146 gloriationis
1188 2101 1450 2146 Apostolorum.
1498 2096 1723 2132 patriarchae

291 2148 369 2176 tum
406 2144 451 2176 ad
487 2146 591 2178 illum
625 2146 743 2178 locum
777 2146 1104 2191 appropinquanti,
1139 2148 1178 2178 in
1203 2157 1275 2191 quo
1316 2145 1443 2178 sedent
1466 2145 1722 2189 Imperatores,

290 2195 482 2233 assurgunt
512 2189 571 2232 hi,
604 2196 639 2224 et
675 2191 918 2224 beneventant
953 2193 1080 2236 ipsum.
1137 2193 1377 2236 Protinusque
1410 2191 1594 2235 perficitur
1631 2190 1722 2223 ritus

295 2236 546 2268 encaeniorum
580 2248 642 2269 seu
679 2237 936 2278 dedicationis,
963 2243 1163 2270 sanctarum
1187 2248 1316 2282 nempe
1341 2238 1518 2278 crucium,
1547 2235 1724 2282 quemad-

291 2282 439 2314 modum
465 2282 660 2315 secundum
686 2285 960 2316 constitutiones
994 2285 1248 2316 ecclesiasticas
1278 2285 1357 2317 fieri
1382 2294 1457 2316 mos
1483 2288 1555 2326 est3
1581 2287 1618 2314 et
1641 2287 1724 2327 post

291 2335 455 2374 peractas
484 2339 637 2361 anoexes
665 2327 743 2376 [seu
770 2330 1003 2371 cerimonias,
1030 2341 1123 2376 quae
1147 2330 1368 2375 praecedunt
1383 2330 1606 2374 apertionem
1631 2333 1723 2361 tem-

290 2375 379 2421 pul,
404 2375 540 2407 intrant
567 2376 713 2408 Domini
750 2387 828 2408 cum
859 2377 1060 2421 patriarcha
1089 2376 1141 2423 [in
1167 2377 1273 2409 aedes
1299 2387 1435 2417 sacras,
1461 2386 1553 2421 quae
1577 2380 1661 2408 sunt
1683 2375 1724 2408 in

290 2421 428 2465 palatio
455 2420 559 2468 Boni]
582 2446 591 2461 ‚
622 2421 895 2468 proceduntque
929 2423 974 2455 ad
1004 2423 1108 2456 bema
1143 2423 1177 2456 S.
1204 2423 1445 2456 Constantini.
1495 2423 1604 2464 (Sunt
1627 2421 1725 2454 enim

290 2466 346 2502 ibi
370 2467 447 2500 duo-
467 2466 609 2499 bemata
625 2493 634 2507 ‚
659 2479 769 2500 unum
807 2470 840 2502 S.
877 2469 1058 2510 Helenae,
1083 2470 1235 2502 alterum
1263 2469 1296 2502 S.
1323 2469 1574 2508 Constantini,
1598 2477 1726 2511 argen-

289 2518 350 2545 teo
379 2513 515 2546 ciborio
541 2515 735 2559 ornatum.)
782 2516 853 2548 Ter
877 2513 931 2547 ibi
950 2526 1029 2548 cum
1047 2516 1157 2548 cereis
1177 2516 1329 2547 adorant
1350 2516 1485 2555 Deum,
1512 2518 1549 2546 et
1570 2513 1725 2546 redeunt

292 2558 462 2603 deinceps
498 2571 517 2591 a
555 2561 699 2593 sinistra
733 2566 855 2606 parte,
890 2562 1088 2596 ascendunt
1113 2561 1239 2607 gradus
1265 2560 1312 2593 ad
1335 2571 1498 2605 magnam
1524 2570 1662 2592 crucem
1689 2559 1722 2592 S.

293 2605 523 2638 Constantini
556 2606 748 2648 ‹lucentcs3
784 2613 824 2640 'et
848 2608 1048 2642 consistunt
1083 2619 1200 2641 coram
1225 2619 1284 2648 ea,
1309 2607 1568 2652 praestolantes
1594 2605 1722 2637 recita-

288 2651 426 2684 tionem
463 2652 575 2686 saneti
602 2653 799 2697 evangelii,
825 2659 872 2693 et,
906 2659 1051 2687 extensa
1085 2655 1200 2696 finita,
1234 2653 1433 2687 ascendunt
1473 2653 1512 2685 in
1544 2651 1720 2696 palatium

289 2697 425 2742 templo
451 2699 671 2744 contiguum,
694 2704 912 2746 peractaque
947 2701 1093 2746 liturgia
1130 2711 1193 2735 seu
1219 2699 1342 2736 divino
1367 2698 1504 2740 officio,
1529 2697 1722 2743 epulantur
