1878 3112
352 119 422 158 DE
458 116 714 159 CERIMON.
751 117 930 159 AULAE
968 116 1186 158 BYzAN'r.
1226 119 1260 158 1.
1289 118 1359 163 9⁴.
1457 95 1587 162 431·

734 241 872 281 ΚΕΦ.
897 237 979 281 56¹.

488 325 756 373 ’Λναγόρευσις
778 328 944 364 Λέοντος
977 327 1046 361 τοῦ
1067 328 1221 374 μικροῦ.

247 413 489 469 Ἀναγκαῖον
526 415 776 468 ἐνομίσαμεν
816 417 961 468 εἰπεῖν,
999 412 1111 465 ὅπως
1138 418 1210 459 καί
1251 415 1447 471 βασιλεύς
1487 416 1570 458 ὖπό

141 481 347 532 βασιλέως
371 478 540 533 γίνεται.
593 481 665 522 ε’πί
689 475 772 521 ‘tofi‘
794 483 870 535 τῆς
894 482 1025 530 θείας
1040 481 1182 524 τοίνυν
1208 481 1361 538 λήξεως
1386 484 1566 532 Λέοντος
1574 485 1723 521 kls-¹68·
1742 494 1765 516 a

117 545 271 589 5Λέων
297 541 320 584 6
345 541 496 599 μικρὸς
523 549 677 599 καῖσαρ
718 540 779 587 αἲν
828 547 985 599 ἐγένετο
1026 544 1242 600 βασιλεύς.
1297 549 1450 602 συνέβη
1488 544 1569 602 γὰρ

141 610 314 662 νοσῆσαι
339 610 504 652 Λέοντα
531 607 605 651 τὸν
630 611 705 664 τῆς
729 610 851 661 θείας
878 610 1028 666 λήξεως
1042 645 1055 664 ,
1082 610 1154 654 τὸν
1181 611 1318 653 αἰτοῦ
1342 615 1468 665 θεῖον,
1496 612 1574 668 τὴν

139 673 389 716 ἕπιθάνατον
415 674 562 726 νόσον,
603 677 674 717 καί
698 676 935 732 παρεκλήθη
962 674 1070 718 ὥστε
1094 678 1265 732 ποιῆσαι
1291 676 1365 720 τὸν
1387 677 1605 735 καίσαραΒ

139 739 343 792 βασιλέα.
396 741 448 796 τῇ
487 734 560 782 οὖν
599 739 678 795 πρὸ
718 743 938 784 δεκαπέντε
966 744 1205 788 Καλανδῶν
1230 741 1498 797 Δεκεμβρίων
1525 745 1572 785 ἐν

139 801 296 862 ὖπατίᾳ
322 806 503 853 Λέοντος
528 807 606 847 τοῦ
631 807 799 861 μικροῦ,
826 809 1056 863 μαγίστρου
1085 802 1202 856 ὄντος
1229 807 1448 861 Εὖσεβίου,
1476 825 1575 866 συνξ

94 869 270 922 ιοῆλθον
297 868 341 909 ἐν
366 871 422 926 τῷ
448 869 598 927 ἱππικῷ
616 869 638 911 6
670 871 799 924 δῆμος
818 873 891 913 καί
919 870 958 912 οἱ
985 874 1247 927 πρεσβευταί·
1303 870 1468 928 (πολλοὶ
1490 871 1570 928 γὰρ

141 930 290 986 ἔτυχον
310 927 424 982 ὄντες
455 935 655 987 ἐνταῦθα,
686 936 756 978 καί
781 936 827 978 ἐκ
854 936 1072 992 διαφόρων
1093 938 1260 994 ἐθνῶν)
1295 939 1367 979 καί
1385 936 1424 979 οἷ
1443 954 1572 993 στρα-

141 998 290 1038 τιῶται
315 996 466 1047 πάντες
489 997 592 1050 μετὰ
621 1001 704 1043 τῶν
730 1002 879 1054 σίγνων
906 1002 952 1042 ἐν
978 1002 1038 1058 τῷ
1065 1001 1262 1055 στάματι,
1290 1003 1363 1044 καί
1382 1000 1570 1057 ἔκραζον,

141 1060 165 1102 6
190 1063 270 1114 μὲν
297 1062 424 1116 δῆμος
444 1063 688 1118 ‘miquo-tl,
733 1067 1031 1121 προτρέποντες
1068 1066 1139 1107 τὸν
1163 1056 1339 1120 βασιλέα
1366 1063 1570 1123 α’νελθεῖν,

142 1125 182 1168 οἱ
210 1128 258 1168 δὲ
284 1129 534 1182 στρατιῶται
565 1128 822 1181 Ῥωμαϊστί·
878 1129 950 1171 καί
981 1127 1162 1186 ἆνῆλθεν
1190 1130 1213 1172 6
1241 1131 1458 1185 βασιλεῦς,
1497 1134 1572 1187 δη-

93 1188 403 1247 ι5ριγευόμενος
428 1191 509 1233 ὑπὸ
536 1195 607 1248 τῆς
633 1194 877 1250 συγκλήτου.
933 1192 955 1237 6
986 1197 1033 1237 δὲ
1059 1202 1212 1252 καῖ’σαρ
1243 1195 1328 1239 ἔσω
1357 1192 1413 1253 ἧν
1440 1200 1485 1240 ἐν
1511 1200 1571 1256 τῷ

139 1258 342 1314 τρικλίνῳ,
369 1254 473 1298 ἔνθα
492 1257 590 1307 τοὺς
609 1258 903 1315 συγκλητικοῦς
922 1262 1097 1315 δέχεται,
1125 1261 1199 1303 καί
1218 1261 1240 1303 ὅ
1258 1262 1575 1318 ἄρχιεπισκοπος
1587 1273 1615 1307 C

57 1326 62 1328 '
101 1316 210 1375 ἷῆς
234 1313 603 1372 π’ὅῖεως-Ἀκὰκιος
628 1323 708 1367 σύν
735 1325 850 1382 αὕτῷ
862 1359 876 1379 ‚
916 1328 988 1367 καί
1012 1325 1108 1382 ἔστη
1137 1326 1159 1369 6
1188 1323 1387 1380 βασιλεῦς
1413 1331 1572 1386 ἒμπρὸς

137 1387 214 1439 τῆς
238 1388 405 1442 σέλλης,
453 1388 525 1430 καὶ
550 1386 682 1439 οὕτως
709 1385 861 1446 ἤρξατο
888 1398 1152 1447 προσφωνεῖν
1178 1398 1263 1441 τοῖς
1289 1393 1567 1448 στρατιώταις

138 1449 212 1492 καί
234 1452 292 1508 τῷ
319 1451 449 1510 δήμῳ,
476 1452 550 1495 καὶ
568 1451 739 1510 ἔκραζον
775 1455 936 1506 πάντες·
992 1460 1364 1511 ,,παρακαλοῦμεν,
1393 1459 1462 1500 ἵνα
1490 1477 1567 1502 κα-

86 1517 337 1572 αο-’ἢεσθῇς”
366 1516 438 1558 καί
460 1517 669 1572 ἠσπάσατο
698 1519 770 1562 τὸν
799 1522 940 1576 δῆμον,
969 1521 1043 1563 καὶ
1065 1519 1270 1575 ἐκάθισεν,
1298 1521 1370 1563 καὶ
1394 1521 1567 1579 ἔκραξεν

139 1573 176 1618 δ’
190 1579 318 1634 δῆμος
349 1579 395 1623 τὰ
419 1577 694 1636 ,,αιῖγουστε·”
724 1583 799 1626 καί
817 1585 942 1627 πάλιν
962 1584 1114 1627 πολλαὶ
1127 1587 1269 1642 φωναί
1284 1587 1462 1641 ἐγίνοντο
1482 1605 1564 1630 πα·-

758 1704 851 1739 CAP.
875 1705 932 1751 94.

547 1771 791 1818 Inungui-atio
815 1773 951 1808 Leonis
971 1775 1147 1811 Iunior-is.

226 1847 300 1880 Iam
323 1845 517 1889 videamus,
541 1849 722 1894 quomodo
734 1851 931 1896 Imperator
957 1852 1003 1886 ab
1027 1853 1245 1899 Imperatore
1268 1860 1422 1893 creetur.
1469 1857 1562 1891 Nam

135 1896 175 1925 et
195 1890 265 1926 hoc
296 1895 533 1928 necessarium
565 1894 664 1930 dictu
699 1902 874 1940 putamus.
921 1899 995 1933 Leo
1019 1911 1165 1944 magnus
1190 1912 1272 1945 ergo
1295 1900 1371 1947 (hic
1395 1905 1560 1947 exemplo

135 1938 197 1983 sit)
219 1938 345 1972 morbo
370 1939 584 1974 decumbens
609 1953 670 1982 eo,
694 1943 756 1987 qui
777 1944 923 1977 ultimus
947 1946 1019 1990 ipsi
1045 1948 1217 1992 contigit,
1240 1953 1410 1993 nepotem
1435 1960 1455 1982 e
1485 1950 1560 1983 filia

133 1994 239 2017 suum
259 1985 415 2019 Leonem
434 1987 628 2027 iuniorem,
651 1993 727 2021 tum
752 1990 960 2032 Caesarem,
982 1990 1128 2026 hortatu
1151 2004 1339 2038 procerum
1364 1996 1404 2028 in
1441 1995 1562 2040 Impe-

134 2035 287 2064 ratorem
308 2031 537 2076 provehebat.
584 2033 692 2078 Quod
715 2035 768 2068 sic
790 2042 985 2080 peractum.
1030 2039 1101 2072 Die
1124 2040 1200 2076 XV.
1225 2040 1298 2076 Cal.
1322 2041 1558 2082 Decembres,

134 2074 214 2108 Gor.
238 2077 359 2110 Leone
381 2079 548 2121 Iuniore,
573 2079 741 2124 Magistro
763 2083 940 2123 Eusebio,
966 2085 1229 2120 conveniebant
1260 2087 1300 2120 in
1323 2088 1419 2120 circo
1442 2099 1560 2133 popu-

131 2119 189 2154 lus
211 2127 249 2156 et
270 2123 402 2167 legati,
426 2127 488 2170 qui
511 2131 587 2159 tum
610 2125 707 2160 haud
729 2129 835 2172 pauci
848 2130 1022 2163 variarum
1047 2133 1207 2175 gentium
1230 2133 1397 2177 aderant3
1425 2139 1463 2167 et
1484 2135 1557 2167 mi-

131 2165 216 2200 lites
247 2179 370 2203 omnes
407 2171 636 2218 omniumque
668 2173 832 2207 ordinum
863 2187 943 2209 cum
966 2177 1076 2222 signis
1103 2179 1143 2212 in
1169 2183 1341 2220 stamate,
1366 2185 1403 2213 et
1426 2181 1558 2214 clama-

132 2211 240 2259 bant,
263 2217 419 2259 populus
443 2217 587 2262 quidem
612 2220 760 2260 Graece,
785 2227 949 2266 rogantes
971 2224 1227 2268 Imperatorem
1243 2251 1253 2267 ,
1270 2226 1361 2259 velit
1383 2225 1429 2259 ad
1451 2237 1490 2260 se
1517 2227 1558 2262 in

131 2256 265 2293 circum
286 2262 493 2304 ascendere,
516 2265 649 2298 milites
680 2271 798 2299 autem
822 2267 961 2302 Latine.
1009 2270 1236 2305 Ascendebat
1258 2273 1368 2317 igitur
1391 2273 1553 2317 Impera-

133 2307 191 2336 tor
219 2303 392 2340 deductus
428 2319 448 2341 a
472 2316 607 2343 senatu.
668 2311 797 2346 Caesar
822 2319 942 2347 autem
965 2316 1063 2349 intus
1089 2318 1258 2351 manebat
1281 2319 1320 2351 in
1346 2319 1410 2352 illo
1435 2319 1555 2351 tricli-

132 2349 214 2388 nio,
238 2350 276 2383 in
299 2364 369 2397 quo
394 2354 587 2398 Imperator
614 2363 793 2392 senatores
821 2361 986 2404 excipere
1011 2363 1128 2404 solet,
1166 2375 1312 2410 unaque
1336 2365 1407 2409 ipsi
1430 2364 1553 2397 aderat

129 2393 300 2436 Aeacius,
323 2398 606 2446 archiepiscopus
635 2404 748 2436 Urbis.
797 2404 1015 2450 Imperator,
1049 2413 1091 2441 ut
1115 2409 1154 2443 in
1179 2410 1365 2456 bippicum
1387 2414 1554 2449 venerat,

127 2441 350 2476 consistebat
373 2456 487 2479 coram
510 2448 596 2480 sella
619 2459 682 2482 seu
707 2449 858 2492 throno,
890 2458 927 2486 et
969 2455 1020 2486 sic
1041 2459 1138 2488 stans
1162 2456 1364 2500 incipiebat
1386 2455 1431 2488 ad
1455 2456 1554 2487 mili-

129 2490 184 2518 tes
211 2491 248 2519 et
270 2489 442 2532 populum
465 2503 649 2536 perorare3
665 2494 728 2528 sed
754 2497 999 2532 exclamabant
1021 2511 1160 2534 omnes:
1186 2503 1364 2547 Auguste,
1387 2512 1556 2545 rogamus

130 2532 221 2565 velis
251 2533 447 2569 considere.
495 2537 631 2572 Gratias
654 2547 842 2585 propterea
856 2545 989 2589 populo
1007 2547 1135 2590 agebat
1147 2547 1303 2592 benigna
1323 2548 1553 2586 salutatione,

129 2580 169 2608 et
190 2576 395 2620 desidebat,
419 2587 457 2615 et
485 2585 638 2628 populus
672 2587 866 2623 clamabat:
903 2592 1084 2636 Auguste,
1109 2593 1329 2638 vocibusque
1354 2592 1554 2636 frequenti-

129 2619 197 2659 bus
220 2623 289 2669 ipsi
314 2626 486 2662 tendebat
506 2630 733 2675 persuadere,
758 2638 799 2667 ut
822 2635 1076 2681 Imperatorem
1100 2644 1299 2675 coronaret·
1346 2637 1474 2672 Multis
1498 2636 1554 2670 vi-
