1878 3112
271 128 377 202 74²
539 146 895 190 CONSTANTlNl
946 146 1427 201 PORPHYROGENm
1451 142 1454 146 ’

266 244 502 302 ἇκουβίτων
539 246 768 305 τιμιωτάτῃ
810 249 993 306 τραπέζῃ
1035 250 1102 291 δεῖ
1135 249 1248 304 ὑμᾶς
1281 254 1422 293 καλεῖν
1444 247 1715 306 μαγῖστρουζ·

267 313 369 368 δύο,
397 310 667 363 ἅνθυπάτους
693 312 946 369 πατρικίους,
975 314 1229 371 στρατηγούς
1255 318 1311 370 ἓξ,
1338 313 1607 371 Βουλγάρους
1640 317 1713 372 φιῖ-

266 383 367 428 λονς
396 376 488 432 δύο,
518 377 816 435 ὄφφικιαλίονς
844 375 928 420 ἆπὸ
957 380 1032 435 τῆς
1057 383 1134 422 τοῦ
1160 381 1458 438 στρατιωτικοῦ
1485 383 1711 436 loyce-{rev

266 443 420 495 τάξεως
449 442 523 485 καί
547 445 770 500 κατωτέρω
801 443 902 498 δύο,
945 444 1049 502 πρὸς
1075 445 1124 487 τὸ
1153 447 1518 503 συνανακληθῆναι
1545 449 1603 504 τῷ
1629 449 1712 501 βα-

269 514 383 552 σιλεῖ
418 510 477 559 εἰς
519 506 647 552 τύπον
672 512 744 566 τῆς
770 507 1048 566 ἆποστολικῆς
1074 510 1335 566 δωδεκάδος,
1379 515 1530 568 φίλους
1558 509 1632 554 τὰν
1659 511 1738 553 οἷ-5

72 573 426 632 Εά.1,.43οριθμὸν
456 572 524 630 ιβ’·
579 575 842 632 προκισεύειν
869 578 915 618 δὲ
944 573 1103 629 αὖτούς
1131 579 1200 620 δεῖ
1236 577 1436 634 στιχηδὸν
1462 575 1566 620 κατὰ
1595 575 1713 627 τάξιν

267 645 341 698 τῆς
369 639 544 684 ἑκάστου
571 642 714 696 ἀξίας,
765 643 1064 697 ἐνδεδυμένους
1088 642 1164 694 τὰς
1201 645 1352 694 οἰκείας
1379 644 1521 686 αὐτῶν
1546 642 1714 698 χλαμύ-

269 710 349 757 δας
377 709 638 767 ἐμπροσθεύρ
665 710 723 766 τῷ
749 709 957 765 σχήματι,
1016 707 1348 764 ὑποδεδεμένους
1386 710 1434 752 δὲ
1471 708 1546 751 καὶ
1568 706 1620 751 τοὶ
1651 710 1715 750 οἶ-

269 779 360 817 κεῖα
387 772 628 830 καμπάγια,
667 775 740 818 καί
766 776 1000 830 εἰσαγαγεῖν
1029 775 1186 826 αὖτοὺς
1222 773 1330 830 μετὰ
1357 774 1433 831 τήν
1461 771 1606 832 ἄφιξιν
1631 774 1714 816 τῶν

268 839 507 895 μελλόντων
533 843 802 897 παραστᾶναι
827 842 1057 895 βασιλικῶν
1093 838 1318 898 ὑπουργῶν
1345 856 1391 883 τε
1415 839 1489 883 καὶ
1512 837 1768 895 βουκαλί-ιο

271 923 329 949 ων
345 940 358 960 ,
386 903 573 963 δηλονότι
596 906 790 961 λαβόντος
816 906 863 950 τό
893 910 1036 964 σχῆμα
1063 909 1142 950 τοῦ
1167 908 1419 964 καστρησίου
1446 908 1520 962 τῆς
1546 909 1712 960 βασιλι-

267 975 343 1029 κῆς
369 974 574 1029 τραπέζης
599 971 716 1030 παρα
744 975 820 1016 τοῦ
848 968 1012 1016 ἄνωθεν
1027 975 1290 1030 παρεστῶτος
1311 974 1570 1030 περιφανοῦς
1592 987 1714 1028 πραι-

267 1039 469 1092 ποσίτου,
516 1037 591 1081 καὶ
632 1041 996 1096 συνανερχομένου
1041 1039 1187 1089 αὐτοῖς
1211 1039 1342 1096 μέχρι
1367 1040 1446 1081 τοῦ
1471 1036 1713 1094 τριβάθμου

267 1105 342 1160 τῆς
367 1106 586 1160 βασιλικῆς
615 1105 825 1160 εὐωχίας,
867 1105 940 1148 καί
972 1104 1170 1155 ἱστῶντος
1197 1104 1356 1154 αὐτούς
1382 1103 1521 1163 κύκλῳ
1550 1105 1624 1159 τῆς
1649 1119 1716 1146 τι-

270 1170 374 1223 μιάς
408 1171 613 1226 τραπέζης
653 1172 713 1220 εἰς
754 1169 801 1212 τὸ
840 1173 1005 1221 εἰδικῶς
1055 1173 1387 1228 προσκαλεῖσθαι
1424 1170 1769 1226 πλησιέστερονῑό

243 1239 443 1293 Βφίλους,
493 1234 566 1285 οὓς
595 1231 646 1278 ἂν
674 1237 774 1294 δόξῃ
811 1238 867 1293 τῷ
894 1239 1082 1290 βασιλεῖ.
1135 1238 1182 1280 ἐν
1210 1238 1256 1278 δὲ
1283 1242 1370 1286 τοῖς
1397 1232 1603 1291 ἑκατέρων
1631 1236 1716 1277 τῶν

270 1303 412 1357 μερῶν
448 1298 686 1355 ἇκουβίτοις
725 1304 796 1344 δεῖ
818 1302 931 1356 ὑμᾶς
957 1306 1097 1344 καλεῖν
1131 1303 1176 1344 ἐν
1203 1299 1333 1359 ταύτῃ
1362 1302 1416 1358 τῇ
1443 1302 1620 1358 λαμπρᾷ
1643 1301 1718 1343 καὶ

270 1366 502 1426 περιβοήτῳ
531 1367 668 1427 ἡμέρᾳ
693 1366 769 1424 τὴν
794 1365 878 1410 ὑπὸ
908 1366 1144 1422 καμπάγιον
1172 1366 1396 1424 σύγκλητον
1433 1367 1598 1421 πᾶσαν,
1627 1361 1717 1409 οἷον

273 1431 527 1489 ἅσηκρήτας,
552 1433 887 1491 χαρτουλαρίους
901 1435 984 1477 τῶν
1010 1434 1204 1490 μεγάλων
1225 1435 1444 1490 σεκρέτων,
1471 1429 1717 1487 βασιλικοὺς

272 1499 493 1555 νοταρίους
511 1501 594 1542 τῶν
611 1501 847 1555 λεχθέντων
865 1502 1087 1557 σεκρέτων,
1103 1496 1190 1544 οἷον
1208 1498 1291 1542 dud
1309 1514 1355 1541 τε
1377 1498 1772 1554 σπαθαροκανδι-αο

274 1567 412 1608 δάτων
435 1568 508 1608 καί
524 1569 741 1624 κατωτέρω
760 1566 940 1621 ὑπάτων,
962 1565 1217 1620 δισυπάτων,
1230 1565 1420 1622 κομήτων
1437 1565 1522 1610 τῶν
1539 1566 1717 1619 σχολῶν,

273 1631 574 1689 σιλεντιαριὶυν,
603 1634 897 1691 προτικτόρων,
919 1631 1234 1692 εὖτνχοφόρων,
1254 1627 1597 1688 σκηπτροφόρων,
1625 1628 1724 1687 (ἷξε-χ

276 1777 436 1802 mensam
464 1773 608 1813 oportet
638 1780 704 1803 nos
742 1767 916 1803 advocare
950 1767 1023 1804 duo
1054 1767 1203 1815 quidem
1239 1767 1450 1814 magistros,
1481 1764 1715 1811 proconsules

274 1814 467 1859 patricios,
499 1820 672 1861 strategos
697 1821 818 1850 autem
850 1826 933 1857 sex,
971 1816 1104 1850 amicos
1128 1815 1187 1850 vel
1209 1815 1346 1860 legatos
1373 1825 1392 1848 e
1422 1813 1590 1859 Bulgaria
1612 1811 1713 1853 duo,

275 1861 425 1894 tandem
449 1860 616 1896 officiales
643 1863 688 1896 de
713 1862 840 1897 ordine
864 1862 1071 1907 logothetae
1095 1863 1150 1897 rei
1174 1861 1367 1903 militaris,
1390 1865 1455 1894 aut
1477 1865 1516 1894 et
1539 1859 1622 1893 aliis
1655 1860 1718 1893 in-

275 1905 472 1941 serioribus
497 1908 622 1942 officiis
651 1909 744 1953 duo-3
778 1921 850 1957 quo
889 1909 935 1943 ad
971 1908 1124 1943 eandem
1162 1919 1243 1942 cum
1277 1908 1435 1944 Domino
1468 1917 1630 1941 mensam
1656 1915 1717 1939 ac-

277 1954 450 1987 cumbant
474 1956 577 1990 amici
603 1956 805 1997 duodecim,
829 1956 1092 1991 imitamentum
1115 1955 1381 2002 apostolorum,
1405 1955 1468 2000 qui
1495 1964 1576 1987 cum
1611 1951 1725 1986 Chri-1

278 2006 334 2034 sto
360 2000 405 2033 ad
429 2013 585 2036 mensam
610 2004 862 2037 accubuerunt.
911 2003 1116 2037 Procedant
1149 2009 1271 2037 autem
1301 2012 1395 2035 unus
1427 2006 1511 2046 post
1540 2001 1715 2040 alterum,

278 2046 476 2080 secundum
501 2049 664 2083 ordinem
688 2061 773 2084 suae
798 2050 953 2095 quisque
977 2049 1163 2095 dignitatis
1187 2050 1307 2084 antico
1331 2046 1459 2088 modo,
1482 2045 1603 2080 induti
1634 2055 1714 2078 suas

280 2094 434 2138 quisque
458 2094 684 2140 chlamydes,
709 2098 807 2130 etin
839 2095 993 2141 pedibus
1027 2096 1202 2130 habentes
1236 2107 1300 2129 sua
1333 2094 1488 2141 quisque
1518 2091 1714 2136 campagis.

279 2139 434 2184 Oportet
457 2148 577 2175 autem
603 2144 686 2176 illos
706 2143 945 2182 introducere,
979 2147 1172 2188 postquam
1209 2140 1437 2180 advenerint,
1474 2140 1541 2186 qui
1567 2149 1715 2172 mensae

281 2185 423 2220 adstare
452 2194 487 2222 et
504 2190 635 2222 servire
659 2189 806 2230 debent,
840 2188 1044 2232 imperiales
1073 2189 1232 2222 ministri
1262 2186 1473 2226 triclinares,
1514 2191 1552 2219 et
1573 2185 1715 2221 vocales

281 2243 346 2265 seu
381 2234 526 2277 musici;
558 2241 658 2280 gestu
682 2246 812 2279 nempe
836 2237 977 2279 signum
999 2235 1200 2279 accipiente
1225 2244 1345 2268 sacrae
1368 2243 1511 2267 mensae
1535 2237 1714 2266 castrense

280 2279 328 2312 ab
354 2290 418 2321 eo,
449 2282 512 2325 qui
538 2293 690 2327 superne
713 2282 849 2320 adstat,
880 2281 1015 2315 illustri
1043 2282 1271 2327 praeposito,
1308 2283 1347 2313 et
1374 2279 1482 2313 simul
1512 2290 1592 2313 cum
1624 2278 1714 2323 ipsis

281 2325 524 2361 adscendente
553 2340 666 2375 usque
702 2328 748 2362 ad
770 2327 1007 2362 tribathmu'm
1039 2338 1103 2362 scu
1154 2332 1355 2374 suggestum
1396 2326 1506 2359 trium
1545 2325 1720 2372 graduum

280 2383 402 2407 sacrae
426 2385 590 2415 mensae,
628 2376 726 2409 etin
751 2375 874 2409 orbem
900 2386 960 2409 eos
992 2375 1086 2409 circa
1122 2374 1367 2408 venerabilem
1398 2383 1559 2406 mensam
1599 2371 1725 2405 eollo--·

281 2424 406 2462 cante;
446 2431 519 2466 quo
562 2423 776 2467 Imperator,
817 2433 906 2468 quos
943 2421 1101 2455 voluerit
1117 2446 1129 2464 ,
1168 2422 1306 2455 viritim
1345 2419 1494 2465 propius
1538 2418 1713 2452 advocare

279 2466 406 2512 possit.
454 2466 510 2502 Ad
533 2469 715 2502 accubitos
739 2474 858 2503 autem
881 2479 944 2502 seu
968 2479 1107 2503 mensas
1141 2468 1325 2502 ambarum
1351 2467 1506 2512 partium
1533 2464 1730 2513 [respectu

280 2523 399 2547 sacrae
425 2524 568 2548 mensae
591 2515 637 2549 ad
663 2514 824 2549 dextram
850 2521 888 2549 et
912 2515 1094 2550 sinistram
1123 2513 1271 2562 stantes]
1306 2518 1450 2559 oportet
1486 2524 1549 2547 vos
1582 2520 1712 2545 vocare

280 2559 346 2593 illo
372 2560 563 2605 splendido
591 2568 628 2596 et
655 2562 788 2596 celebri
812 2561 871 2595 die
893 2567 1009 2596 totum
1033 2567 1221 2603 senatum,
1254 2562 1316 2608 qui
1334 2560 1518 2605 campagia
1540 2559 1579 2592 in
1602 2556 1710 2604 pedi-

280 2605 349 2639 bus
383 2608 498 2650 gerit,
536 2613 576 2642 ut
600 2614 793 2650 aseer-etas,
825 2608 1061 2643 chartularios
1086 2620 1295 2655 magnorum
1319 2611 1557 2646 secretorum,
1592 2605 1712 2650 impe-

281 2653 389 2686 riales
414 2656 575 2689 notarios
605 2655 802 2690 eorundem
826 2662 1065 2698 secretorum,
1102 2660 1144 2690 ut
1173 2667 1194 2689 a
1221 2651 1592 2700 spatharocandidatis
1623 2649 1712 2684 inde

281 2699 491 2743 incipiendo
517 2707 554 2735 ct
580 2702 829 2739 descendendo
855 2713 920 2747 per
943 2702 1137 2749 dignitates
1159 2702 1206 2736 ad
1226 2702 1401 2741 consules,
1425 2700 1556 2733 iterum
1580 2708 1710 2731 consu-

280 2744 347 2787 les.
371 2749 519 2783 comites
545 2748 757 2793 scholarum,
781 2750 1011 2793 silentiarios,
1037 2754 1271 2798 protectores,
1294 2744 1609 2794 eutychiophows,
1632 2754 1710 2778 ³⁶⁸·

1876 1463 1878 1471 e
1874 1398 1878 1435 ,..
1874 1306 1878 1377 --ᾈΑ
1859 878 1878 1291 *-m-...„ffl-2,hnx.2rzs-

1871 1918 1878 1997 -.-ᾑ-
1873 1885 1878 1905 .-
1872 1757 1878 1869 ——.--.
1867 1644 1878 1744 »ε.;..-
