1878 3112
301 139 411 213 704
599 155 958 199 cmm-mm
991 155 1474 205 PORPHYRoemm

286 262 467 305 θεσθαι.
526 260 619 300 ἀλλ’
645 259 812 314 ἐπείπερ
844 255 923 306 τὰς
957 259 1039 299 τῶν
1076 253 1269 313 ἀρχαίων
1309 259 1497 309 ἐκθέσεις
1530 255 1634 314 οὖχί
1666 256 1750 301 nui·-

297 342 396 378 σας,
427 323 513 367 ἀλλ’
543 321 646 374 ὅσας
674 321 695 365 ὃ
717 323 872 380 χρόνος
900 325 1211 380 ἅμαυρωθῆναι
1239 323 1454 380 ἐποίησεν,
1501 321 1642 367 ἑκόντι
1665 341 1750 367 πα-

300 391 587 448 ρεδράμομεν,
632 392 739 446 φέρε
767 388 820 444 δὴ
851 387 927 440 τάς
954 390 1025 431 ἐπὶ
1047 392 1128 431 τῶν
1155 391 1363 444 βασιλέων
1389 389 1533 445 ἡμῶν,
1561 392 1747 439 Λέοντος

303 458 376 499 καί
403 453 706 511 Ἀλεξάνδρου,
748 457 1053 511 γνωριζομένας
1081 472 1123 498 τε
1155 453 1244 509 ἅμα
1272 457 1346 498 καί
1371 459 1659 512 πραττομένας
1688 454 1747 507 ὥς

262 525 349 569 Βέν
376 525 546 571 πίνακος
573 523 686 572 τάξει
721 519 919 578 στιχηὸὁν
971 519 1243 575 ὖποτάξομεν.
1298 524 1484 576 ποιῶμεν
1524 523 1571 564 δὲ
1596 520 1771 576 τοῦτο,5

302 587 383 643 οὖχ
410 587 467 638 ὥς
502 586 578 638 τάς
615 590 700 630 τῶν
742 588 937 644 ἀρχαίων
980 587 1229 645 συγγραφάς
1266 588 1591 645 ἀνατρέποντες,
1633 586 1741 630 ἄλλα

293 654 375 704 -τιὲς
403 656 502 712 περί
524 654 684 697 τούτων
711 655 897 704 ἐκθέσεις
927 653 984 704 ὥς
1011 656 1057 698 ἐν
1079 652 1192 705 τάξει
1220 651 1393 704 κανόνος
1407 655 1599 697 τυπῶσαι
1618 669 1745 697 σπου-

301 719 515 774 δάζοντες,
556 716 668 770 ὅπως
703 719 760 776 μὴ
805 722 934 773 μόνον
971 719 1009 763 οἱ
1050 719 1148 776 περὶ
1190 721 1325 762 ταῦτα
1365 718 1630 774 ἐσχολακότες
1668 718 1745 775 τὴν

301 783 458 844 εὐχερῆ
498 787 659 829 τούτων
686 784 924 842 κατάληψιν
963 785 1144 841 ἔχωσιν,
1184 784 1290 830 ἀλλὰ
1326 787 1400 828 καί
1438 785 1478 828 οἱ
1513 787 1606 828 λίαν
1632 781 1745 839 ἆμα-

101 854 391 905 Εά.1,.4οὸθεῖς
418 857 478 912 τῷ
503 855 640 912 μικρῷ
667 851 800 912 τούτῳ
828 850 975 896 κανόνι
1000 850 1194 907 ἑπόμενοι
1235 850 1540 908 εὖκατάληπτον
1566 853 1641 894 καί
1663 866 1796 894 σα-ιο

299 921 361 977 φῆ
399 920 476 975 τήν
513 922 612 975 περί
648 917 726 968 τὰς
762 917 900 971 τάξεις
937 918 1162 975 εὑρίσκωσι
1210 920 1511 974 πραγματείαν.
1566 917 1616 960 οὗ
1658 914 1767 974 γὰρ

295 988 459 1028 δίκαιον
486 986 732 1043 ἐκρίναμεν,
781 984 881 1035 τούς
908 984 967 1041 μὴ
995 988 1132 1028 ταῦτα
1161 985 1342 1041 ἀκριβῶς
1369 985 1670 1040 ἐξησκημένους
1694 984 1742 1026 ἐν

292 1054 347 1110 τῇ
377 1051 552 1110 τοιαύτῃ
595 1052 803 1107 τετάχθαι
843 1055 1041 1110 βασιλικῇ
1069 1053 1338 1110 λειτουργίᾳ,
1378 1049 1439 1094 ὅτι
1466 1047 1564 1094 οὐδὲ
1592 1049 1741 1108 ἅσόφῳ

291 1117 367 1161 καί
405 1119 572 1172 α’μαθεῖ
595 1121 767 1172 βασιλεῖ
797 1117 1057 1174 παρεστάναι
1096 1118 1218 1173 ἡμεῖς
1257 1116 1596 1174 εὖμοιρὴσαμεν,
1635 1114 1741 1159 ἄλλα

290 1183 407 1227 πάνυ
446 1200 492 1239 γε
532 1183 759 1242 σοφωτάτῳ
797 1183 872 1226 καὶ
915 1182 1019 1242 λόγῳ
1057 1186 1131 1227 καί
1164 1184 1270 1243 ἔργῳ
1309 1186 1360 1242 τῇ
1397 1179 1559 1227 ἄνωθεν
1596 1180 1794 1239 χάριτιιὸ

291 1252 560 1308 τετιμημένῳ.
617 1248 691 1292 διά
730 1252 854 1293 τοῦτο
894 1250 945 1305 δὴ
978 1246 1054 1293 οὖν
1094 1251 1327 1307 παρακαλῶ
1353 1250 1491 1303 ὑμᾶς,
1535 1243 1570 1292 ὦ
1598 1250 1741 1306 φίλοι,

250 1315 364 1359 Βκαὶ
390 1315 550 1365 πάντας
575 1315 676 1366 τούς
711 1318 943 1369 μέλλοντας
978 1320 1077 1370 μεθ’
1103 1317 1215 1374 ἡμᾶς
1253 1318 1449 1370 εἰσιέναι,
1490 1314 1548 1371 μὴ
1580 1315 1740 1372 παρέρ-

286 1399 372 1439 γως
398 1382 472 1425 καί
497 1379 728 1435 ἀνωμάλως
753 1381 799 1425 τὸ
827 1387 930 1439 παρ’
971 1383 1092 1439 ἡμῶν
1131 1384 1373 1439 συγγραφὲν
1416 1383 1739 1424 ἐπισκέπτεσθαι
1874 1399 1878 1423 ι

286 1447 445 1503 λόγιον,
475 1445 583 1490 οἶλλὰ
612 1450 804 1505 προσοχῇ
831 1450 1007 1504 μελέτης
1033 1448 1106 1492 τὸν
1133 1450 1178 1492 ἐν
1207 1446 1322 1508 αὐτῷ
1349 1447 1581 1503 ἐγκείμενον
1607 1444 1738 1489 τύπον

287 1515 472 1570 α’κριβῶς
515 1511 856 1567 ἅναμάττεσθαι·
909 1516 983 1557 καί
1018 1517 1185 1571 πρῶτον
1224 1517 1304 1568 μὲν
1341 1512 1418 1563 τὰς
1452 1513 1636 1568 ἀκριβεῖς
1661 1526 1791 1555 xv-ao

287 1581 528 1636 ριοκλησίας
552 1582 636 1622 τῶν
665 1578 918 1634 ἀξιωμάτων
943 1580 1183 1637 γνωρίζειν·
1239 1579 1436 1638 δεύτερον
1467 1581 1513 1622 δὲ
1538 1577 1612 1630 τὰς
1638 1576 1738 1629 τού-ξ

286 1663 371 1690 των
399 1645 724 1704 διαιρέσειςκαί
748 1646 1079 1705 ὑποδιαιρέσεις,
1120 1645 1318 1704 αὐξήσεις
1343 1662 1390 1690 τε
1418 1648 1492 1690 καί
1515 1645 1735 1702 μειώσεις,

287 1777 327 1807 at
350 1784 410 1809 eas
435 1777 575 1816 tamen,
601 1785 691 1821 quas
715 1779 920 1820 temporum
946 1775 1117 1810 decursus
1141 1775 1296 1820 caligine
1322 1778 1360 1808 et
1382 1773 1611 1820 ignoratione
1631 1783 1738 1819 sepe-

286 1822 389 1862 livit,
424 1833 527 1856 curae
552 1823 660 1856 nobis
686 1829 763 1857 esto
803 1833 883 1864 eas,
919 1833 1014 1868 quae
1047 1828 1209 1868 tempore
1236 1823 1476 1856 Dominorum
1508 1826 1736 1863 nostrorum,

286 1868 422 1903 Leonis
446 1874 483 1903 et
505 1869 723 1911 Alexandri,
750 1869 867 1904 clarae
892 1871 1182 1916 exercitataeque
1205 1869 1374 1910 fuerunt,
1398 1879 1508 1902 unam
1534 1872 1619 1913 post
1639 1867 1736 1901 alte-

289 1927 363 1950 ram
390 1917 564 1950 continuo
590 1917 652 1952 filo
677 1917 780 1951 velut
802 1917 842 1950 in
867 1916 993 1950 tabula
1017 1927 1232 1962 proponere.
1283 1915 1394 1962 Quod
1418 1926 1461 1950 eo
1486 1926 1562 1950 non
1583 1914 1735 1953 facimus

287 1963 428 2005 animo,
460 1968 633 2009 tanquam
658 1964 865 1998 convulsuri
891 1970 928 1998 et
954 1964 1113 1999 eversuri
1136 1969 1300 1999 veterum
1324 1962 1477 2007 scripta,
1513 1961 1578 1996 sed
1605 1961 1735 2004 stude—

289 2008 411 2044 bimus
444 2009 490 2043 de
525 2009 582 2044 his
611 2011 719 2045 rebus
749 2017 941 2057 praecepta
971 2011 1073 2045 velut
1102 2012 1143 2045 in
1168 2010 1315 2044 canonis
1338 2009 1528 2044 modulum
1553 2007 1735 2052 redigere-5

318 2067 364 2088 uo
389 2067 463 2090 non
487 2057 545 2090 illi
569 2062 731 2098 tantum,
766 2059 830 2104 qui
855 2059 984 2092 iisdem
1009 2058 1080 2091 iam
1104 2069 1125 2090 a
1157 2057 1265 2103 longo
1295 2062 1456 2102 tempore
1490 2059 1736 2100 occupantur,

289 2067 435 2136 pacilem
463 2114 586 2137 earum
610 2110 840 2149 conspectum
866 2105 1141 2150 doctrinamque
1164 2103 1344 2149 habeant,
1380 2102 1444 2136 sed
1467 2107 1504 2136 et
1526 2101 1586 2135 vel
1611 2102 1731 2135 maxi-

289 2158 347 2181 me
372 2149 498 2191 rudes,
523 2150 716 2186 dummodo
738 2153 907 2196 exiguum
925 2151 1023 2185 hunc
1039 2163 1214 2185 canonem
1235 2154 1478 2189 assectatur,
1502 2148 1732 2193 perspicuam

291 2200 331 2228 et
352 2201 459 2239 captu
495 2197 639 2232 facilem
674 2197 719 2231 de
749 2197 939 2232 ordinibus
973 2197 1170 2231 officiorum
1194 2196 1439 2242 adipiscantur
1461 2195 1731 2230 tractationem.

289 2242 462 2288 Iniquum
478 2255 607 2289 nempe
631 2243 859 2284 arbitramur,
882 2244 1048 2278 homines
1071 2244 1197 2278 harum
1219 2254 1338 2278 rerum
1362 2242 1514 2276 scientia
1527 2253 1603 2276 non
1615 2240 1731 2287 probe

287 2288 448 2323 imbutos
471 2291 690 2337 penitusque
714 2291 954 2336 percallentes
977 2297 1126 2335 augusto
1145 2290 1239 2325 tanti
1253 2290 1426 2323 momenti
1449 2288 1730 2334 splendorisque

287 2335 492 2370 ministerio
515 2336 719 2379 admoveri3
753 2349 885 2383 quum,
922 2349 1016 2383 quae
1039 2343 1160 2371 nostra
1195 2342 1250 2371 est
1274 2335 1433 2372 secunda
1456 2337 1623 2377 fortuna,
1651 2335 1731 2369 Do-

289 2382 389 2417 mino
413 2394 487 2416 non
509 2384 698 2429 insipienti
722 2389 759 2418 et
781 2384 993 2427 illitterato,
1020 2384 1084 2418 sed
1111 2395 1219 2430 quam
1242 2384 1398 2417 maxime
1421 2383 1579 2429 sapienti
1603 2381 1729 2416 adste-

286 2439 387 2471 mus‚
410 2440 519 2475 quem
544 2435 583 2464 et
608 2431 824 2466 attributum
851 2443 871 2464 a
896 2431 991 2464 fama
1014 2431 1162 2477 publica
1188 2441 1406 2477 cognomen,
1434 2435 1491 2472 et,
1516 2441 1605 2477 quas
1623 2429 1728 2475 gerit,

286 2487 344 2510 res
369 2477 519 2511 coelesti
542 2479 655 2522 gratia
679 2479 826 2512 beatum
854 2478 1111 2518 demonstrant,
1158 2478 1291 2513 Hortor
1315 2479 1443 2522 itaque
1478 2487 1564 2519 vos,
1595 2476 1728 2516 amici,

287 2527 327 2556 et
350 2528 532 2570 quotquot
554 2530 637 2568 post
659 2536 725 2559 nos
750 2525 796 2558 ad
815 2527 935 2559 aulam
954 2523 1165 2572 ‘regiumque
1189 2524 1258 2558 hoc
1283 2524 1461 2560 accessuri
1483 2528 1592 2558 erunt
1614 2523 1730 2556 mini-

287 2570 460 2611 sterium,
497 2571 618 2606 velitis
639 2571 731 2606 hanc
754 2574 910 2617 opellam
934 2584 1008 2607 non
1031 2572 1105 2606 levi
1128 2572 1276 2607 brachio
1291 2598 1300 2614 ,
1336 2582 1402 2616 per
1427 2571 1542 2606 otium
1565 2575 1604 2604 et
1627 2568 1730 2603 velut

288 2616 391 2650 aliud
427 2622 573 2662 agentes
619 2624 657 2653 et
680 2620 867 2665 inaequali
891 2621 1005 2654 animi
1029 2619 1264 2654 contentione
1289 2623 1461 2659 tractare,
1497 2615 1562 2651 sed
1585 2626 1728 2656 rerum,

289 2674 400 2708 quam
426 2665 490 2697 illa
514 2670 692 2709 praestat,
721 2666 915 2711 imaginem
947 2666 1110 2701 studiose
1140 2667 1320 2712 pleneque
1351 2666 1478 2700 vestris
1503 2662 1633 2703 animis
1658 2663 1732 2696 im-

287 2710 456 2753 primere3
482 2716 520 2744 et
541 2713 698 2756 primum
722 2713 872 2760 quidem
895 2714 1058 2760 proprias
1067 2713 1244 2760 cuiusque
1263 2709 1730 2758 dignitatisappellationen

290 2761 392 2791 notas
417 2761 454 2791 et
485 2758 680 2795 familiares
713 2759 820 2799 vobis
851 2760 1008 2806 efficere5
1043 2759 1177 2796 deinde
1211 2770 1296 2796 vero
1330 2759 1476 2796 illarum
1510 2758 1728 2799 divisiones,
