1884 3112
393 155 463 198 nn·
493 150 758 198 ammon.
795 151 975 196 ,mm
1011 151 1232 194 amr.
1273 154 1307 194 ι.
1332 154 1398 199 27.
1507 133 1611 207 ¹49

182 259 309 308 λέως.
362 261 659 314 προσκαλεῖται
686 258 734 299 δὲ
761 255 785 298 ὅ
811 252 1084 312 πραιπόσιτος
1109 253 1208 304 τούς
1232 252 1505 310 βεστήτορας,
1542 251 1685 299 καίΕιῑ.
1695 261 1734 297 1..
1748 261 1794 300 88

181 323 424 373 «ὑπαλλάξας
462 321 486 365 ὅ
514 321 713 378 βασιλεύς
738 321 813 378 τήν
836 324 1017 376 χλανίδα
1060 321 1194 362 αὑτοῦ
1233 321 1287 362 δι’
1317 316 1476 372 αὖτῶν,
1524 315 1613 360 εἶτα

181 387 392 430 κατελθών
419 387 655 444 ὄστιάριος,
684 389 850 430 ἵσταται
879 389 923 429 ἐν
951 389 1008 444 τῷ
1037 387 1174 444 βήλῳ,
1201 387 1274 427 καί
1298 385 1409 427 νεύει
1437 382 1458 426 ὃ
1488 388 1612 438 βασι-

181 451 279 503 λεὺς
304 455 361 512 τῷ
386 454 665 511 πραιποσίτῳ,
700 450 720 494 ὅ
751 455 796 495 δὲ
826 452 1094 509 πραιπόσιτος
1119 454 1176 508 τῷ
1201 453 1529 508 κουβικουλαρίῳ
1557 452 1616 508 τῷ

153 517 338 575 5αἴροντι
363 517 411 561 τὸ
438 522 576 575 βῆλον,
603 521 675 561 καί
701 519 934 573 εἰσάγονται
957 519 1164 574 πατρίκιοι
1190 519 1264 558 καί
1287 516 1515 572 στρατηγοί,
1544 514 1617 556 καὶ

180 582 435 634 εἰσελθόντες
460 588 681 627 πίπτουσι.
735 584 808 626 καί
833 581 1098 626 ἀναστάντων
1123 583 1283 635 αὐτῶν,
1313 580 1454 636 λαβὼν
1482 583 1616 634 νεῦμα

181 649 205 691 ὅ
234 649 507 706 πραιπόσιτος
532 650 751 706 παρά-τοῦ
773 652 1000 704 βασιλέως,
1035 651 1144 704 λέγει
1170 646 1460 702 ,,κελεύσατε.”
1516 643 1537 687 ὅ
1572 647 1618 688 δὲ

180 715 379 770 βασιλεὺς
421 717 736 772 δηριγευόμενος
771 713 852 758 ύπό
888 731 943 758 τε
969 717 1053 757 τῶν
1090 713 1303 770 ἀρχόντων
1335 715 1410 756 τοῦ
1435 716 1613 766 κουβου-
1627 726 1796 775 Μ,,74,.

181 783 332 835 κλείου,
360 784 588 838 πατρικίων
614 798 660 824 τε
686 780 760 824 καί
784 782 1037 838 στρατηγῶν,
1070 781 1282 836 ἐξέρχεται
1309 780 1354 821 ἕν
1371 780 1427 836 τῷ
1454 779 1612 833 τρικλί-

133 859 237 904 ιονῳ
273 848 332 905 τῷ
367 849 606 905 καλουμένῳ
635 849 880 905 Δανουβίῳ·
936 847 1125 888 ἵστανται
1165 847 1211 887 δὲ
1250 846 1294 886 οἳ
1329 859 1375 886 τε
1410 843 1621 900 βαρβάτοι

182 910 555 968 πρωτοσπαθάριοι
580 912 654 955 καὶ
673 911 696 954 ὅ
719 911 989 968 δρουγγάριος
1011 914 1083 967 τῆς
1103 913 1247 966 βίγλης
1269 908 1387 951 ἔνθεν
1403 911 1475 951 καὶ
1501 907 1622 951 ἔνθεν

181 979 354 1032 πλησίον
378 979 449 1033 τῆς
475 979 635 1034 θύρας.
691 977 730 1019 οἱ
758 978 804 1020 δὲ
831 979 1045 1033 πατρίκιοι
1070 975 1144 1019 καί
1169 974 1394 1032 στρατηγοὶ
1417 973 1521 1029 μετὰ
1549 977 1624 1030 τῆς

181 1044 411 1098 συγκλήτου
433 1046 647 1097 πίπτουσι,
675 1042 749 1085 καί
774 1044 975 1097 λαμβάνει
1001 1045 1135 1096 νεῦμα
1164 1039 1185 1083 ὅ
1209 1038 1486 1098 πραιπόσιτος
1508 1039 1622 1096 παρὰ
1639 1053 1666 1086 Β

180 1111 259 1151 τοῦ
284 1110 489 1163 βασιλέως
543 1108 618 1151 καί
642 1107 751 1152 νεύει
778 1110 834 1167 τῷ
870 1112 942 1164 τῆς
967 1105 1274 1161 καταστάσεως,
1302 1107 1486 1156 κάκεῖνος
1513 1108 1624 1160 λέγει

131 1173 466 1227 15,,κελεύσατε·”
518 1173 593 1216 καὶ
619 1174 741 1217 αὕτοὶ
766 1174 1070 1231 ὑπερεύχονται
1097 1175 1186 1228 ,,ει’ς
1213 1171 1391 1222 πολλούς
1417 1171 1491 1214 καὶ
1517 1168 1623 1226 οἷγα-

180 1238 287 1289 θοὺς
311 1237 533 1296 χρόνους.”
587 1242 605 1297 (
615 1243 655 1283 Γ
654 1243 694 1299 )
729 1239 820 1282 Καὶ
845 1238 914 1282 ὑπ’
937 1241 1078 1282 αὐτῶν
1106 1235 1432 1295 δηριγευόμενος,
1462 1239 1626 1294 διέρχε-

181 1321 278 1358 ται,
307 1302 328 1347 ὃ
354 1307 401 1348 δὲ
428 1307 503 1362 τῆς
528 1306 823 1356 καταστάσεως
847 1306 893 1348 ἐν
920 1308 978 1364 τῷ
1003 1307 1133 1364 μέσῳ,
1159 1303 1234 1346 καί
1257 1302 1364 1346 κατά
1393 1301 1557 1359 βάθρον
1583 1305 1627 1345 ἑ..

181 1368 505 1428 πιστρεφόμενος
531 1370 638 1428 πρός
661 1370 732 1414 τὸν
757 1374 948 1426 βασιλέα,
977 1373 1178 1428 ἐφαπλῶν
1205 1372 1252 1412 δὲ
1279 1368 1354 1411 καί
1376 1368 1453 1418 τάς
1478 1375 1628 1424 χεῖρας

184 1433 320 1479 affro&
345 1435 515 1480 ἔνδοθεν
539 1440 616 1480 τοῦ
639 1439 860 1492 χλανιδίου
889 1437 1048 1490 αὑτοῦ,
1096 1438 1201 1491 λέγει
1226 1433 1332 1490 πρός
1358 1433 1427 1477 τὸν
1448 1436 1627 1487 βασιλέα

130 1501 398 1555 amynta-dre
431 1500 644 1558 Δόμηνι·”
699 1505 821 1545 τοῦτο
850 1505 1052 1555 ἐκτελῶν,
1104 1499 1215 1550 ὅπως
1243 1503 1287 1542 ἐν
1314 1503 1366 1557 τῇ
1396 1499 1521 1557 διόδῳ
1550 1504 1628 1541 τοῦ

184 1569 389 1621 βασιλέως
415 1567 472 1623 μη
502 1567 609 1626 τύχῃ
637 1567 820 1625 βάθρον.
875 1569 947 1610 καί
972 1567 1051 1618 ἔξω
1086 1570 1160 1622 τῆς
1188 1565 1320 1620 πύλης
1347 1564 1524 1616 ἐξελθών
1546 1567 1618 1619 τῆς
1635 1593 1663 1627 C

187 1632 414 1687 ἐξαγούσης
440 1632 541 1689 πρὸς
566 1633 635 1676 τὸν
658 1633 859 1688 ἔμβολον,
913 1635 1126 1688 διέρχεται
1169 1633 1214 1674 ἐν
1254 1634 1312 1688 τῷ
1361 1632 1480 1688 δεξιῷ
1506 1633 1627 1686 μέρει

186 1699 265 1738 τοῦ
290 1699 491 1751 ἐμβόλου,
536 1697 575 1740 οἱ
604 1701 650 1741 δὲ
677 1702 889 1755 πατρίκιοι
922 1701 993 1753 τῆς
1022 1699 1153 1752 αύτῆς
1187 1695 1319 1751 πύλης
1353 1697 1432 1746 ἔξω
1461 1693 1627 1749 λαμβά-

186 1778 306 1806 νουσι
332 1762 383 1806 τά
412 1765 537 1819 κηρία
572 1761 736 1819 αύτῶν,
790 1764 991 1819 λεγόντων
1029 1765 1112 1805 τῶν
1149 1762 1225 1804 δύο
1268 1764 1409 1819 μερῶν
1435 1760 1626 1816 ἰαμβικά,

278 1875 312 1919 4.
339 1873 362 1908 0²
385 1873 426 1908 δὲ
453 1885 521 1907 om.
548 1874 605 1912 ed,
679 1885 728 1920 17.
755 1874 796 1909 ἐν
820 1885 888 1907 om.
917 1874 972 1907 ed.
1027 1886 1075 1919 ¹9·
1101 1876 1166 1908 Pro
1195 1873 1315 1907 αὐτοῦ
1341 1872 1399 1910 ed.
1423 1873 1503 1907 τοῦ.
1569 1886 1624 1908 21.

279 1922 347 1976 Pro
372 1918 422 1966 ¹w)
454 1921 547 1967 τύχῃ
579 1920 740 1966 βάθρον,
778 1924 815 1955 R.
851 1922 922 1967 legi
947 1921 1026 1954 vult
1053 1926 1117 1954 aut
1152 1920 1327 1970 α’ποτύχῃ
1363 1916 1536 1969 βάθρου,
1562 1926 1627 1954 aut

279 1979 372 2015 τυχῃ
398 1970 640 2014 παραβαίνων
660 1968 817 2016 βάθρον.
926 1969 980 2013 24.
1006 1966 1139 2016 ἰάμβια
1156 1967 1212 2001 ed.

186 2077 307 2110 nicam
329 2087 430 2110 suam
446 2078 644 2122 Imperator
658 2082 795 2119 mutat,
831 2075 1000 2111 ostiarios
1026 2076 1246 2111 descendens
1266 2077 1305 2110 in
1331 2077 1411 2110 velo
1433 2081 1520 2118 stat,
1552 2078 1624 2111 Im-

188 2129 333 2169 perator
362 2125 588 2171 praeposito,
620 2126 846 2170 praepositus
874 2136 956 2158 vero
994 2125 1215 2158 cubiculario
1241 2125 1360 2156 velum
1397 2123 1540 2157 tollenti
1573 2123 1625 2155 si-

190 2181 299 2216 gnum
325 2170 406 2211 dat,
443 2176 480 2203 et
506 2170 735 2204 adducuntur
759 2171 903 2216 patricii
928 2176 966 2204 et
994 2172 1157 2217 strategi:
1195 2172 1346 2215 ingressi
1368 2170 1622 2216 procumbunt,

190 2217 267 2261 Qui
290 2223 483 2264 postquam
510 2229 719 2260 surrexere,
744 2218 992 2264 praepositus,
1018 2224 1163 2263 accepto
1190 2218 1235 2251 ab
1262 2218 1482 2263 Imperatore
1507 2217 1621 2262 signo,

193 2261 298 2297 dicit:
332 2264 462 2302 lubete.
512 2265 721 2309 Imperator,
747 2277 767 2299 a
791 2265 981 2310 praefectis
1009 2266 1186 2305 cubiculi,
1211 2265 1372 2309 patriciis
1397 2269 1435 2296 et
1458 2261 1622 2307 strategis

192 2309 356 2353 stipatus,
371 2310 417 2343 ad
433 2311 646 2352 triclinium,
669 2311 768 2357 quod
793 2312 979 2346 Danubius
1002 2312 1150 2353 dicitur,
1169 2312 1257 2352 abit,
1273 2311 1414 2344 barbati
1431 2317 1622 2355 protospa-

190 2354 302 2388 tharii
327 2362 364 2389 et
396 2355 607 2402 drungarius
641 2358 786 2404 vigiliae
819 2359 990 2404 utrinque
1015 2369 1127 2405 prope
1153 2358 1297 2391 ianuam
1323 2363 1426 2391 stant.
1475 2355 1620 2399 Patricii

190 2411 275 2434 vero
301 2407 338 2434 et
360 2401 504 2449 strateg'i
530 2415 611 2436 cum
634 2410 760 2438 senatu
784 2404 994 2449 procidunt,
1035 2411 1071 2438 et
1094 2411 1282 2451 postquam
1319 2403 1547 2449 praepositus
1572 2401 1623 2433 si-

191 2458 300 2494 gnum
324 2448 369 2481 ab
394 2449 610 2494 Imperatore
635 2451 791 2496 accepit,
817 2451 1065 2486 cerimoniario
1094 2452 1233 2492 annuit,
1259 2452 1360 2497 isque
1387 2450 1492 2482 dicit:
1516 2448 1623 2482 Iube-

192 2502 239 2533 τε,
262 2493 349 2542 ipsi:
383 2496 428 2528 In
450 2498 562 2531 multa
582 2498 749 2544 bonaque
777 2507 937 2544 tempora
961 2499 1169 2537 acclamant,
1212 2498 1319 2542 (ΙΙΙ.)
1346 2497 1398 2531 Ab
1422 2496 1479 2529 his
1505 2495 1623 2538 stipa-

191 2544 252 2572 tus
280 2538 497 2585 digreditur,
529 2544 799 2578 cerimoniarius
831 2555 916 2578 vero
947 2546 986 2580 in
1018 2545 1158 2586 medio,
1190 2545 1289 2578 etin
1313 2544 1406 2580 scala
1433 2551 1622 2576 conversus

192 2585 240 2618 ad
265 2587 534 2630 Imperatorem,
558 2595 656 2623 veste
681 2602 744 2623 sua
769 2591 936 2624 manibus
962 2592 1147 2632 involutis,
1171 2590 1217 2627 ad
1242 2601 1324 2625 eum
1351 2589 1455 2626 ‹licit2
1484 2587 1622 2632 Capla-

193 2641 227 2667 te
251 2633 421 2674 Domini,
459 2634 558 2682 quod
580 2642 771 2683 propterea
795 2638 905 2679 facit,
938 2643 980 2671 ut
1012 2639 1051 2673 in
1082 2638 1237 2671 transitu
1262 2638 1460 2680 Imperator
1491 2633 1622 2666 scalam

192 2690 267 2712 non
291 2680 485 2725 contingat.
532 2682 583 2716 Ex
606 2689 725 2727 porta,
749 2695 842 2729 quae
867 2684 913 2716 ad
938 2685 1118 2728 porticum
1143 2683 1266 2724 ducit,
1292 2681 1337 2714 ad
1362 2681 1527 2713 dextrum
1551 2679 1623 2712 hu-

194 2725 250 2759 ius
274 2724 369 2761 latus
394 2725 570 2774 discedit,
594 2729 739 2775 patricii
763 2737 885 2766 autem
910 2736 1010 2765 extra
1035 2730 1186 2765 eandem
1211 2739 1330 2764 cereos
1357 2739 1438 2762 suos
1463 2730 1621 2767 sumunt,
