1878 3112
321 119 434 179 638
607 142 964 187 coNsTANT1N1
1014 146 1499 194 ronpnmocrum

292 243 400 299 ,τοῦ
439 245 731 300 ἐνταφιασμοῦ
769 243 931 288 αὖτοῦ·
990 246 1037 290 τὸ
1079 250 1128 291 δὲ
1164 255 1466 309 κεχρυσῶσθαι
1506 253 1666 307 adsonis·
1707 256 1770 308 εἷς

317 306 471 364 ταύτης
497 308 794 366 λαμπρότητα,
835 312 1209 368 ἧλιοβολουμένους
1236 319 1282 370 ἐξ
1318 316 1440 374 ἧλιόυ
1469 323 1661 378 Χριστοῦ
1686 318 1769 366 αὗ-

318 377 396 415 τοῦ
421 377 474 431 τῇ
500 376 672 430 ἐγέρσει.
729 377 885 427 αΰτούς
921 396 965 421 τε
992 379 1093 430 τούς
1126 385 1385 440 μαγίστρους
1411 387 1486 429 καί
1523 387 1766 444 πατρικίους

318 441 363 481 ἐν
391 439 508 498 τύπῳ
533 445 810 498 χρηματίζειν
836 447 917 487 τῶν
966 445 1234 501 α’ποστόλων,
1278 447 1348 493 τόν
1388 467 1434 493 τε
1471 452 1657 509 χρηστὸν
1683 458 1764 508 βα-

316 508 436 548 σιλέα
465 505 572 549 κατὰ
610 507 655 551 τὸ
696 509 869 566 ἐφικτὸν
902 512 1182 567 ἀναλογοῦντα
1213 516 1320 575 Θεῷ.
1377 514 1446 559 διὸ
1473 521 1547 561 καί
1571 516 1625 561 τοὶ
1654 516 1791 562 κατιὶ5

317 570 391 614 τὸν
433 572 656 629 ἐπιδ“η’,ιιιον
688 577 808 630 λόγον
845 575 1046 633 λεγόμενα
1075 586 1253 624 σκεπαῖα
1293 582 1448 627 σκοπὸν
1486 583 1576 639 ἔχει
1601 587 1764 629 ,ἕπεται-

117 639 272 676 Ms.216.
289 640 492 682 ᾶπῶσθαι
520 638 748 696 συμβόλοις
776 645 1018 699 ἐπινικίοις,
1049 643 1079 688 ιῖ
1104 646 1212 688 κατὰ
1241 646 1316 704 τήν
1347 650 1394 692 ἐκ
1418 652 1574 707 νεκρῶν
1601 649 1764 708 ἔγερσιν

273 707 398 747 Βτοῧ
427 710 645 763 Χριστοῦ,
683 710 759 751 καί
785 711 846 760 εἰς
873 707 1136 768 α’φομοάυσιν
1162 716 1239 756 τοῦ
1265 714 1455 771 σταυροῦ
1491 717 1762 772 λογισθήσονό

310 788 405 825 ται,
450 774 503 814 δι’
547 768 597 816 οὗ
635 774 684 817 τὸ
727 775 834 818 κατὰ
863 779 939 819 τοῦ
966 776 1071 836 ᾅδου
1109 775 1131 820 ὅ
1159 777 1344 836 Χριστὸς
1381 779 1582 838 τρόπαιον
1616 777 1761 839 ἤρατο.

312 837 358 881 τὸ
388 838 435 880 δὲ
461 845 555 890 ταῖς
580 842 708 896 χερσί
734 846 983 899 κρατεῖσθαι
1010 847 1108 902 παρ’
1137 846 1278 888 αυ’τώ’ν
1305 843 1564 898 ἀνεξικακίας
1590 845 1832 902 τόμους,ῐοι

310 903 457 955 καθώς
483 905 511 962 ἧ
550 905 753 963 ἐγχώριος
791 907 1068 963 κατονομάζει
1109 910 1252 968 (ptum),
1292 912 1385 968 οὐχ·
1416 910 1547 963 οὕτως
1584 910 1674 968 ἔχει
1709 912 1756 957 τὰ

310 971 489 1027 ἀληθὲς,
527 973 617 1015 ἀλλ’
644 973 789 1031 ἐπειδὴ
819 977 897 1017 τοῦ
923 978 1113 1033 Σωτῆρος
1138 983 1225 1028 τοῖς
1250 982 1466 1035 μαθηταῖς
1493 979 1655 1022 ἐοίκασι
1682 979 1759 1035 δῆ-

306 1041 384 1079 θεν
416 1036 455 1080 οἱ
480 1037 705 1094 πατρίκιοι,
734 1042 809 1083 καί
842 1043 960 1100 αύτῷ
986 1044 1044 1100 τῷ
1070 1047 1243 1097 βασιλεῖ
1263 1042 1371 1087 κατὰ
1400 1043 1476 1102 τήν
1506 1044 1758 1102 σωτηριώδη

305 1102 559 1157 νομοθεσίαν
598 1105 737 1148 αὐτῶν
776 1104 930 1160 τόμους
973 1115 1144 1164 κρατεῖν
1187 1110 1342 1166 ταύτην
1380 1112 1754 1166 ἐγγεγραμμένους.

304 1166 352 1210 τὸ
381 1170 427 1211 δὲ
456 1168 533 1219 τὰς
567 1168 724 1225 κνήμας
753 1174 851 1229 λινῷ
879 1175 1144 1230 ἐσφινῶσθαι
1174 1175 1320 1234 α’μφύρ
1348 1174 1457 1230 μετὰ
1484 1175 1558 1218 καί
1579 1177 1808 1232 >jovam-15

302 1236 439 1287 με’νων
467 1237 675 1290 πεδίλων,
715 1237 842 1279 ταῦτό
872 1241 994 1280 τοῦτο
1022 1238 1097 1281 καί
1129 1238 1368 1297 νεκρότητος
1399 1239 1476 1282 καί
1508 1238 1753 1297 λαμπρότη-

106 1308 393 1354 Εδ.1ι.369τος.
450 1303 496 1343 ἐκ
524 1303 570 1343 δὲ
607 1305 691 1344 τῶν
712 1300 961 1356 Ῥωμαϊκῶν
996 1303 1269 1361 παραδόσεων
1299 1304 1346 1348 τὸ
1371 1308 1451 1360 μὲν
1476 1305 1575 1356 τούς
1601 1319 1755 1363 πατρι-

306 1369 421 1417 κίους
465 1369 757 1424 ἔπημφιέσθαι
785 1368 948 1426 λώρους
987 1372 1047 1420 εἰς
1073 1369 1203 1414 τύπον
1228 1373 1312 1415 τῶν
1338 1375 1529 1415 παλαιῶν
1557 1371 1751 1430 ὑπατων,

301 1435 377 1475 καί
401 1435 560 1487 μᾶλλον
586 1437 668 1476 ταῖν
694 1436 915 1488 μετέπειτα
943 1439 1152 1491 βασιλέων
1178 1436 1282 1480 κατά
1310 1453 1425 1487 τινας
1449 1437 1750 1495 ὃιωρισμένους

299 1498 475 1556 καιρούς
516 1496 814 1558 ἀρχιερατικὴν
853 1503 974 1553 α’ξιαν
1020 1503 1302 1560 ἀνῃρημένους
1341 1501 1386 1546 τὸ
1424 1505 1570 1559 σχῆμα
1608 1498 1802 1556 εἶναι,2ο

300 1565 345 1608 οἳ
378 1565 455 1608 καί
489 1566 546 1616 ὥς
581 1571 770 1622 βασιλεῖς
804 1572 1106 1625 πραγματικῶς
1144 1565 1258 1619 ὄντες
1295 1566 1650 1626 χρονοκράτορες,
1689 1561 1748 1610 ὧν

369 1646 491 1691 6.,ἔχει
509 1647 559 1687 R.,
585 1646 687 1692 ἔχειν
711 1647 795 1693 cod:
817 1652 854 1682 et
882 1648 937 1683 ed.
1025 1659 1075 1695 ¹7·
1091 1646 1132 1683 τὸ
1151 1649 1226 1696 μὲν
1250 1661 1316 1685 em.
1340 1650 1391 1690 R„
1411 1647 1509 1691 τό,τε
1524 1648 1601 1684 cod.
1623 1651 1662 1682 et
1681 1646 1739 1682 ed.

298 1717 417 1750 nostri
441 1721 588 1760 gerunt,
625 1722 896 1762 repraesentare
925 1717 1206 1752 tumulationem
1232 1719 1321 1751 eius.
1369 1716 1479 1763 Quod
1503 1721 1624 1750 autem
1649 1715 1747 1750 loros

299 1773 388 1796 auro
414 1764 625 1807 conspicuos
651 1768 810 1807 gestant,
836 1764 874 1797 id
896 1764 1176 1809 interpretamur
1193 1766 1385 1810 imaginem
1402 1763 1606 1809 splendoris
1624 1773 1746 1797 resur-

298 1811 470 1843 rectionis
499 1809 635 1852 Christi
660 1821 758 1854 esse;
795 1817 968 1856 tanquam
993 1813 1023 1844 si
1047 1822 1067 1843 a
1091 1812 1260 1854 Christo,
1295 1812 1398 1846 velut
1432 1812 1529 1852 sole,
1551 1810 1632 1857 'per
1665 1808 1744 1842 eius

297 1858 598 1891 resurrectionem
636 1857 746 1890 radiis
772 1857 951 1892 solaribus
977 1859 1315 1892 circumcollustrati
1338 1858 1582 1904 splenderent.
1629 1855 1746 1901 Magi-

297 1905 363 1937 stri
396 1904 493 1937 enim
526 1910 563 1938 et
594 1905 741 1949 patricii
774 1906 936 1939 referunt
972 1906 1172 1950 apostolos3
1210 1907 1368 1952 optimus
1399 1911 1521 1939 autem
1544 1905 1745 1949 Imperator
1872 1921 1878 1950 ε

297 1951 430 1992 Deum,
453 1957 631 1997 quatenus
664 1962 794 1996 nempe
825 1951 966 1986 homini
987 1953 1105 1986 Deum
1132 1952 1266 1986 referre
1291 1951 1415 1985 datum
1442 1955 1506 1986 est.
1555 1952 1660 1996 Quae
1685 1948 1743 1982 illi

297 2003 438 2041 gestant
461 2009 634 2043 scepaea‚
659 1999 799 2044 vulgari
824 2009 987 2032 sermone
1014 1999 1067 2033 sic
1091 1998 1206 2041 dicta,
1237 2000 1276 2034 id
1301 2005 1356 2032 est
1378 1998 1583 2043 scipiones,
1607 1994 1743 2041 proba-

298 2044 375 2077 bile
402 2050 479 2086 est,
511 2056 573 2079 eos
601 2045 695 2079 velle
728 2046 847 2090 typice
880 2046 1127 2090 triumphum,
1165 2058 1273 2093 quem
1312 2044 1476 2079 Christus
1508 2046 1548 2077 in
1578 2053 1740 2076 resurre-

298 2092 419 2125 ctione
445 2103 509 2124 sua
535 2092 627 2136 egit,
662 2097 931 2137 repraesentare
966 2104 1180 2139 crucemque
1213 2091 1458 2125 similitudine
1481 2091 1641 2130 referre,
1672 2098 1741 2134 per
1872 2091 1878 2111 ¹

297 2148 408 2183 quam
433 2137 597 2172 Christus
635 2143 823 2183 tropaeum
858 2139 902 2172 de
935 2139 1078 2172 inferno
1104 2141 1245 2175 statuit.
1306 2139 1408 2172 Circa
1432 2136 1656 2171 anexicacias
1681 2140 1742 2168 toa
1873 2159 1878 2179 ¹

295 2195 394 2224 mos,
429 2189 471 2217 ut
494 2185 648 2229 vulgaris
682 2196 798 2218 sermo
824 2185 1003 2230 appellat,
1033 2197 1097 2220 seu
1122 2186 1336 2219 clementiae
1358 2173 1651 2218 memssranaceos
1677 2194 1742 2216 ro·
1871 2190 1878 2222 1

296 2231 394 2264 tulos
419 2242 493 2264 non
518 2233 567 2265 ita
592 2243 629 2265 se
654 2243 691 2264 re
717 2243 800 2265 vera
824 2243 880 2265 res
907 2230 1038 2273 habet,
1062 2236 1103 2265 ut
1127 2233 1234 2278 vulgo
1261 2232 1504 2271 existimatur,
1531 2234 1568 2264 et
1591 2241 1636 2263 ex
1656 2229 1740 2262 vul-

297 2289 380 2323 gare
405 2278 470 2311 illa
495 2278 742 2323 appellatione
767 2277 979 2312 concludas:
1012 2289 1155 2319 verum,
1187 2284 1228 2312 ut
1256 2277 1435 2324 praedicti
1459 2277 1605 2322 patricii
1629 2275 1740 2310 disei-

297 2326 404 2371 pulos
428 2324 566 2360 Christi
589 2328 882 2369 repraesentant,
922 2325 973 2357 ita
1005 2325 1175 2360 videntur
1198 2325 1393 2360 secundum
1417 2325 1612 2357 salutarem
1635 2332 1738 2356 suam

298 2372 567 2406 institutionem
599 2372 668 2416 ipsi
707 2382 854 2417 quoque
888 2372 1102 2417 Imperatori
1142 2370 1206 2418 [ut
1241 2372 1375 2406 Christi
1406 2382 1599 2416 personam
1628 2370 1739 2403 susti-

295 2416 422 2466 nenti]
451 2418 564 2452 libros
594 2417 795 2464 praeferre,
819 2418 1012 2452 salutarem
1039 2419 1240 2452 doctrinam
1266 2419 1398 2453 litteris
1418 2419 1662 2464 consignatam
1678 2421 1736 2450 te-

295 2472 435 2500 nentes.
486 2465 596 2510 Quod
631 2471 752 2498 autem
789 2476 895 2498 crura
919 2467 1017 2500 linea
1048 2466 1122 2500 tela
1147 2466 1339 2499 constricta
1366 2464 1504 2498 habent
1542 2469 1581 2498 et
1615 2470 1736 2497 ocreas

297 2513 485 2547 deauratas
510 2513 549 2546 in
572 2511 748 2558 pedibus,
780 2512 819 2545 id
844 2512 947 2546 illinc
973 2512 1119 2559 quidem
1144 2512 1191 2545 ad
1215 2512 1459 2546 humilitatem
1480 2509 1738 2551 mortalitatis,

290 2560 379 2594 hinc
402 2566 522 2594 autem
547 2560 593 2593 ad
614 2559 843 2604 splendorem
864 2560 1137 2594 resurrectionis
1160 2561 1330 2605 pertinet.
1381 2558 1585 2593 Secundum
1604 2559 1735 2591 Roma-

290 2618 356 2641 nas
386 2612 506 2641 autem
529 2606 744 2641 traditiones
770 2612 1042 2651 repraesentant
1064 2607 1210 2652 patricii
1235 2607 1321 2640 loris
1345 2606 1465 2640 induti
1485 2611 1624 2640 veteres
1648 2613 1736 2636 con-

292 2655 409 2695 sules,
434 2659 497 2687 aut
525 2655 647 2698 potius
672 2653 886 2687 consulibus·
907 2655 1126 2699 posteriores
1150 2655 1411 2699 Imperatores3
1445 2652 1650 2698 diciturque
1672 2649 1734 2682 hic

292 2712 417 2735 eorum
449 2701 596 2735 habitus
628 2700 760 2743 fuisse,
793 2712 905 2746 quum
937 2702 1042 2735 certis
1075 2703 1219 2734 statutis
1253 2699 1479 2746 temporibus
1511 2699 1746 2733 summorum·

290 2748 505 2793 pontificum
544 2748 756 2795 dignitatem
787 2747 1000 2794 induerent3
1036 2748 1174 2796 quippe
1206 2748 1279 2795 qui²
1304 2746 1518 2796 [consules]
1539 2743 1749 2783 actualiter·
1872 2755 1878 2773 ι
