1832 3112
312 101 386 176 74
590 120 952 166 CONSTANTlNl
991 124 1479 172 PORPHYROGENITI

309 219 461 277 λήλους
489 218 527 278 ὅ,
543 239 589 265 τε
614 223 816 278 βασιλεῦς
843 227 916 267 καί
942 222 963 268 ὅ
989 227 1270 286 πατριάρχης,
1309 232 1567 289 εἰσέρχονται
1596 237 1657 286 εἷς
1681 235 1768 293 τὴν·

305 288 551 344 ἐκκλησίαν,
594 286 862 333 ἀπελθόντων
893 292 939 334 δὲ
970 294 1110 337 αὐτῶν
1137 294 1376 354 ἔμπροσθεν
1404 301 1490 342 τῶν
1517 297 1649 355 ἁγίων
1673 305 1759 345 θυ-

269 357 422 411 ])ρῶν,
452 354 474 398 ὃ
503 358 583 409 μὲν
609 355 871 413 πατριάρχης
897 359 1132 415 εἰσέρχεται
1159 363 1204 405 ἓν
1233 366 1291 421 τῷ
1315 367 1628 426 θυσιαστηρίῳ,
1658 367 1683 410 ὅ
1711 369 1759 411 δὲ

307 421 510 476 βασιλεὺς
533 420 772 478 ἔμπροσθεν
795 419 927 475 ἑστώς
946 427 1029 468 τῶν
1050 427 1181 483 ἁγίων
1206 432 1367 486 θυρῶν,
1396 425 1566 486 εὔχεται
1593 437 1760 490 κρατῶν

308 488 472 545 κηρούς,
500 487 575 530 καί
599 488 819 542 εὐξάμενος
847 492 1092 536 ἐπιδίδωσιν
1119 491 1278 545 αὖτοὺς
1303 498 1361 555 τῷ
1384 498 1660 558 πραιποσίτῳ,
1687 499 1784 549 καὶὸ

308 557 545 611 εἰσέρχεται
573 557 632 605 εἰς
659 554 707 598 τὸ
737 557 1059 615 θυσιαστήριον,
1084 559 1158 603 καὶ
1183 558 1407 616 εὖξάμενος
1433 571 1663 621 προσκυνεῖ
1682 566 1760 623 τὴν

308 620 432 675 ἁγίαν
459 621 694 678 τράπεζαν,
738 624 811 665 καί
833 625 1049 682 διέρχεται
1088 625 1160 669 διά
1188 629 1263 683 τῆς
1291 631 1464 681 σωλέας·
1518 635 1684 686 μέλλων
1711 634 1760 676 δὲ

308 688 560 744 έξέρχεσθαι
586 688 664 745 την
691 692 869 744 σωλέαν,
898 690 1105 747 λαμβάνει
1132 693 1250 750 παρὰ
1278 696 1356 738 τοῦ
1382 697 1662 754 πραιποσιζτου
1685 715 1760 755 κη-

306 754 612 811 ριολιτανίκην,
648 755 721 799 καί
745 756 908 808 εὕθέως
938 754 1145 814 ἄρχονται
1186 759 1226 802 οἱ
1255 761 1418 815 ψάλται
1437 764 1485 806 ἒν
1509 765 1566 821 τῷ
1594 759 1762 818 ἅμβωνι

306 818 357 862 τὸ
394 820 617 876 ,,Χριστὸς
653 821 846 879 ἄνέστη.”
913 824 1130 882 (Γ.)“Και“
1167 826 1483 882 δηριγευόμενος
1510 827 1531 871 ὅ
1561 827 1815 884 βασιλεῦςιο

132 898 196 932 ΕΔ,
210 898 246 932 L,
261 883 397 945 4515716
429 890 597 930 πάντων
623 890 708 932 τῶν
733 887 842 932 κατά
871 891 1112 946 συνήθειαν,
1143 894 1357 947 διέρχεται
1382 896 1513 948 μέσον
1538 898 1615 938 τοῦ
1642 898 1760 951 ναοῦ,

311 953 384 996 καί
409 956 626 1011 διέρχεται
664 954 736 1000 διὰ
773 958 858 999 τῶν
897 960 1127 1013 βασιλικῶν
1163 961 1307 1003 πυλῶν
1318 975 1343 1014 ,·
1373 963 1446 1003 καί
1483 961 1663 1005 διελθών
1688 961 1762 1006 τὸν

310 1020 505 1078 νάρθηκα
534 1021 606 1064 καί
629 1022 701 1065 τὸν
726 1025 927 1080 λουτῆρα,
955 1026 1206 1082 κατέρχεται
1233 1024 1285 1070 τὰ
1313 1027 1521 1083 γραδήλια
1549 1030 1625 1071 τοῦ
1651 1024 1761 1070 ἀθύ-

309 1103 406 1144 ρος,
445 1089 519 1130 καί
546 1090 759 1145 διέρχεται
789 1088 859 1133 διὰ
887 1093 962 1133 τοῦ
976 1093 1131 1145 μιλίου
1160 1092 1235 1135 καί
1258 1091 1334 1148 τήν
1361 1095 1507 1150 μέσην,
1536 1095 1610 1136 καί
1635 1094 1761 1150 ἀνέρ-

310 1170 431 1208 χεται
459 1155 519 1204 εἰς
547 1153 618 1196 τὸν
646 1154 802 1212 φόρον,
847 1156 922 1199 καί
955 1160 1087 1214 μέχρι
1126 1159 1203 1201 τοῦ
1231 1160 1366 1210 κίονος
1393 1156 1616 1214 ἀπελθών,
1654 1159 1815 1204 swam

310 1221 568 1278 καθίδρυται
605 1221 627 1264 ὁ
656 1222 753 1272 ναὸς
790 1225 870 1266 τοῦ
921 1223 1040 1279 ἁγίου
1081 1227 1406 1269 Κωνσταντίνου
1422 1259 1435 1279 ,
1475 1226 1700 1282 ἀνέρχεται
1734 1225 1759 1268 o‘

311 1287 511 1343 βασιλεὺς
536 1288 588 1332 τὰ
607 1287 847 1346 ἔμπροσθεν
866 1291 1074 1348 γραδὴλια
1094 1294 1171 1334 τοῦ
1195 1294 1310 1346 ναοῦ,
1338 1290 1411 1335 καὶ
1425 1292 1592 1336 ἵσταται
1613 1293 1760 1346 ε’κεῖσε,

311 1357 631 1411 ἔπακουμβίζων
673 1360 733 1415 τῷ
770 1360 978 1417 καγκέλλῳ
1016 1360 1061 1401 έν
1099 1360 1158 1416 τῷ
1195 1361 1316 1417 δεξιῷ
1351 1359 1495 1415 μέρει,
1539 1356 1613 1400 καί
1637 1356 1761 1414 ἡνίκα

140 1425 458 1480 Με.47.ειμέλλει
487 1418 744 1479 ἀνέρχεσθαι
770 1422 822 1466 τὰ
853 1424 959 1466 αὕτα
988 1426 1194 1482 γραδήλια
1224 1423 1245 1466 ὃ
1274 1422 1496 1479 βασιλεῦς,
1535 1423 1685 1466 δίδωσι
1711 1422 1760 1467 τὸ

312 1489 456 1547 κηρίον
484 1486 613 1532 αὐτοῦ
640 1491 696 1547 τῷ
724 1490 998 1549 πραιποσίτῳ.
1068 1490 1108 1533 οἱ
1136 1492 1184 1534 δὲ
1212 1493 1420 1547 πατρίκιοι
1445 1493 1518 1533 καί
1542 1489 1693 1541 πάντες
1720 1489 1815 1534 οἱαο

316 1552 516 1613 ἄρχοντες
552 1557 747 1598 ἵστανται
786 1554 920 1611 κάτω,
974 1560 1144 1607 ἕκαστος
1183 1553 1324 1599 αὐτῶν
1363 1556 1469 1599 κατὰ
1505 1556 1584 1613 τήν
1622 1557 1762 1600 αὐτῶν

283 1625 436 1675 Βτάξιν
462 1639 506 1666 τε
544 1625 617 1665 καί
652 1622 796 1666 στάσιν
832 1621 890 1673 ὥς
922 1622 1188 1681 προείρηται,
1233 1621 1307 1665 καί
1341 1623 1651 1677 καταλαβόντος
1685 1624 1762 1666 τοῦ

314 1690 576 1747 πατριάρχου
599 1685 703 1743 μετὰ
726 1690 800 1745 τῆς
822 1692 960 1746 λιτῆς,
999 1691 1214 1745 διέρχεται
1234 1691 1375 1743 μέσων
1392 1689 1546 1743 αὐτῶν,
1575 1691 1649 1732 καί
1660 1690 1763 1743 μέλ-

314 1761 457 1806 λοντος
483 1757 562 1798 τοῦ
588 1758 777 1812 σταυροῦ
803 1756 1059 1813 ἀνέρχεσθαι
1092 1753 1147 1798 τὰ
1171 1754 1405 1812 γραδήλια,
1451 1753 1558 1798 ἔνθα
1587 1753 1611 1797 ὅ
1636 1758 1764 1810 βασι-

316 1824 414 1874 λεὺς
441 1825 634 1878 ἵσταται,
676 1820 798 1867 ἅπτει
825 1821 978 1881 κηροὺς
1005 1821 1028 1865 ὅ
1056 1814 1305 1878 βασιλεῦς,
1331 1823 1403 1865 καί
1436 1827 1670 1880 προσκυνεῖ
1689 1820 1814 1868 τὸν25

318 1941 518 1982 adorarunt
535 1943 761 1988 osculatique
786 1946 881 1981 sunt,
907 1941 946 1974 in
969 1941 1156 1976 ecclesiam
1179 1939 1445 1985 ingrediuntur,
1467 1939 1533 1972 ubi
1555 1938 1603 1972 ad
1618 1944 1760 1974 sanctas

317 1988 442 2024 ianuas
474 1989 652 2035 progressi
664 1986 679 2030 ‚⁸
711 1988 916 2034 patriarcha
944 1988 1136 2022 sacrarium
1166 1988 1271 2033 petit.
1320 1987 1517 2030 Imperator
1544 1986 1590 2020 ad
1619 1993 1760 2022 sanctas

319 2035 446 2068 ianuas
462 2061 471 2076 ,
497 2047 618 2070 cereos
640 2047 747 2069 manu
774 2040 902 2068 tenens
918 2059 928 2076 ‚
958 2041 1146 2080 precatur,
1176 2038 1341 2079 precatus
1361 2044 1422 2066 eos
1445 2033 1651 2078 praeposito
1668 2034 1761 2068 ‘red-

320 2082 398 2123 dit,
423 2088 461 2116 et
478 2084 669 2116 sacrarium
691 2084 870 2128 ingressus
890 2088 1149 2127 precatusque,
1172 2091 1307 2113 sacram
1335 2091 1495 2113 mensam
1513 2080 1653 2122 adorat,
1674 2092 1760 2126 per—

321 2140 393 2175 que
418 2130 554 2163 soleam
571 2129 773 2174 digreditur
787 2154 797 2171 ,
820 2127 917 2162 unde
945 2128 1030 2162 (lum
1050 2129 1148 2162 exire
1167 2128 1266 2168 vult,
1291 2138 1435 2162 cereum
1456 2128 1761 2172 processionalem

320 2188 342 2209 a
371 2178 579 2222 praeposito
610 2178 763 2219 accipit,
797 2176 934 2221 psaltae
971 2177 1111 2209 interea
1143 2175 1182 2208 in
1214 2173 1370 2208 ambone
1402 2180 1556 2208 canunt:
1595 2174 1762 2209 Christus

319 2226 536 2260 resurrexit.
585 2223 680 2270 (111.)
704 2225 902 2268 Imperator
921 2222 967 2255 ab
986 2221 1152 2256 omnibus
1175 2233 1240 2267 pro
1266 2232 1364 2255 more
1389 2221 1564 2266 stipatus,
1597 2232 1663 2267 per
1682 2232 1762 2255 me-

321 2269 423 2303 dium
446 2271 644 2316 templum,
670 2276 791 2315 portas
813 2270 950 2315 regiaS,
974 2269 1180 2303 narthecem
1203 2274 1239 2302 et
1253 2267 1509 2313 baptisterium
1529 2269 1672 2309 transit,
1695 2279 1763 2314 per

321 2318 433 2351 scalas
458 2317 595 2362 athyr-is
614 2317 823 2357 descendit,
849 2327 987 2362 perque
1016 2317 1158 2351 milium
1182 2315 1412 2361 mediamque
1437 2315 1554 2348 forum
1581 2316 1699 2361 petit,
1724 2319 1763 2349 et

322 2375 438 2410 usque
463 2365 509 2399 ad
531 2365 734 2399 columnam
748 2390 758 2405 ,
783 2363 849 2397 ubi
870 2364 1044 2408 templum
1066 2364 1099 2397 S.
1123 2363 1351 2396 Constantini
1376 2366 1449 2403 est,
1471 2361 1568 2402 abit,
1591 2373 1659 2408 per
1681 2372 1763 2395 sca-

322 2412 377 2449 las
401 2413 529 2458 templi
552 2411 759 2452 adscendit,
783 2411 911 2457 ibique
932 2410 1118 2451 subsistit,
1143 2410 1311 2443 cancellis
1331 2409 1452 2443 dextri
1473 2409 1597 2442 lateris
1617 2420 1761 2442 accum-

322 2458 414 2492 bens
429 2484 440 2500 ‚
466 2458 565 2505 quod
584 2461 794 2505 priusquam
818 2458 918 2499 facit,
942 2469 1085 2491 cereum
1105 2468 1209 2490 suum
1226 2457 1435 2502 praeposito
1458 2455 1579 2490 tradit.
1615 2456 1762 2490 patricii

321 2518 407 2540 velo
429 2511 466 2540 et
487 2506 661 2552 praefecti
680 2516 802 2539 omnes
827 2505 866 2538 in
892 2505 1059 2538 inferiori
1084 2504 1183 2544 loco,
1209 2504 1342 2548 singuli
1370 2514 1434 2548 pro
1466 2514 1531 2536 suo
1564 2501 1694 2539 ordine
1724 2507 1762 2536 et

324 2553 503 2598 dignitate
525 2558 567 2587 ut
591 2564 699 2598 supra
715 2552 940 2592 monuimus,
964 2557 1077 2592 stant,
1101 2562 1166 2596 per
1182 2561 1271 2595 quos
1291 2550 1430 2583 medios
1456 2549 1658 2594 patriarcha
1679 2559 1761 2587 cum

322 2602 554 2646 processione
596 2599 791 2634 adveniens
819 2600 974 2641 transit,
1006 2599 1163 2644 dumque
1190 2609 1275 2630 crux
1302 2608 1368 2642 per
1397 2597 1527 2636 scalas,
1552 2595 1618 2629 ubi
1641 2597 1762 2640 Impe-

324 2653 419 2681 rator
442 2653 536 2688 stat,
561 2658 752 2682 ascensura
773 2651 852 2687 cst,
883 2647 962 2690 ipse
989 2656 1110 2679 cereos
1136 2644 1323 2685 accendit,
1349 2648 1386 2677 et
1411 2641 1649 2677 venerandam
1679 2654 1761 2675 cru—

325 2705 403 2728 cem
432 2695 580 2736 adorat,
619 2706 690 2742 quo
718 2694 812 2727 sacto
845 2704 964 2726 cereos
993 2692 1220 2738 praeposito,
1253 2691 1479 2736 praepositus
1507 2689 1759 2724 cerimoniario

325 2741 456 2783 tradit,
482 2742 544 2790 qui
572 2753 632 2777 cos
662 2741 701 2778 in
723 2739 948 2777 manualibus
980 2739 1218 2787 processionis
1242 2738 1337 2784 figit:
1378 2748 1462 2774 crux.
1490 2747 1575 2774 vero
1601 2738 1760 2778 affertur,
