1832 3112
338 147 411 188 DE
443 145 703 189 cmmON.
748 145 929 187 AULAE
975 146 1200 195 cmm.
1234 148 1363 192 1.1o.
1500 147 1574 202 79

131 248 263 293 αὕτὸν
289 249 555 305 σιλεντιοίριοι
581 245 660 290 δύο
693 249 824 303 μέχρι
858 249 934 290 τοῦ
958 248 1077 291 ναοῦ.
1142 246 1217 290 καὶ
1239 248 1313 303 τῆς
1337 249 1459 300 θείας
1485 250 1573 290 λει-

130 318 327 372 τουργίας
351 318 634 370 τελεσθείσης,
675 315 886 369 διέρχεται
914 311 938 356 ὅ
964 312 1163 368 βασιλεῦς
1200 315 1270 356 διὰ
1301 317 1386 357 τῶν
1413 314 1572 371 ἔμπρο-

129 384 235 424 σθεν
261 381 643 437 κατηχουμενειὲυν,
688 381 761 421 καί
787 378 858 421 διὰ
884 381 968 422 τῶν
1007 377 1128 422 ἔνδον
1166 380 1404 436 ἀπέρχεται
1437 382 1484 424 ἐν
1510 383 1573 439 τῷ

128 445 402 504 θεοφυλοὶκτῳ
429 445 617 503 παλατίῳ
629 479 643 499 ,
680 440 810 500 ἤγουν
836 447 894 502 τῷ
921 441 1010 487 ὄντι
1037 446 1168 488 ἐκεῖσε
1182 477 1197 499 ,
1235 447 1309 488 καί
1331 448 1571 503 εἰσέρχεται

102 513 177 555 5ἑν
202 512 262 569 τῷ
289 513 451 554 κοιτῶνι
478 511 627 554 αὕτοῦ.
681 509 755 552 καί
779 511 1051 567 κατέρχονται
1082 509 1158 552 δύο
1185 512 1457 568 σιλεντιάριοι
1484 512 1568 555 ἀπὸ

129 575 357 627 κελεύσεως
391 578 468 619 καί
502 571 834 633 προσκαλοῦνται
872 576 944 619 τὸν
979 576 1273 632 πατριάρχην,
1317 576 1390 620 καί
1421 577 1569 622 τούτου

128 639 379 692 ἀνελθόντος
402 645 476 686 καὶ
500 643 830 699 πλησιάσαντος,
868 644 1064 696 δέχονται
1089 640 1225 701 ιαὐτὸν
1255 639 1459 700 ἄρχοντες
1491 648 1608 689 τοῦΙ)

125 707 423 763 κουβουκλείου
435 741 450 762 ,
486 707 561 750 καί
587 706 729 751 ἐλθών
753 709 975 759 καθέζεται
1000 707 1176 764 μικρὸν,
1213 710 1288 751 καί
1313 707 1517 753 εἰσελθών
1544 709 1568 752 o‘

127 773 402 830 πραιπόσιτος
446 775 573 830 δηλοῖ
599 776 656 831 τῷ
692 777 874 828 βασιλεῖ.
943 772 968 816 o‘
1001 775 1049 817 δὲ
1079 774 1280 828 βασιλεὺς
1323 775 1481 817 κελεύει
1510 778 1571 835 τῷ

75 841 389 898 ιοπραιποσίτῳ
417 842 788 897 προσκαλέσασθαι
823 839 899 883 τόν
930 838 1216 896 πατριάρχην,
1244 840 1318 883 καί
1342 839 1570 893 ἓνωθέντες

125 901 362 962 ἀμφότεροι
385 901 435 959 ὅ,
471 921 517 947 τε
539 904 742 959 βασιλεὺς
766 907 840 948 καί
862 904 887 947 ὅ
918 904 1179 962 πατριάρχης
1208 908 1254 949 έν
1281 908 1340 965 τῷ
1360 907 1568 967 τρικλίνῳ,

123 971 172 1012 ἐν
201 964 234 1029 ᾧ
253 972 420 1014 ἵσταται
445 970 472 1027 ἧ
498 969 706 1028 τράπεζα,
746 974 1042 1028 προσκαλεῖται
1073 970 1172 1021 τοὺς
1201 972 1347 1028 ἱερεῖς,
1374 972 1450 1016 καί
1468 984 1569 1016 ’ποι-

125 1038 222 1080 οῦσι
244 1035 319 1080 τὸν
345 1036 512 1091 στίχον,
540 1039 614 1080 καί
637 1036 864 1092 εὐλογήσας
895 1035 973 1093 τὴν
1001 1035 1213 1093 τράπεζαν
1243 1037 1267 1080 ὅ
1290 1036 1568 1095 πατριάρχης,

123 1101 385 1146 ὖπαλλάσσει
409 1103 455 1146 τὸ
478 1099 723 1160 ὦμοφόριον
746 1103 896 1157 αὑτοῦ,
924 1105 999 1146 καί
1017 1103 1214 1157 λαβόντες
1239 1100 1346 1147 αὕτό
1373 1103 1414 1147 οἱ
1443 1104 1569 1162 ἱερεῖς

75 1170 390 1223 Ιὸἐξέρχονται,
418 1170 494 1211 καί
519 1166 606 1212 εἶθ’
627 1165 760 1219 οὕτως
784 1170 1035 1227 καθέζονται
1055 1165 1291 1226 ἀμφότεροι
1319 1172 1366 1213 ἐν
1387 1173 1440 1228 τῇ
1466 1188 1569 1227 τρα-

122 1236 227 1294 πέζῃ
255 1230 300 1288 ὅ,
338 1250 383 1276 τε
411 1233 611 1289 βασιλεὺς
639 1233 714 1276 καί
735 1233 760 1277 ὅ
796 1233 1074 1291 πατριάρχης·
1139 1234 1178 1277 οἱ
1212 1237 1259 1278 δὲ
1284 1237 1361 1279 τοῦ
1389 1240 1570 1292 κουβον-

122 1300 261 1344 κλείου
284 1299 561 1356 παρίστανται
586 1303 632 1344 ἐν
657 1303 708 1358 τῇ
734 1302 919 1358 τραπέζῃ
938 1300 1061 1343 ἔνθεν
1084 1301 1247 1343 κᾶκεῖσε
1259 1335 1274 1355 ,
1302 1301 1361 1351 ὥς
1388 1301 1563 1359 εἴρηται.
1575 1315 1640 1351 Ed,
1656 1315 1754 1363 1,.43

122 1368 197 1409 καί
231 1364 406 1409 πιόντων
448 1364 672 1422 προσάπαξ
711 1369 790 1410 τοῦ
820 1369 1027 1421 βασιλέως
1066 1367 1142 1409 καί
1172 1370 1250 1410 τοῦ
1286 1367 1567 1425 πατριάρχου,

121 1432 234 1475 νεύει
261 1429 283 1474 ὅ
318 1432 588 1489 πραιπόσιτος
615 1429 698 1474 ἇπὸ
731 1433 978 1486 κελεύσεως,
1019 1432 1095 1475 καί
1122 1434 1387 1489 εἰσέρχονται
1414 1433 1454 1476 οἱ
1490 1435 1567 1490 τῆς

67 1498 375 1555 αοῦπουργίας,
416 1496 439 1541 ὅ
467 1500 513 1542 δὲ
535 1501 610 1555 τῆς
642 1501 851 1556 τραπέζης
881 1497 1084 1542 εἰσελθών
1112 1501 1279 1542 ἵσταται
1302 1501 1350 1543 ἐν
1372 1503 1426 1558 τῇ
1450 1501 1565 1543 κάτω

120 1562 231 1622 πύλῃ
260 1563 500 1622 ἔμπροσθεν
529 1568 608 1608 τοῦ
636 1564 795 1622 βὴλου,
836 1567 910 1608 καί
933 1563 1045 1608 νεύει
1075 1561 1208 1608 αὗτὸν
1245 1563 1268 1607 ὅ
1295 1566 1565 1622 πραιπόσιτος

121 1627 203 1670 ἀπὸ
235 1631 482 1684 κελεύσεως,
528 1634 602 1673 καί
627 1630 780 1674 ’νύσσει
806 1629 854 1673 τὸ
887 1633 1015 1686 βῆλον
1048 1629 1156 1684 μετὰ
1186 1633 1261 1686 τῆς
1285 1630 1452 1686 χειρὸς,
1489 1631 1566 1674 καὶ

124 1692 317 1749 αἴρουσιν
343 1693 448 1738 mito
479 1693 666 1752 ὕπερθεν
695 1697 985 1753 ἑγγιστιάριοι,
1027 1696 1101 1738 καὶ
1128 1698 1385 1752 εἰσέρχονται
1418 1697 1458 1738 οἱ
1488 1696 1563 1753 ‹pl-

123 1764 203 1813 λοι,
226 1760 301 1803 καί
314 1766 489 1804 τελεῖται
513 1759 658 1804 ἅπασα
688 1763 716 1818 ἡ
741 1764 818 1818 τῆς
841 1763 1048 1818 τραπέζης
1071 1758 1317 1805 ἀκολουθία.
1370 1761 1445 1805 καί
1469 1759 1563 1805 ἄνι’-

67 1827 294 1869 αόστανται
325 1826 655 1884 ὖπερευξάμενοι
686 1826 759 1871 τὸν
790 1829 993 1883 βασιλέα,
1042 1827 1117 1870 καί
1137 1829 1376 1884 ἐξέρχονται
1383 1861 1398 1883 ,
1436 1831 1510 1871 καί
1534 1828 1632 1876 (ilus.
1647 1840 1735 1888 49³

212 1941 245 1965 2.
269 1930 345 1966 τῶν
367 1930 434 1964 καὶ
460 1929 572 1977 ἔμπρ.
597 1930 657 1968 ed.
731 1931 781 1966 16.
807 1930 877 1966 τοῦ
903 1942 962 1965 om
988 1929 1044 1966 ed.
1144 1942 1196 1976 ¹9·
1222 1929 1325 1966 νεύει
1341 1927 1480 1978 ripam.
1498 1931 1556 1967 ed.

118 2039 293 2074 interiora
321 2039 368 2073 ad
394 2040 568 2085 palatium
598 2052 619 2074 a
642 2041 720 2075 Deo
745 2045 941 2081 servatum,
977 2039 1077 2086 quod
1104 2040 1246 2074 scilicet
1268 2040 1321 2074 ibi
1348 2041 1458 2075 situm
1485 2046 1554 2082 est,

119 2086 200 2120 abit
215 2086 496 2133 cubiculumque
521 2099 624 2121 suum
644 2087 856 2132 ingreditur.
904 2087 1010 2122 Tunc
1033 2088 1105 2122 duo
1129 2087 1324 2121 silentiar-ii
1341 2100 1362 2121 a
1383 2087 1553 2123 mandato

119 2133 258 2168 abeunt
276 2139 314 2167 et
331 2133 569 2179 patriarcham
589 2139 794 2175 arcessunt,
818 2146 939 2181 quem,
966 2133 1051 2168 dum
1075 2135 1355 2181 appropinquat,
1382 2134 1553 2169 cubiculo

114 2180 291 2226 praefecti
323 2182 529 2226 excipiunt,
554 2186 591 2215 et
617 2187 809 2227 postquam
843 2181 1008 2223 advenit,
1044 2181 1244 2227 paullisper
1278 2180 1441 2222 adsidet,
1465 2181 1553 2215 dum

116 2226 309 2260 adventum
327 2228 406 2261 eius
431 2229 643 2273 Imperatori
665 2229 888 2274 praepositus
912 2229 1073 2263 nunciat.
1123 2228 1227 2262 Tunc
1256 2228 1405 2274 quidem
1427 2231 1552 2273 Impe-

115 2279 235 2315 rator,
257 2274 495 2318 patriarcham
515 2274 688 2308 advocare
708 2277 953 2320 praepositum
974 2275 1097 2316 iubet,
1131 2274 1291 2321 dumque
1317 2275 1444 2316 ambo,
1476 2277 1551 2308 lm·-

115 2324 259 2364 perator
276 2321 416 2355 scilicet
436 2327 474 2354 et
495 2321 718 2366 patriarcha,
751 2334 825 2356 una
851 2323 891 2356 in
921 2322 1105 2362 triclinio,
1137 2321 1212 2354 ubi⁴
1230 2333 1352 2355 mensa
1378 2327 1461 2363 stat,
1484 2322 1550 2355 ad-

117 2372 221 2407 sunt,
250 2365 311 2400 hic
341 2368 542 2401 sacerdotes
573 2374 695 2410 vocat,
729 2370 792 2414 qui
813 2368 967 2402 stichum
996 2369 1153 2409 faciunt,
1183 2368 1386 2414 patriarcha
1413 2374 1548 2409 autem,

116 2417 307 2459 postqum
326 2425 469 2448 mensae
486 2414 686 2455 benedixit,
710 2416 960 2461 omophorium
986 2427 1089 2449 suum
1110 2414 1283 2460 deponit,
1313 2413 1411 2461 quod
1442 2419 1547 2459 post-

117 2470 226 2504 quam
243 2460 444 2494 sacerdotes
462 2468 663 2495 sumserunt
677 2487 686 2502 ,
719 2468 872 2502 exeunt,
916 2463 1113 2507 Imperator
1136 2468 1257 2495 autem
1283 2473 1363 2495 cum
1391 2462 1548 2505 patriar-

117 2505 183 2538 cha
200 2515 341 2539 mensae
359 2507 552 2541 accumbit:
580 2508 792 2542 cubicularii
813 2509 856 2542 ab
882 2514 1037 2554 utroque
1058 2519 1202 2542 mensae
1226 2508 1358 2548 latere,
1380 2513 1422 2540 ut
1448 2507 1547 2540 dixi-

115 2562 194 2584 mus
206 2575 219 2592 ,
244 2552 395 2586 adstant.
440 2554 630 2600 Postquam
646 2556 843 2600 Imperator
861 2561 898 2589 et
918 2554 1119 2600 patriarcha
1138 2554 1249 2588 semel
1268 2556 1415 2588 omnino
1438 2553 1546 2587 bibe-

116 2602 220 2638 runt,
243 2599 468 2643 praepositus
491 2612 512 2633 a
536 2600 705 2644 mandato
727 2604 867 2648 siguum
889 2601 971 2644 dat,
995 2613 1190 2648 omnesque
1214 2602 1371 2635 ministri
1392 2601 1544 2641 intrant,

115 2655 138 2677 e
164 2641 295 2692 quibu's
322 2656 464 2679 mensae
505 2648 707 2691 praefectus
737 2649 937 2694 ingressus,
973 2648 1019 2682 ad
1048 2649 1259 2682 inferiorem
1290 2653 1431 2693 portam
1458 2652 1544 2681 ante

114 2691 234 2726 velum
246 2697 327 2732 stat,
350 2691 472 2738 idque,
486 2694 586 2738 signo
605 2706 625 2728 a
637 2696 843 2740 praeposito
861 2694 959 2735 dato,
977 2707 1084 2728 manu
1099 2695 1230 2740 pulsat,
1248 2693 1445 2739 engistiarii
1459 2704 1544 2727 vero

114 2738 298 2781 attollunt,
316 2750 389 2785 quo
407 2739 499 2774 facto
518 2741 623 2774 amici
637 2741 899 2787 ingrediuntur,
920 2743 1109 2788 omnisque
1133 2751 1278 2775 mensae
1302 2739 1390 2775 ordo
1403 2741 1544 2787 peragi-
