1832 3112
264 104 371 142 XLII
542 99 615 141 10.
657 101 818 141 HENR.
857 98 1055 140 LEICHII
1095 97 1491 142 COMMENTATIO

271 217 436 247 uxorem
469 202 694 257 Augustam
727 200 948 256 appellaret
974 203 1022 255 ¹).
1086 202 1175 242 Hoc
1194 203 1377 243 *facinore
1407 203 1725 244 dominationem

271 275 318 299 ca
346 261 462 299 tavit.

317 276 344 314 P
380 315 456 357 IV.
512 313 550 353 N
553 328 597 352 ec
638 312 779 358 laetior
823 312 888 351 his
926 313 1177 366 temporibus
1223 313 1342 352 facies
1382 314 1556 353 civitatis
1601 321 1688 354 erat
1707 328 1731 354 :a

271 380 355 411 tam
402 370 580 409 diversas
620 370 660 406 in
704 375 837 420 partes
882 368 1054 421 populus
1096 376 1135 407 et
1178 368 1401 408 sacerdotes
1441 369 1731 409 trahebantur«

273 427 398 466 Cuius
427 426 575 478 negotii
609 426 769 462 initium
785 453 796 474 ,
828 424 1012 463 ordinem
1031 454 1043 476 ‚
1073 437 1119 462 ac
1147 423 1268 463 finem
1296 425 1474 463 curatius
1513 425 1730 475 disseram,-

276 490 324 521 nt
343 512 355 533 ‚
396 482 534 534 quanti
564 492 682 531 saepe
709 486 843 518 motus
872 480 905 518 si
939 479 992 518 ab
1023 481 1187 532 antiqua
1219 479 1508 519 consuetudine
1536 480 1728 519 discessio

274 539 348 576 fiat
362 566 375 588 ‚
403 537 586 574 oriantur
599 563 612 586 ‚
641 533 760 587 plane
791 542 993 587 appareat.
1047 535 1130 573 Leo
1161 533 1423 587 philosophus
1439 563 1453 586 ,
1481 549 1575 574 cum
1609 549 1632 574 e
1658 537 1731 574 tri—

275 593 353 632 bus
380 590 571 629 uxoribus
590 618 602 638 ‚
632 591 675 628 in
707 604 819 643 spem
849 590 1108 629 successionis
1130 619 1142 639 ‚
1184 589 1404 628 masculam
1435 589 1593 642 prolem
1627 589 1731 629 nul--

274 648 355 686 lam
386 647 646 698 suscepisset,
676 644 794 698 longe
825 647 1072 698 prospiciens
1102 644 1260 684 futuros
1287 658 1419 696 casus,
1446 652 1487 684 et
1512 659 1728 699 procerum

276 704 327 741 de
357 715 481 755 regno
515 701 788 740 contentiones
802 730 814 746 ,
848 702 959 740 Zoe‘n
989 700 1323 753 Carbinopsinam
1336 729 1348 751 ‚
1387 713 1471 739 non
1507 700 1733 740 admodum.

270 757 419 796 illustri
446 756 536 795 loco
564 762 701 794 natam
729 756 783 807 ²),
813 757 855 794 in
884 757 1187 795 matrimonium
1217 755 1342 796 duxit.
1397 755 1512 806 Quae
1536 770 1630 795 cum
1659 757 1732 794 in·-¹

270 820 406 852 cestae
440 812 604 864 nuptiae
642 811 751 863 apud
795 811 971 850 Graecos
1011 811 1256 850 haberentur
1275 841 1288 862 ‚
1332 817 1542 864 metusque
1587 818 1690 851 esset
1711 841 1726 863 ‚

270 882 324 907 ne
363 868 556 922 principis
589 865 815 920 exemplum
844 866 1008 920 plurimi
1043 874 1305 920 sequerentur
1320 881 1334 905 z
1377 865 1568 907 Nicolaus
1598 868 1725 921 patri-
1753 894 1759 903 ,

363 999 403 1022 sa
429 993 504 1029 est,
539 998 603 1020 cur
635 987 783 1028 edicta,
815 999 911 1033 quae
941 988 1050 1033 vulgo
1078 987 1250 1021 Novellae
1277 986 1566 1021 Constitutiones
1595 987 1726 1032 appel-

365 1035 509 1076 lantur,
547 1035 788 1069 Constantino
830 1035 1052 1080 imperante,
1089 1034 1261 1078 vulgata,
1303 1033 1344 1067 in
1373 1033 1561 1067 codicibus
1592 1036 1728 1080 passim

362 1082 526 1115 Romano
564 1081 786 1116 tribuantur.
833 1092 864 1114 v.
898 1082 1092 1119 LeunoIav,
1124 1082 1215 1115 Iuris
1254 1080 1586 1115 Graeco-Romani
1609 1082 1650 1116 Τ.
1677 1082 1726 1115 11.

363 1140 403 1174 p.
442 1128 517 1173 ¹4²·
565 1129 608 1161 In
638 1128 771 1163 litteris
793 1127 1017 1163 Mouasterio
1038 1127 1276 1162 vulturnensi
1305 1127 1399 1163 datis
1423 1138 1519 1161 anno
1545 1129 1627 1174 939.
1652 1127 1728 1162 Ro-

362 1186 490 1209 manus
510 1178 548 1208 et
569 1172 662 1217 filii,
691 1175 969 1216 Constantinus,
1005 1175 1314 1220 christophorus,
1342 1172 1569 1219 Stephanus,
1596 1174 1726 1210 ultimo

365 1223 447 1256 loco
501 1219 763 1256 Constantinus
816 1221 1164 1268 Porphyrogenitus‚
1217 1226 1472 1256 memorantur:
1519 1218 1728 1257 chronicon

363 1270 611 1303 vulturnense
641 1281 698 1314 ap.
731 1269 862 1303 Mutat.
898 1269 939 1304 T.
971 1269 996 1301 I.
1033 1270 1067 1302 P.
1094 1269 1138 1301 11.
1180 1279 1214 1313 p.
1242 1268 1320 1313 4²7·
1600 1284 1602 1286 v

302 1317 338 1363 1)
366 1316 439 1350 Leo
459 1315 652 1349 Grammat.
673 1327 708 1361 p.
721 1315 799 1360 498.
833 1317 919 1349 Erat
939 1314 1194 1360 Christophori
1217 1315 1363 1356 coniux,
1379 1314 1530 1360 Sophia,
1550 1326 1623 1362 qun
1642 1319 1729 1360 post

364 1362 488 1397 mariti
511 1362 655 1396 obitum
674 1374 693 1396 e
718 1362 862 1408 palatio
881 1362 1045 1407 expulsa,
1062 1362 1201 1396 Helena
1217 1387 1228 1404 ,
1266 1362 1401 1396 coniux
1429 1361 1741 1408 ,Porphyroge'nim

362 1410 413 1451 ti,
453 1409 614 1455 Augusta
654 1409 810 1442 salutata
843 1413 907 1443 est.
957 1409 1036 1443 Hoc
1074 1410 1182 1442 unice
1222 1409 1384 1443 illustrat
1416 1409 1517 1443 locus
1559 1410 1728 1453 Gregorii

362 1457 402 1489 in
427 1455 503 1490 vita
535 1456 663 1490 Basilii
706 1457 862 1490 iunioris
893 1467 927 1500 p.
954 1456 1047 1501 673:
1089 1451 1211 1490 ἮΗσαν
1235 1455 1275 1489 δὲ
1306 1453 1348 1489 τὸ
1381 1457 1588 1497 τηνικαῦτα
1620 1459 1728 1500 βασι-

361 1501 534 1540 λεύοντες
571 1495 767 1548 Ῥωμανός
798 1502 821 1536 ὅ
851 1499 991 1547 πατὴρ·
1009 1502 1171 1544 Ἑλένης,
1213 1503 1412 1548 Στέφανος
1445 1500 1497 1536 δὲ·
1517 1504 1583 1536 καὶ
1616 1503 1728 1538 Κων-

364 1553 584 1592 σταντῖνος,
621 1550 702 1583 υἱοὶ
728 1548 871 1591 αὐτοῦ,
920 1548 987 1591 ἤδη
1026 1548 1302 1595 Χριστοφόρου
1333 1549 1402 1582 τοῦ
1426 1547 1580 1594 πρώτου
1609 1549 1732 1586 αὐτοῦ

361 1589 504 1634 παιδὸς
538 1595 753 1638 θανόντος,
787 1600 852 1630 καὶ
877 1593 964 1630 υἱὸν
998 1596 1296 1640 καταλείψαντος
1335 1589 1493 1639 Μιχαὴλ
1530 1594 1727 1642 τοῦνομα,

363 1642 406 1681 ὃς
432 1645 497 1676 καὶ
537 1642 724 1680 ἄστεπτος
762 1640 842 1685 ὢν,
881 1641 986 1689 ὅμως
1025 1643 1207 1688 βασιλικῇ
1239 1642 1350 1688 στολῇ
1389 1639 1463 1677 οὑν
1503 1640 1730 1688 ὑποδήμασι

363 1692 560 1727 κοκκίνοις
592 1688 839 1731 exaltavere,
874 1687 1139 1736 γαυρούμενος
1169 1690 1236 1724 ἐπὶ
1258 1689 1458 1734 δυναστείᾳ
1487 1690 1552 1722 καὶ
1587 1690 1630 1730 τῆ
1654 1690 1731 1724 τῶν

366 1736 799 1795 συμπαρομαρτούντων
829 1735 932 1781 αὐτῷ
964 1736 1212 1782 ,κλεΐζόμενος
1247 1735 1348 1782 δόξῃ.
1389 1730 1480 1778 αι’τῆ
1519 1734 1562 1770 δὲ
1599 1724 1732 1778 {Aef-

364 1783 516 1829 γοῦστα
550 1784 670 1826 Ελένη
705 1781 834 1828 πρώτη
876 1784 952 1819 τῶν
988 1781 1115 1818 ἄλλων
1149 1782 1353 1828 βασιλίδων
1381 1779 1436 1824 ἦν.
1484 1783 1505 1824 ἦ
1535 1775 1612 1828 γὰρ
1643 1781 1730 1817 δευ-

365 1831 456 1875 τέρα
492 1828 652 1876 σύμβιος
682 1831 751 1863 τοῦ
785 1823 933 1874 πατρὸς
963 1828 1077 1870 αὐτῆς
1111 1830 1314 1876 Ῥωμανοῦ
1351 1827 1526 1874 Θεοδῶρα
1561 1828 1730 1871 relatvm}-

368 1884 468 1909 σασα
491 1871 554 1918 ἦν,
581 1875 603 1917 ἤ
631 1875 673 1910 δὲ
693 1877 846 1920 Σοφία,
872 1877 892 1918 ἧ
920 1878 990 1909 τοῦ·
1008 1876 1286 1922 Χριστοφόρου
1311 1875 1458 1910 ἐκείνου
1481 1875 1729 1918 τελευτήσαν-

367 1933 457 1960 τος,
486 1923 696 1966 κατηνέχθη
731 1923 796 1963 τῆς
828 1923 1030 1966 βασιλείας.
1127 1923 1164 1968 2)
1194 1923 1229 1956 S.
1260 1920 1459 1967 Epiphanii
1489 1921 1612 1967 Magni
1641 1923 1728 1967 Agri

371 1968 517 2002 abbatis
552 1979 713 2002 sororem
735 1969 891 2013 Cangius
923 1980 968 2002 ex
996 1970 1185 2003 Constant.
1217 1969 1263 2002 de
1298 1968 1432 2002 admin.
1465 1968 1644 2013 Imperio,-
1665 1979 1732 2002 vo-

373 2020 431 2048 cat
475 2015 516 2047 in
546 2015 675 2053 Famil,
709 2016 856 2058 Byzant.
895 2026 930 2060 p.
969 2014 1044 2059 141.
1093 2014 1164 2048 Sed
1197 2020 1303 2049 errat.
1341 2014 1600 2050 Constantinus
1630 2017 1729 2049 enim

371 2062 396 2096 1.
433 2073 461 2094 c.
494 2072 568 2107 cap.
601 2073 656 2095 22.
707 2060 991 2106 Theophanem,
1032 2063 1138 2095 cuius
1179 2060 1332 2096 historia
1363 2066 1568 2106 temporum
1594 2061 1730 2095 -ordine

377 2107 516 2152 digesta
545 2113 684 2147 exstat,
713 2108 932 2154 μητρόθεον
963 2119 1064 2141 suum
1099 2109 1273 2152 appellat.
1322 2107 1411 2141 Cum
1438 2119 1523 2142 vero
1555 2107 1607 2149 is,
1635 2108 1731 2142 Leo-

371 2167 418 2188 ne
446 2155 601 2188 Armeno
634 2155 859 2199 imperante,
888 2154 986 2188 diem
1015 2166 1120 2190 suum
1147 2153 1304 2195 obierit,
1332 2166 1402 2188 vox
1426 2153 1638 2200 μητρόθεος
1662 2165 1730 2199 per

370 2212 545 2246 magnum
581 2202 827 2240 avunculm,
863 2211 926 2235 seu
957 2203 1086 2235 matris
1127 2202 1354 2236 avunculum
1386 2201 1571 2235 reddenda
1592 2205 1659 2235 est.
1695 2212 1727 2235 v.

374 2247 534 2281 Banduri
560 2247 745 2282 Animadv.
778 2247 824 2280 ad
853 2246 974 2281 Const.
1006 2260 1038 2292 p.
1067 2251 1123 2284 58.
1173 2247 1355 2282 cedrenus
1380 2259 1458 2281 eam
1485 2249 1730 2292 Καρβινωψί-
1787 2277 1792 2281 .

374 2305 469 2330 ναν.
502 2295 688 2328 Constant.
725 2295 789 2334 τῆς
817 2295 1111 2338 Καρβινωψίνας
1146 2294 1246 2328 dicit.
1296 2294 1367 2328 Sed
1401 2294 1589 2328 audiamus
1619 2293 1730 2337 Euty-

375 2341 518 2383 clsmm,
547 2341 706 2385 lepidam
731 2341 838 2373 nobis
876 2340 1036 2374 fabulam
1069 2341 1114 2374 de
1145 2341 1282 2386 quartis
1318 2341 1458 2384 nuptiis
1485 2340 1616 2374 Leonis
1643 2351 1730 2373 nar-

377 2392 536 2421 rantem:
567 2389 706 2427 Porro,
743 2399 822 2421 cum
845 2387 985 2428 Leoni,
1018 2389 1103 2433 Imp.
1122 2388 1305 2428 Romano,
1336 2395 1480 2423 mortua
1501 2395 1594 2422 esset
1619 2397 1728 2428 uxor,

377 2434 486 2468 nulla
511 2435 642 2469 relicta
660 2434 765 2479 prole
781 2459 795 2473 ,
834 2435 947 2468 aliam
973 2435 1038 2468 ille
1064 2447 1211 2469 uxorem
1235 2433 1368 2468 ducere
1400 2434 1542 2467 voluit:
1576 2441 1618 2467 at
1639 2445 1730 2478 pro-

375 2481 496 2515 hibuit
518 2483 633 2527 ipsum
654 2481 834 2514 Nicotaus
855 2481 1077 2526 patriarcha
1104 2481 1556 2525 Constantinopolitanus,
1576 2479 1703 2513 dicens
1718 2493 1732 2515 .·

378 2528 463 2562 Non
489 2536 542 2562 est
579 2528 648 2562 tibi
677 2529 843 2566 licitum,
886 2539 1037 2562 uxorem
1074 2526 1232 2567 ducere,
1273 2525 1451 2573 siquidem
1496 2528 1730 2571 Anagnutes

377 2587 434 2613 es,
481 2583 517 2608 et
546 2575 714 2620 precibus
748 2573 976 2608 sacerdotum
1010 2582 1269 2614 consecr-atus,
1304 2572 1406 2621 quod
1432 2574 1465 2607 si
1494 2583 1642 2606 uxorem
1663 2571 1732 2606 du-

377 2621 499 2661 aseris,
536 2634 612 2654 non
647 2622 735 2657 licet
767 2620 836 2653 tibi
874 2619 926 2654 ad
958 2621 1078 2655 altare
1117 2619 1303 2655 accedere.
1353 2621 1508 2654 Annales
1538 2617 1727 2653 Alexandr.

380 2667 419 2703 'l'—
448 2667 490 2700 11·
518 2679 550 2713 p.
576 2668 655 2713 454.
703 2667 838 2704 Eadem
865 2667 940 2708 fere
962 2666 1075 2703 habet
1099 2667 1302 2704 Elmaeiuus
1330 2667 1421 2703 nist.
1451 2667 1565 2702 Sarac.
1590 2676 1624 2711 p.
1652 2665 1728 2701 150.

1828 218 1832 236 ι

1826 239 1832 268 l
