1884 3112
852 0 894 37 Ι

292 76 399 144 146
472 116 482 130 s
553 93 913 153 coNs'rANnNi
951 92 1435 137 PORPHYROGENlTl

283 215 355 240 ται
383 196 455 239 διὰ
484 199 557 253 τῆς
583 195 765 252 μεγάλης
792 195 926 251 πύλης
951 197 1232 251 τῆς”χαλκῆς·
1261 194 1307 238 αἱ
1333 197 1379 239 δὲ
1408 196 1536 252 δοχαὶ
1557 199 1640 240 τῶν
1657 212 1732 239 πε·-

286 265 467 319 ρατικῶν
491 265 633 319 μερῶν
660 265 732 304 καί
756 265 839 304 τῶν
866 264 1089 304 πολιτικῶν
1115 264 1333 305 τελοῦνται
1370 265 1414 305 ἑν
1441 265 1494 320 τῇ
1521 260 1634 314 τάξει
1660 261 1736 304 ’καὶ

285 327 456 382 στάσει,
506 326 552 370 ὃν
589 325 741 384 τρόπον
769 329 1049 382 ἐτελέσθησαν
1087 329 1131 370 ἐν
1158 330 1210 384 τῇ
1239 326 1484 385 προελεύσει
1519 331 1593 383 τῆς
1621 331 1735 384 Χρι-

285 397 386 438 στοῦ
413 392 659 450 γεννήσεως.
714 392 788 435 καί
812 391 888 442 τὰς
916 392 1070 448 σχολὰς
1097 393 1171 436 καί
1195 392 1246 436 τά
1277 393 1527 449 ἑκσκούβιτα
1557 392 1735 436 διελθών

286 460 359 502 καί
384 462 461 502 τοῦ
489 462 786 516 κονσιστωρίου
815 458 890 501 καί
915 461 993 501 τοῦ
1021 462 1178 513 στενοῦ,
1207 461 1445 516 εἰσέρχεται
1471 462 1531 509 εἰς
1558 458 1631 502 τὸν
1653 456 1759 509 aii-5

283 528 476 582 γουστέα,
505 524 578 567 καί
605 524 643 567 οἱ
671 528 749 567 τοῦ
776 527 1068 580 κουβουκλειόυ
1083 561 1095 580 ,
1124 527 1359 576 τελέσαντες
1386 525 1464 582 τήν
1491 523 1732 582 συνήθειαν,

284 593 546 648 εἰσέρχονται
573 594 633 642 εἰς
660 590 708 634 τὸ
741 590 994 647 ὄκτάγωνον,
1049 591 1123 634 καί
1159 590 1367 646 λαμβάνει
1403 592 1426 634 ὅ
1455 590 1732 649 πραιπόσιτος

284 657 332 700 τὸ
362 661 529 712 στέμμα
559 654 640 700 άπὸ
667 661 740 714 τῆς
768 662 954 715 κεφαλῆς
982 661 1060 713 τοῦ
1089 661 1316 714 βασιλέως,
1368 658 1443 701 καὶ
1477 656 1734 708 εἰσελθόντες

284 722 324 766 οἱ
351 721 598 781 βεστήτορες
626 722 945 767 ἀπαλλάσσουσι
970 724 1042 781 τὴν
1067 727 1250 780 χλανίδα
1280 721 1424 767 αὐτοῦ.
1480 722 1574 778 εἶτα,
1598 725 1730 766 εἰσελ-

245 790 377 834 (ἒθών
403 791 424 834 ὅ
453 789 713 848 πατριάρχης
740 794 799 841 εἰς
826 790 898 834 τὸν
926 787 1044 845 ἅγιον
1070 793 1299 848 Στέφανον,
1327 790 1403 833 καὶ
1425 793 1503 833 τοῦ
1528 792 1790 846 βασιλέωςιο

121 865 186 899 Με.
199 868 254 913 73.
265 860 507 912 εμέλλοντος
536 854 794 912 ἆκουμβίσαι
822 860 881 909 εἰς
909 858 958 901 τὰ
990 856 1046 900 ιθ’
1076 856 1301 913 α’κούβιτα,
1330 854 1442 901 νεύει
1469 859 1527 916 τῷ
1556 872 1738 914 πραιπο-

284 927 384 983 σι’τῳ
398 959 412 978 ,
440 923 514 966 καί
538 928 836 980 προσκαλεῖται
874 923 948 966 τὸν
974 922 1261 981 πατριάρχην,
1290 925 1364 966 καί
1387 921 1538 970 τουῘτου
1567 920 1739 979 γενομέ-

282 1007 381 1045 νου,
419 993 725 1047 προσκυνοῦσιν
754 988 977 1047 ἀλλήλους,
1019 990 1093 1033 καὶ
1118 993 1380 1047 εἰσέρχονται
1409 988 1448 1032 οἱ
1477 989 1628 1046 ἱερεῖς,
1666 988 1742 1031 καί

281 1055 353 1100 τὸν
377 1055 521 1111 στίχον
558 1055 828 1112 ποιήσαντες,
871 1059 1106 1113 εἰσέρχεται
1150 1055 1276 1099 πάλιν
1315 1056 1338 1099 ὅ
1376 1055 1641 1113 πατριάρχης
1679 1056 1738 1104 εἰς

281 1122 353 1165 τὸν
382 1119 498 1178 ἅγιον
525 1125 738 1179 Στέφανον
765 1124 840 1165 καί
865 1121 1055 1177 ἐκβάλλει
1082 1123 1129 1165 τὸ
1159 1119 1399 1180 ὦμοφόριον
1427 1119 1572 1165 mimi.
1615 1121 1790 1175 ὅμοι’-15

284 1205 341 1239 ως
368 1187 441 1230 καὶ
475 1188 499 1230 ὅ
529 1188 730 1243 βασιλεὺς
769 1188 960 1243 ἐκβάλλει
997 1187 1044 1231 τὸ
1079 1191 1223 1244 σαγιόν
1265 1187 1398 1232 αὐτοῦ
1433 1191 1508 1232 καί
1545 1186 1738 1231 ἓνοῦνται

283 1255 422 1309 πάλιν,
451 1256 523 1296 καί
550 1251 630 1296 εἶθ’
658 1251 789 1304 οὕτως
815 1256 1085 1311 ἐξέρχονται,
1114 1253 1407 1309 ὄψικευὸμενοι
1434 1253 1518 1297 ὑπὸ
1542 1257 1621 1296 τοῦ
1639 1270 1743 1296 κου-

288 1324 522 1377 βουκλείου,
551 1323 624 1363 καί
650 1318 978 1375 άκουμβίζουσιν
1008 1321 1046 1364 οἱ
1075 1320 1152 1364 δύο
1180 1324 1224 1374 ἐξ
1251 1322 1346 1364 ἴσου
1375 1323 1419 1364 ἐν
1445 1323 1503 1378 τῷ
1530 1322 1738 1379 ἆκουβίτῳ

285 1388 360 1430 καί
386 1390 553 1430 πίνουσι
580 1385 686 1444 πρὸς
713 1384 837 1439 ἅπαξ.
867 1390 941 1430 καί
966 1384 1047 1430 εἶθ’
1073 1385 1204 1438 οὕτως
1232 1386 1373 1442 λαβών
1398 1389 1532 1441 νεῦμα
1561 1386 1582 1430 ὃ
1610 1402 1738 1443 πραι-

287 1450 453 1502 πόσιτος
479 1451 594 1509 παρά
625 1455 703 1495 τοῦ
730 1455 958 1508 βασιλέως,
1005 1451 1117 1497 νεύει
1143 1454 1216 1511 τήν
1243 1453 1478 1510 ὑπουργίαν
1503 1452 1578 1495 καί
1604 1454 1794 1508 εἷσέρ-αο

240 1530 274 1564 D
286 1534 425 1573 χεται,
451 1520 572 1560 τοῦτο
601 1519 649 1559 δὲ
675 1525 792 1561 ποιεῖ
814 1519 888 1562 καί
913 1521 984 1562 ἐπὶ
1001 1523 1085 1563 τῶν
1106 1523 1262 1563 λοιπῶν
1281 1523 1426 1577 φίλων.
1484 1521 1596 1577 (A.)
1615 1521 1739 1560 Μέλ-

285 1589 427 1635 λονεος
454 1585 502 1626 δὲ
541 1583 797 1627 α’νίστασθαι
832 1588 911 1627 τοῦ
945 1588 1152 1640 βασιλέως
1179 1589 1254 1628 καί
1277 1589 1359 1628 τῶν
1387 1589 1522 1642 φίλων
1548 1581 1738 1636 ἐξελθόν-

285 1667 396 1704 των,
424 1649 624 1704 μὲνουσιν
653 1650 691 1693 οἱ
719 1654 798 1693 τοῦ
826 1647 914 1694 ἅνω
943 1652 1163 1707 οἴκουβιζιου
1194 1654 1337 1708 φίλοι,
1367 1650 1407 1692 οἱ
1433 1653 1738 1706 μητροπολῖται

285 1719 358 1760 καὶ
387 1713 479 1759 ὅσοι
509 1716 614 1760 εἰσὶν
640 1717 701 1767 εἰς
728 1716 828 1767 τούς
856 1716 1051 1776 πρώτους
1079 1719 1349 1773 α’κουβίτους,
1401 1712 1530 1772 ἤγουν
1567 1716 1627 1765 εἰς
1666 1714 1737 1757 τὸν

289 1886 372 1915 sus,
405 1886 569 1922 magnam
601 1881 743 1921 portam
777 1864 916 1911 chalcos
934 1877 1064 1911 intrat:
1106 1877 1286 1921 excipit'ur
1313 1880 1435 1908 autem
1462 1885 1482 1907 a
1515 1872 1736 1907 transitoriis

288 1922 510 1968 urbanisque
529 1923 755 1957 factionibus
785 1934 827 1957 eo
847 1924 919 1956 ritu
946 1924 1122 1970 locoque,
1155 1934 1262 1970 quem
1287 1924 1326 1955 in
1350 1921 1580 1967 processione
1603 1919 1735 1952 natalis

285 1967 438 2003 *Domini
465 1981 576 2014 supra
598 1969 870 2008 declaravimus.
924 1971 988 2004 Per
1009 1971 1146 2004 scholas
1174 1976 1211 2003 et
1239 1968 1408 2002 excubias
1434 1966 1638 2001 consistorii
1662 1971 1736 1999 ste-

289 2016 402 2061 nique
422 2015 621 2062 digressus,
646 2018 832 2062 augustale
851 2017 975 2058 intrat,
998 2017 1228 2058 cubicularii,
1248 2015 1380 2049 ritibus
1403 2015 1477 2048 suis
1495 2012 1643 2046 servatis
1656 2037 1666 2054 ,
1689 2011 1737 2044 ad

291 2063 522 2108 octangulum
544 2073 581 2095 se
606 2064 809 2108 recipiunt,
836 2069 873 2097 et
887 2061 1113 2109 praepositus
1133 2074 1300 2097 coronam
1323 2074 1342 2094 a
1365 2061 1482 2105 capite
1505 2059 1735 2104 Imperatoris

293 2109 425 2150 demit,
457 2108 646 2143 vestitores
666 2111 743 2144 eius
761 2111 921 2143 tunicam
948 2116 1100 2144 mutant.
1149 2110 1323 2144 Posthaec
1345 2110 1384 2141 in
1405 2109 1440 2141 S.
1465 2106 1642 2151 Stephani
1668 2117 1736 2151 pa-

292 2157 447 2190 triarcha
475 2156 688 2203 ingreditur,
713 2162 749 2190 et
765 2168 845 2190 cum
869 2159 1067 2202 Imperator
1090 2158 1129 2190 in
1152 2156 1389 2190 novendecim
1412 2154 1587 2187 accubitis
1611 2153 1741 2186 convi-

290 2204 389 2237 vium
407 2209 551 2237 acturus
574 2209 639 2244 est,
662 2205 870 2249 praeposito
888 2206 1029 2250 signum
1053 2204 1127 2245 dat,
1154 2210 1196 2238 ut
1210 2203 1450 2248 patriarcham
1471 2200 1640 2240 advocet,
1665 2211 1739 2246 quo

291 2251 387 2285 facto
404 2277 414 2292 ,
457 2261 494 2284 se
521 2251 676 2283 invicem
703 2250 875 2293 adorant,
921 2257 957 2284 et
982 2251 1184 2285 sacerdotes
1219 2250 1370 2296 ingressi
1396 2248 1551 2282 stichum
1585 2246 1740 2288 faciunt,

292 2302 381 2330 tunc
402 2297 603 2342 patriarcha
629 2310 749 2332 rursus
781 2299 814 2332 S.
843 2298 1018 2343 Stephani
1045 2299 1157 2331 intrat
1183 2308 1362 2343 suumque
1389 2295 1644 2340 omophorium
1677 2293 1742 2326 de·

293 2344 408 2390 ponit.
457 2346 655 2389 Imperator
673 2345 808 2390 pariter
830 2357 952 2392 sagum
975 2357 1080 2379 suum
1102 2345 1215 2386 exuit,
1241 2349 1278 2377 et
1304 2344 1356 2378 sic
1372 2354 1494 2376 rursus
1518 2351 1736 2376 conversan-

293 2397 367 2432 tur,
392 2396 502 2438 atque
521 2403 540 2424 a
559 2391 725 2426 cubiculo
743 2392 880 2437 stipati,
907 2391 1162 2438 egrediuntur,
1188 2398 1224 2425 et
1242 2403 1312 2424 una
1333 2392 1371 2424 in
1404 2388 1572 2423 accubito
1591 2397 1738 2421 mensae

295 2437 523 2480 adsidentes,
556 2440 666 2473 semel
690 2438 836 2475 bibunt.
887 2439 945 2474 Sic
969 2445 1093 2485 postea
1118 2438 1365 2484 praepositus,
1390 2438 1492 2483 signo
1513 2436 1559 2470 ab
1580 2437 1739 2480 Impera-

295 2490 374 2519 tore
402 2493 570 2530 accepto,
611 2487 784 2520 ministris
809 2487 950 2533 signum
969 2487 1041 2528 dat,
1070 2491 1107 2519 et
1124 2486 1282 2527 intrant,
1314 2485 1486 2531 idemque
1507 2487 1544 2516 et
1562 2481 1660 2527 apud
1677 2491 1737 2513 re-

293 2532 416 2579 iiquos
442 2533 575 2566 amicos
599 2534 818 2567 observatur.
884 2534 990 2581 (IV.)
1033 2534 1123 2568 Cum
1150 2544 1234 2567 vero
1276 2543 1418 2578 surgere
1443 2532 1644 2577 Imperator
1658 2527 1738 2561 vult

296 2585 333 2612 et
350 2579 456 2612 amici
473 2581 602 2625 egressi
616 2585 714 2623 sunt,
739 2587 927 2614 remanent
940 2581 980 2623 ii,
1006 2581 1069 2626 qui
1092 2581 1131 2612 in
1152 2578 1399 2626 superioribus
1421 2577 1597 2612 accubitis
1615 2575 1735 2609 locum

294 2628 443 2668 tenent,
476 2627 728 2673 metropolitae
764 2633 811 2669 et,
845 2628 909 2676 qui
931 2627 970 2660 in
987 2627 1112 2673 primis
1140 2627 1314 2661 accubitis
1341 2626 1387 2659 ad
1405 2625 1566 2659 dextram
1583 2627 1621 2656 et
1645 2621 1736 2656 sini-

295 2677 404 2707 utram
433 2671 620 2717 adsident,
652 2675 832 2722 episcopi,
897 2673 1034 2709 Bibuut
1058 2684 1140 2710 vero
1166 2675 1299 2708 iterum
1325 2673 1437 2708 semel
1465 2673 1665 2718 Imperator
1699 2669 1737 2700 et
