1884 3112
298 115 328 151 2
339 114 408 171 70
566 113 924 157 CONSTANTINI
963 113 1449 157 PORPHYROGENITI

291 217 319 259 ὁ
360 213 635 273 πραιπόσιτος
673 213 789 272 παρὰ
830 216 914 258 τῶν
955 215 1195 270 δεσποτῶν,
1236 211 1286 259 ὃν
1318 215 1517 271 βούλεται
1553 216 1737 273 προβάλ-

251 286 447 340 „aeaeae
489 281 718 338 δήμαρχον.
773 282 848 326 καὶ
882 281 1041 331 εὐθέως
1069 283 1285 338 ἐξέρχεται
1319 280 1623 336 ὄψικευόμενος
1650 277 1734 326 ὑπὸ

293 349 668 403 κουβικουλαρίου,
718 348 792 388 καὶ
835 345 963 396 αὔτός
1002 346 1025 389 ὅ
1054 349 1308 405 προβληθεὶς
1344 351 1439 402 μετ’
1472 349 1624 403 αὐτοῦ’,
1666 352 1742 392 καὶ

289 412 511 471 ἀνέρχεται
552 413 623 454 διὰ
653 415 730 456 τοῦ
762 416 996 456 λαυσιακοῦ
1030 415 1103 456 καὶ
1142 415 1218 456 τοῦ
1247 412 1401 471 ἔρωτος
1439 416 1515 458 καὶ
1545 418 1621 471 τῆς
1663 414 1741 458 δά-

291 495 398 538 φνης
415 480 474 528 εἰς
507 477 579 522 τὸν
605 480 856 535 αὕγουστέα,
880 481 955 521 καὶ
980 482 1202 531 καθέζεται
1218 482 1365 524 ἐκεῖσε.
1417 483 1493 524 καὶ
1515 483 1769 539 α’πέρχεταιό

289 543 586 602 σιλεντιάριος,
624 547 699 588 καὶ
736 549 1038 602 προσκαλεῖται
1081 543 1130 589 τὸ
1172 549 1325 604 μέρος,
1364 549 1438 590 καὶ
1485 549 1745 605 α’πέρχονται

288 609 441 663 πάντες
473 613 519 655 ἐν
544 613 601 670 τῷ
640 611 867 671 ὅνοποδίῳ,
908 615 1136 670 φοροῦντες
1159 612 1211 655 τοὶ
1244 615 1396 669 σαγία,
1445 615 1520 656 καὶ
1551 615 1746 657 ἵστανται

290 680 439 721 ἐκεῖσε.
496 679 571 720 καὶ
588 679 803 735 ἐξέρχεται
832 677 855 720 ὅ
887 676 1167 735 πραιπόσιτος
1198 679 1273 720 καὶ
1300 680 1324 721 ὄ
1351 681 1426 736 τῆς
1445 677 1746 730 ’καταστάσεως

96 743 409 799 Με.ιι5.ι)μετά
435 746 724 802 σιλεντιαρίων
748 747 832 788 τῶν
856 738 986 788 ὄντων
1014 742 1304 803 ἑβδομαρίων,
1346 749 1573 803 φοροῦντες
1603 743 1746 803 α’μφό-

291 826 409 868 τεροι
441 811 567 866 σαγιά
625 810 748 868 ῥοῆς,
802 811 959 866 ὁμοίως
994 812 1070 853 καὶ
1109 809 1477 869 κουβικουλάριος,
1531 809 1796 866 ὄψικεύωνιο

290 876 363 920 τὸν
398 877 698 934 πραιπόσιτον,
746 874 901 931 ὁμοίως
937 878 1012 919 καὶ
1041 877 1065 918 ό
1097 878 1371 935 προβληθεὶς,
1419 880 1565 935 φορῶν
1598 881 1743 933 σαγίον

97 963 205 999 ΕΜ,
219 965 285 1001 ,53
299 943 426 1000 ῥοῆς,
467 944 698 984 α’κολουθεϊ
716 944 850 986 ὀπίσω
871 944 948 985 τοῦ
978 945 1278 1000 πραιποσίτου,
1309 942 1358 986 τό
1381 945 1429 987 δὲ
1449 946 1594 999 σαγιόν
1621 948 1751 1002 φορεῖ

292 1011 355 1059 εἰς
384 1007 460 1051 τὸν
494 1010 742 1064 αὕγουστέα.
794 1010 889 1068 (B.)
943 1010 1039 1052 Καὶ
1074 1011 1296 1066 α’νέρχεται
1330 1010 1356 1052 ὅ
1386 1009 1660 1068 πραιπόσιτος
1697 1012 1744 1053 ἐν

300 1077 360 1134 τῷ
388 1075 616 1133 ὅνοποδίῳ,
659 1076 735 1117 καὶ
760 1076 903 1124 καθώς
931 1073 1022 1130 ἔχει
1048 1073 1074 1131 ἦ
1103 1075 1337 1131 συνήθεια,
1376 1078 1644 1133 παραδίδωσι
1671 1073 1745 1118 τὸν

293 1142 586 1198 προβληθέντα
627 1139 873 1197 δήμαρχον,
932 1143 1062 1196 λέγων
1099 1144 1156 1201 τῷ
1194 1144 1343 1198 μέρει·
1395 1141 1667 1196 »κελεύουσιν
1705 1139 1797 1186 οἶι5

297 1206 518 1260 δεσπόται,
552 1206 819 1263 παραλάβετε
849 1206 978 1250 αυ’τὸν
1018 1205 1236 1264 δήμαρχον
1245 1209 1287 1261 ,''
1329 1210 1405 1251 καὶ
1429 1207 1677 1262 ἐπεύχονται
1705 1204 1745 1249 οἱ

295 1276 381 1317 τῶν
406 1274 547 1329 μερῶν
573 1270 672 1321 τούς
702 1272 932 1326 δεσπότας,
973 1275 1047 1315 καὶ
1073 1271 1334 1328 λαμβάνουσι
1359 1272 1433 1316 τὸν
1459 1276 1746 1330 προβληθέντα

298 1337 537 1396 δήμαρχον,
579 1336 844 1393 ὄψικεύοντες
879 1337 1009 1382 αὐτὸν
1034 1340 1164 1395 μέχρι
1190 1341 1268 1381 τοῦ
1304 1339 1619 1396 κονσιοτωρίου.
1672 1339 1748 1380 καὶ

298 1407 535 1463 εἷσέρχεται
562 1403 585 1446 ὅ
623 1407 901 1462 προβληθεὶς,
941 1407 1016 1447 καὶ
1041 1402 1164 1447 ἅπτει
1201 1404 1359 1462 κηροῦς
1385 1406 1431 1448 ἐν
1467 1407 1526 1464 τῷ
1564 1405 1745 1462 σταυρῷ,

299 1473 375 1514 καὶ
415 1473 649 1528 ἀπέρχεται
676 1472 738 1520 εἰς
774 1469 852 1527 τήν
877 1473 955 1513 τοῦ
991 1473 1160 1528 Κυρίου
1207 1473 1455 1527 ἐκκλησίαν,
1511 1472 1587 1512 καὶ
1623 1467 1800 1515 ἅπτειαο

288 1539 468 1580 ,κάκεῖσε
497 1535 672 1593 κηροὺς,
710 1538 786 1579 καὶ
811 1538 1041 1592 (ἐπέρχεται
1080 1534 1377 1591 ὄψικευόμενος
1405 1535 1476 1580 διὰ
1502 1537 1585 1580 τῶν
1611 1551 1748 1593 κορτια

268 1606 411 1657 Βνῶν,
457 1605 532 1646 καὶ
567 1603 834 1660 εὕφημοῦσιν
863 1602 994 1646 αὐτὸν
1022 1605 1082 1653 εἷς
1108 1602 1180 1646 τὸν
1217 1602 1346 1646 τόπον
1387 1605 1520 1646 αὐτοῦ
1566 1601 1648 1644 dni>
1675 1604 1749 1658 τῆς

299 1671 461 1726 χαλκῆς
487 1671 615 1726 μέχρι
642 1671 718 1712 τοῦ
745 1670 910 1726 μηλιόυ.
944 1670 1018 1711 καὶ
1044 1667 1312 1724 καβαλικεύει
1338 1668 1360 1712 ὃ
1388 1670 1643 1727 προβληθεὶς
1664 1665 1745 1710 ἇπό

302 1737 451 1792 σαγιόυ
466 1769 480 1791 ,
523 1737 597 1779 καί
623 1733 871 1792 ὀψικεύεται
897 1733 983 1777 ὖπό
1015 1738 1092 1778 τοῦ
1117 1739 1298 1793 μέρους,
1341 1734 1584 1794 φορούντων
1610 1735 1750 1779 adust-

306 1899 373 1947 qui
388 1899 616 1946 praeposito,
641 1907 751 1944 quem
765 1897 954 1932 tribunum
978 1910 1098 1932 creare
1130 1899 1268 1942 velint,
1292 1899 1469 1933 indicant.
1518 1897 1552 1930 Is
1583 1896 1706 1930 statim
1730 1905 1753 1928 a

307 1946 534 1980 cubiculario
559 1946 735 1990 stipatus,
770 1957 842 1978 una
869 1955 949 1979 cum
976 1951 1142 1991 promoto
1164 1948 1262 1988 exit,
1286 1958 1351 1993 per
1369 1944 1589 1984 lamiacum,
1614 1947 1752 1975 erotem

308 1998 348 2027 et
379 1993 560 2039 daphnem
591 1992 631 2024 in
670 1997 883 2037 augusteum
918 1992 1106 2027 adscendit
1129 1994 1257 2040 ibique
1281 1993 1393 2026 sedet.
1439 1992 1487 2026 At
1509 1988 1753 2030 silentiarius,

307 2039 506 2073 factionem
526 2039 786 2080 advocaturus‚
809 2038 912 2080 abit,
937 2044 974 2072 et
1010 2051 1132 2073 omnes
1158 2042 1198 2073 in
1222 2040 1446 2085 onopodium
1481 2047 1563 2082 saga
1594 2035 1753 2069 serentes

309 2087 534 2121 conveniunt
569 2090 606 2119 et
628 2085 683 2118 ibi
708 2084 919 2118 subsistunt.
968 2087 1196 2133 praepositus
1229 2092 1266 2119 et
1291 2084 1562 2119 cerimoniarius
1596 2093 1678 2115 cum
1701 2083 1753 2115 si-

309 2133 512 2175 lentiariis,
536 2132 601 2179 qui
625 2143 690 2177 per
714 2143 793 2165 eam
817 2133 1054 2177 septimanam
1081 2133 1201 2167 officio
1226 2133 1438 2178 funguntur,
1462 2141 1544 2176 saga
1562 2129 1671 2163 rubra
1691 2139 1754 2175 ge-

310 2185 471 2222 stantes,
514 2178 815 2225 progrediuntur:
856 2178 1100 2213 cubicularius
1137 2190 1222 2215 vero
1256 2179 1503 2224 praepositum
1540 2177 1754 2218 comitatus,

311 2237 460 2274 unaque
482 2230 670 2272 promotus
685 2250 695 2266 ‚
729 2236 812 2270 sago
835 2226 946 2258 rubro
988 2226 1160 2268 indutus,
1184 2228 1431 2271 praepositum
1457 2236 1478 2257 a
1502 2229 1604 2269 tergo
1629 2224 1755 2269 sequi-

311 2278 394 2316 tur,
418 2284 541 2319 sagum
565 2277 688 2306 autem
708 2271 748 2304 in
766 2278 979 2317 augusteum
1002 2284 1119 2320 usque
1144 2278 1268 2318 gestat.
1317 2274 1408 2320 (11.)
1433 2271 1574 2305 Deinde
1598 2280 1755 2316 praepo-

313 2321 405 2356 situs
430 2321 470 2354 iu
495 2318 719 2365 onopodium
749 2319 958 2361 adscendit,
984 2324 1039 2362 et,
1062 2325 1103 2353 ut
1126 2331 1202 2353 mos
1236 2325 1309 2362 est,
1334 2319 1523 2353 tribunum
1546 2322 1754 2363 promotum

312 2367 466 2402 factioni
489 2367 624 2408 tradit,
659 2365 799 2399 dicens:
830 2366 962 2401 Iubent
986 2367 1158 2408 Domini,
1192 2366 1287 2402 hunc
1321 2367 1507 2401 tribunum
1534 2366 1756 2411 accipiatis:

313 2415 426 2449 factio
449 2414 616 2449 Dominis
641 2413 759 2446 fausta
792 2419 980 2458 precatur,
1017 2419 1273 2460 sumentesque
1304 2418 1511 2458 promotum
1543 2411 1756 2451 tribunum,

314 2473 400 2496 eum
431 2461 479 2496 ad
516 2460 771 2495 consistorium
808 2471 924 2506 usque
959 2462 1187 2494 comitantur.
1244 2463 1359 2494 Intrat
1390 2461 1479 2502 ille,
1505 2459 1691 2504 cereisque
1716 2457 1758 2490 in

314 2519 421 2543 cruce
453 2509 634 2549 accensis,
669 2506 857 2541 ecclesiam
882 2508 1031 2541 Domini
1055 2509 1167 2553 petit,
1193 2507 1320 2554 ibique
1356 2517 1477 2541 cereos
1502 2504 1688 2545 accendit,
1713 2513 1758 2537 ac

315 2557 356 2590 in
381 2556 558 2604 obsequio
583 2566 648 2601 per
671 2554 828 2587 cortinas
855 2553 945 2596 abit,
971 2555 1077 2602 eique
1104 2555 1143 2587 in
1167 2555 1247 2588 loco
1276 2566 1340 2589 suo
1367 2566 1388 2587 a
1414 2558 1520 2601 porta
1544 2552 1683 2585 chalces
1708 2549 1756 2583 ad

314 2604 460 2638 milium
493 2613 617 2639 omnes
639 2601 761 2636 felicia
789 2607 1037 2647 apprecantur.
1091 2602 1296 2644 Promotus,
1330 2613 1413 2648 sago
1455 2600 1629 2641 indutus,
1661 2607 1758 2643 equo

315 2651 483 2693 vehitur,
506 2650 745 2697 praecedente
768 2659 852 2681 eum
885 2648 1062 2690 factione,
1085 2660 1179 2694 quae
1205 2651 1314 2683 etiam
1339 2661 1421 2694 saga
1443 2648 1553 2683 rubra
1574 2652 1618 2684 >et
1640 2655 1758 2683 scara-

317 2699 461 2744 mangia
496 2698 578 2736 fert.
639 2697 699 2736 Sic
741 2693 789 2730 ad
819 2695 1004 2731 stabulum
1041 2695 1211 2731 factionis
1243 2696 1428 2744 procedit,
1458 2696 1610 2742 eiusque
1643 2701 1757 2739 equos
