<?xml version="1.0" encoding="UTF-8"?>
<!DOCTYPE html PUBLIC "-//W3C//DTD XHTML 1.0 Transitional//EN"
    "http://www.w3.org/TR/xhtml1/DTD/xhtml1-transitional.dtd">
<html xmlns="http://www.w3.org/1999/xhtml" xml:lang="en" lang="en">
 <head>
  <title>
</title>
<meta http-equiv="Content-Type" content="text/html;charset=utf-8" />
  <meta name='ocr-system' content='tesseract 3.04.00' />
  <meta name='ocr-capabilities' content='ocr_page ocr_carea ocr_par ocr_line ocrx_word'/>
</head>
<body>
  <div class='ocr_page' id='page_1' title='image "./corpusscriptorum07niebuoft_0508.png"; bbox 0 0 1878 3112; ppageno 0'>
   <div class='ocr_carea' id='block_1_1' title="bbox 316 86 1470 169">
    <p class='ocr_par' dir='ltr' id='par_1_1' title="bbox 316 86 1470 169">
     <span class='ocr_line' id='line_1_1' title="bbox 316 86 1470 169; baseline 0.009 -31"><span class='ocrx_word' id='word_1_1' title='bbox 316 86 426 153; x_wconf 67' lang='lat'>442</span> <span class='ocrx_word' id='word_1_2' title='bbox 589 105 949 147; x_wconf 82' lang='lat' dir='ltr'><strong>CONSTANTINI</strong></span> <span class='ocrx_word' id='word_1_3' title='bbox 989 105 1470 169; x_wconf 61' lang='lat' dir='ltr'>eORP11YROGEN1T1</span> 
     </span>
    </p>
   </div>
   <div class='ocr_carea' id='block_1_2' title="bbox 116 202 1803 1705">
    <p class='ocr_par' dir='ltr' id='par_1_2' title="bbox 116 202 1803 1705">
     <span class='ocr_line' id='line_1_2' title="bbox 315 202 1747 265; baseline 0.003 -17"><span class='ocrx_word' id='word_1_4' title='bbox 315 207 374 256; x_wconf 84' lang='grc' dir='ltr'>εἷς</span> <span class='ocrx_word' id='word_1_5' title='bbox 410 205 482 248; x_wconf 83' lang='grc' dir='ltr'>τὸν</span> <span class='ocrx_word' id='word_1_6' title='bbox 512 202 626 260; x_wconf 71' lang='grc' dir='ltr'><em>ἅγιον</em></span> <span class='ocrx_word' id='word_1_7' title='bbox 654 208 870 261; x_wconf 77' lang='grc' dir='ltr'><em>Στέφανον</em></span> <span class='ocrx_word' id='word_1_8' title='bbox 898 208 973 248; x_wconf 79' lang='grc' dir='ltr'>τοῦ</span> <span class='ocrx_word' id='word_1_9' title='bbox 1011 207 1274 263; x_wconf 78' lang='grc' dir='ltr'><em>ἱπποδρόμου</em></span> <span class='ocrx_word' id='word_1_10' title='bbox 1311 209 1620 265; x_wconf 77' lang='grc' dir='ltr'><em>σκαραμάγγιον</em></span> <span class='ocrx_word' id='word_1_11' title='bbox 1646 207 1747 262; x_wconf 81' lang='grc' dir='ltr'>ὅξῦν</span> 
     </span>
     <span class='ocr_line' id='line_1_3' title="bbox 315 270 1748 330; baseline 0.003 -16"><span class='ocrx_word' id='word_1_12' title='bbox 315 274 732 329; x_wconf 61' lang='grc' dir='ltr'><em>πρασινοτριζθλαττον</em></span> <span class='ocrx_word' id='word_1_13' title='bbox 752 270 826 313; x_wconf 83' lang='grc' dir='ltr'><em>καί</em></span> <span class='ocrx_word' id='word_1_14' title='bbox 842 274 1098 315; x_wconf 81' lang='grc' dir='ltr'><em>κατακοίλιον</em></span> <span class='ocrx_word' id='word_1_15' title='bbox 1125 276 1196 315; x_wconf 83' lang='grc' dir='ltr'><em>καί</em></span> <span class='ocrx_word' id='word_1_16' title='bbox 1224 273 1389 330; x_wconf 72' lang='grc' dir='ltr'><em>ῥοὴσιον</em></span> <span class='ocrx_word' id='word_1_17' title='bbox 1413 273 1509 329; x_wconf 78' lang='grc' dir='ltr'><em>ἔχον</em></span> <span class='ocrx_word' id='word_1_18' title='bbox 1529 275 1748 330; x_wconf 78' lang='grc' dir='ltr'><em>ἐξαβούλιν</em></span> 
     </span>
     <span class='ocr_line' id='line_1_4' title="bbox 311 338 1749 397; baseline 0.003 -19"><span class='ocrx_word' id='word_1_19' title='bbox 311 338 453 393; x_wconf 79' lang='grc' dir='ltr'><em>χρυσᾶ</em></span> <span class='ocrx_word' id='word_1_20' title='bbox 479 339 803 392; x_wconf 84' lang='grc' dir='ltr'><em>περιορνευμένη</em></span> <span class='ocrx_word' id='word_1_21' title='bbox 833 338 903 379; x_wconf 76' lang='grc' dir='ltr'><em>διὰ</em></span> <span class='ocrx_word' id='word_1_22' title='bbox 927 340 1099 394; x_wconf 75' lang='grc' dir='ltr'><strong><em>χρυσαῖν</em></strong></span> <span class='ocrx_word' id='word_1_23' title='bbox 1122 342 1257 381; x_wconf 79' lang='grc' dir='ltr'><em>θετῶν</em></span> <span class='ocrx_word' id='word_1_24' title='bbox 1277 339 1349 381; x_wconf 84' lang='grc' dir='ltr'><em>καί</em></span> <span class='ocrx_word' id='word_1_25' title='bbox 1369 339 1658 397; x_wconf 73' lang='grc' dir='ltr'><em>κισσοφύλλων</em></span> <span class='ocrx_word' id='word_1_26' title='bbox 1674 358 1749 394; x_wconf 83' lang='grc' dir='ltr'><em>μι-</em></span> 
     </span>
     <span class='ocr_line' id='line_1_5' title="bbox 314 400 1746 462; baseline 0.003 -19"><span class='ocrx_word' id='word_1_27' title='bbox 314 404 439 458; x_wconf 76' lang='grc' dir='ltr'><em>κρῶν.</em></span> <span class='ocrx_word' id='word_1_28' title='bbox 479 400 552 442; x_wconf 86' lang='grc' dir='ltr'><em>καί</em></span> <span class='ocrx_word' id='word_1_29' title='bbox 578 403 622 444; x_wconf 78' lang='grc' dir='ltr'>ἐν</span> <span class='ocrx_word' id='word_1_30' title='bbox 651 404 710 460; x_wconf 70' lang='grc' dir='ltr'>τῷ</span> <span class='ocrx_word' id='word_1_31' title='bbox 738 404 1006 458; x_wconf 84' lang='grc' dir='ltr'><em>εἰσέρχεσθαι</em></span> <span class='ocrx_word' id='word_1_32' title='bbox 1035 400 1181 457; x_wconf 61' lang='lat' dir='ltr'>minin,</span> <span class='ocrx_word' id='word_1_33' title='bbox 1210 401 1502 458; x_wconf 71' lang='grc' dir='ltr'><em>ὄψικευόμενος</em></span> <span class='ocrx_word' id='word_1_34' title='bbox 1529 405 1643 462; x_wconf 80' lang='grc' dir='ltr'><em>παρὰ</em></span> <span class='ocrx_word' id='word_1_35' title='bbox 1670 408 1746 448; x_wconf 79' lang='grc' dir='ltr'>τοῦ</span> 
     </span>
     <span class='ocr_line' id='line_1_6' title="bbox 313 463 1772 527; baseline 0.003 -19"><span class='ocrx_word' id='word_1_36' title='bbox 313 463 563 520; x_wconf 67' lang='grc' dir='ltr'><em>ἀκολούθου,</em></span> <span class='ocrx_word' id='word_1_37' title='bbox 591 469 756 523; x_wconf 77' lang='grc' dir='ltr'><em>πρῶτον</em></span> <span class='ocrx_word' id='word_1_38' title='bbox 784 469 861 521; x_wconf 79' lang='grc' dir='ltr'>μὲν</span> <span class='ocrx_word' id='word_1_39' title='bbox 888 470 1159 527; x_wconf 73' lang='grc' dir='ltr'><em>προσυπαντᾷ</em></span> <span class='ocrx_word' id='word_1_40' title='bbox 1187 470 1301 527; x_wconf 71' lang='grc' dir='ltr'>αὐτῷ</span> <span class='ocrx_word' id='word_1_41' title='bbox 1330 469 1353 512; x_wconf 83' lang='lat' dir='ltr'>o‘</span> <span class='ocrx_word' id='word_1_42' title='bbox 1377 470 1646 527; x_wconf 76' lang='grc' dir='ltr'><em>δρουγγάριος</em></span> <span class='ocrx_word' id='word_1_43' title='bbox 1671 474 1772 527; x_wconf 80' lang='grc' dir='ltr'>τῆς5</span> 
     </span>
     <span class='ocr_line' id='line_1_7' title="bbox 311 530 1745 596; baseline 0.004 -24"><span class='ocrx_word' id='word_1_44' title='bbox 311 533 457 587; x_wconf 70' lang='grc' dir='ltr'>βίγληξ</span> <span class='ocrx_word' id='word_1_45' title='bbox 482 534 554 573; x_wconf 74' lang='grc' dir='ltr'>καί</span> <span class='ocrx_word' id='word_1_46' title='bbox 581 530 620 574; x_wconf 82' lang='grc' dir='ltr'>οἱ</span> <span class='ocrx_word' id='word_1_47' title='bbox 645 532 868 590; x_wconf 74' lang='grc' dir='ltr'><em>μάγιστροι</em></span> <span class='ocrx_word' id='word_1_48' title='bbox 892 535 965 575; x_wconf 82' lang='grc' dir='ltr'>καί</span> <span class='ocrx_word' id='word_1_49' title='bbox 998 532 1036 576; x_wconf 88' lang='grc' dir='ltr'>οἱ</span> <span class='ocrx_word' id='word_1_50' title='bbox 1074 537 1214 589; x_wconf 78' lang='grc' dir='ltr'><em>κριταὶ</em></span> <span class='ocrx_word' id='word_1_51' title='bbox 1254 534 1293 577; x_wconf 85' lang='grc' dir='ltr'>οἱ</span> <span class='ocrx_word' id='word_1_52' title='bbox 1320 538 1364 577; x_wconf 84' lang='grc' dir='ltr'>ἐν</span> <span class='ocrx_word' id='word_1_53' title='bbox 1401 537 1456 592; x_wconf 80' lang='grc' dir='ltr'>τῷ</span> <span class='ocrx_word' id='word_1_54' title='bbox 1485 535 1745 596; x_wconf 74' lang='grc' dir='ltr'><em>ἱπποδρομίῳ</em></span> 
     </span>
     <span class='ocr_line' id='line_1_8' title="bbox 309 596 1749 658; baseline 0.005 -21"><span class='ocrx_word' id='word_1_55' title='bbox 309 596 608 651; x_wconf 68' lang='grc' dir='ltr'>καθεζόμενοι,</span> <span class='ocrx_word' id='word_1_56' title='bbox 637 599 710 641; x_wconf 82' lang='grc' dir='ltr'><em>καί</em></span> <span class='ocrx_word' id='word_1_57' title='bbox 732 601 1045 656; x_wconf 78' lang='grc' dir='ltr'><em>χαιρετίζουσιν</em></span> <span class='ocrx_word' id='word_1_58' title='bbox 1069 596 1222 654; x_wconf 67' lang='grc' dir='ltr'><em>αὐτὸν,</em></span> <span class='ocrx_word' id='word_1_59' title='bbox 1251 600 1324 643; x_wconf 82' lang='grc' dir='ltr'>καί</span> <span class='ocrx_word' id='word_1_60' title='bbox 1350 598 1749 658; x_wconf 79' lang='grc' dir='ltr'><em>ἆντιχαιρετίζονται</em></span> 
     </span>
     <span class='ocr_line' id='line_1_9' title="bbox 310 660 1771 724; baseline 0.005 -21"><span class='ocrx_word' id='word_1_61' title='bbox 310 666 412 718; x_wconf 84' lang='grc' dir='ltr'><em>παρ’</em></span> <span class='ocrx_word' id='word_1_62' title='bbox 439 663 584 706; x_wconf 80' lang='grc' dir='ltr'><em>αὐτοῦ.</em></span> <span class='ocrx_word' id='word_1_63' title='bbox 640 660 728 707; x_wconf 82' lang='grc' dir='ltr'><em>εἶτα</em></span> <span class='ocrx_word' id='word_1_64' title='bbox 757 667 991 720; x_wconf 85' lang='grc' dir='ltr'><em>εἰσέρχεται</em></span> <span class='ocrx_word' id='word_1_65' title='bbox 1019 665 1089 708; x_wconf 78' lang='grc' dir='ltr'><em>διὰ</em></span> <span class='ocrx_word' id='word_1_66' title='bbox 1116 668 1197 708; x_wconf 73' lang='grc' dir='ltr'>τῶν</span> <span class='ocrx_word' id='word_1_67' title='bbox 1232 668 1418 719; x_wconf 81' lang='grc' dir='ltr'><strong><em>σκύλων,</em></strong></span> <span class='ocrx_word' id='word_1_68' title='bbox 1453 669 1771 724; x_wconf 80' lang='grc' dir='ltr'><em>προσυπαντᾶ-’</em></span> 
     </span>
     <span class='ocr_line' id='line_1_10' title="bbox 309 727 1748 789; baseline 0.004 -20"><span class='ocrx_word' id='word_1_69' title='bbox 309 744 383 769; x_wconf 86' lang='grc' dir='ltr'><em>ται</em></span> <span class='ocrx_word' id='word_1_70' title='bbox 420 730 465 770; x_wconf 81' lang='grc' dir='ltr'>ἐν</span> <span class='ocrx_word' id='word_1_71' title='bbox 501 729 550 786; x_wconf 80' lang='grc' dir='ltr'>τῇ</span> <span class='ocrx_word' id='word_1_72' title='bbox 588 729 702 788; x_wconf 78' lang='grc' dir='ltr'>α’ρχῇ</span> <span class='ocrx_word' id='word_1_73' title='bbox 739 732 815 773; x_wconf 84' lang='grc' dir='ltr'>τοῦ</span> <span class='ocrx_word' id='word_1_74' title='bbox 845 727 1154 775; x_wconf 80' lang='grc' dir='ltr'><em>Ἰουστινιανοῦ</em></span> <span class='ocrx_word' id='word_1_75' title='bbox 1189 731 1398 787; x_wconf 71' lang='grc' dir='ltr'><em>τρικλίνου</em></span> <span class='ocrx_word' id='word_1_76' title='bbox 1427 731 1541 789; x_wconf 79' lang='grc' dir='ltr'><em>παρὰ</em></span> <span class='ocrx_word' id='word_1_77' title='bbox 1569 735 1654 775; x_wconf 76' lang='grc' dir='ltr'>τῶν</span> <span class='ocrx_word' id='word_1_78' title='bbox 1681 749 1748 775; x_wconf 88' lang='grc' dir='ltr'><em>σι-</em></span> 
     </span>
     <span class='ocr_line' id='line_1_11' title="bbox 309 793 1803 854; baseline 0.003 -19"><span class='ocrx_word' id='word_1_79' title='bbox 309 793 552 850; x_wconf 77' lang='grc' dir='ltr'><em>λεντιαρίων</em></span> <span class='ocrx_word' id='word_1_80' title='bbox 579 793 652 837; x_wconf 84' lang='grc' dir='ltr'><em>καί</em></span> <span class='ocrx_word' id='word_1_81' title='bbox 675 798 751 838; x_wconf 77' lang='grc' dir='ltr'>τοῦ</span> <span class='ocrx_word' id='word_1_82' title='bbox 779 793 1151 850; x_wconf 77' lang='grc' dir='ltr'><em>ἇδμινσουναλίου,</em></span> <span class='ocrx_word' id='word_1_83' title='bbox 1198 793 1389 840; x_wconf 81' lang='grc' dir='ltr'><em>κᾶκεῖθεν</em></span> <span class='ocrx_word' id='word_1_84' title='bbox 1420 799 1534 854; x_wconf 82' lang='grc' dir='ltr'><em>παρὰ</em></span> <span class='ocrx_word' id='word_1_85' title='bbox 1560 800 1644 840; x_wconf 79' lang='grc' dir='ltr'>τῶν</span> <span class='ocrx_word' id='word_1_86' title='bbox 1671 799 1803 845; x_wconf 82' lang='grc' dir='ltr'>τοῦιο</span> 
     </span>
     <span class='ocr_line' id='line_1_12' title="bbox 308 857 1747 920; baseline 0.004 -20"><span class='ocrx_word' id='word_1_87' title='bbox 308 859 628 914; x_wconf 74' lang='grc' dir='ltr'><em>κουβουκλείου,</em></span> <span class='ocrx_word' id='word_1_88' title='bbox 676 857 767 903; x_wconf 83' lang='grc' dir='ltr'><em>εἶτα</em></span> <span class='ocrx_word' id='word_1_89' title='bbox 806 863 851 904; x_wconf 80' lang='grc' dir='ltr'>ἐν</span> <span class='ocrx_word' id='word_1_90' title='bbox 885 863 944 920; x_wconf 73' lang='grc' dir='ltr'>τῷ</span> <span class='ocrx_word' id='word_1_91' title='bbox 982 861 1096 920; x_wconf 76' lang='grc' dir='ltr'><em>μέσῳ</em></span> <span class='ocrx_word' id='word_1_92' title='bbox 1126 863 1201 904; x_wconf 82' lang='grc' dir='ltr'>τοῦ</span> <span class='ocrx_word' id='word_1_93' title='bbox 1231 862 1364 905; x_wconf 74' lang='grc' dir='ltr'><em>αι’-τοῦ</em></span> <span class='ocrx_word' id='word_1_94' title='bbox 1395 864 1604 919; x_wconf 79' lang='grc' dir='ltr'><em>τρικλίνου</em></span> <span class='ocrx_word' id='word_1_95' title='bbox 1632 861 1747 919; x_wconf 81' lang='grc' dir='ltr'><em>παρὰ</em></span> 
     </span>
     <span class='ocr_line' id='line_1_13' title="bbox 270 926 1748 984; baseline 0.001 -16"><span class='ocrx_word' id='word_1_96' title='bbox 270 927 391 974; x_wconf 80' lang='grc' dir='ltr'>Βτῶν</span> <span class='ocrx_word' id='word_1_97' title='bbox 437 926 826 983; x_wconf 83' lang='grc' dir='ltr'><em>πρωτοσπαθαρίων</em></span> <span class='ocrx_word' id='word_1_98' title='bbox 859 930 931 970; x_wconf 81' lang='grc' dir='ltr'>καί</span> <span class='ocrx_word' id='word_1_99' title='bbox 972 926 1430 984; x_wconf 79' lang='grc' dir='ltr'><em>σπαθαροκανδιδάτων</em></span> <span class='ocrx_word' id='word_1_100' title='bbox 1472 929 1546 971; x_wconf 81' lang='grc' dir='ltr'><em>καί</em></span> <span class='ocrx_word' id='word_1_101' title='bbox 1582 930 1748 982; x_wconf 80' lang='grc' dir='ltr'><em>λοιπῶν,</em></span> 
     </span>
     <span class='ocr_line' id='line_1_14' title="bbox 308 990 1774 1050; baseline 0.001 -17"><span class='ocrx_word' id='word_1_102' title='bbox 308 993 382 1034; x_wconf 84' lang='grc' dir='ltr'><em>καί</em></span> <span class='ocrx_word' id='word_1_103' title='bbox 405 993 688 1048; x_wconf 84' lang='grc' dir='ltr'><em>χαιρετίζεται</em></span> <span class='ocrx_word' id='word_1_104' title='bbox 715 997 816 1049; x_wconf 82' lang='grc' dir='ltr'><em>παρ’</em></span> <span class='ocrx_word' id='word_1_105' title='bbox 846 990 997 1047; x_wconf 70' lang='grc' dir='ltr'><em>αὐτῶν,</em></span> <span class='ocrx_word' id='word_1_106' title='bbox 1026 996 1100 1036; x_wconf 81' lang='grc' dir='ltr'>καί</span> <span class='ocrx_word' id='word_1_107' title='bbox 1125 994 1450 1050; x_wconf 78' lang='grc' dir='ltr'><em>ἄντιχαιρετίζει</em></span> <span class='ocrx_word' id='word_1_108' title='bbox 1463 993 1629 1044; x_wconf 76' lang='grc' dir='ltr'><em>αὐτούς.</em></span> <span class='ocrx_word' id='word_1_109' title='bbox 1656 990 1774 1036; x_wconf 27' lang='grc' dir='ltr'><em>εἶτα]</em></span> 
     </span>
     <span class='ocr_line' id='line_1_15' title="bbox 308 1057 1750 1115; baseline 0.001 -16"><span class='ocrx_word' id='word_1_110' title='bbox 308 1059 541 1113; x_wconf 83' lang='grc' dir='ltr'><em>εἰσέρχεται</em></span> <span class='ocrx_word' id='word_1_111' title='bbox 587 1059 647 1106; x_wconf 84' lang='grc' dir='ltr'>εἰς</span> <span class='ocrx_word' id='word_1_112' title='bbox 686 1059 761 1100; x_wconf 83' lang='grc' dir='ltr'>τόν</span> <span class='ocrx_word' id='word_1_113' title='bbox 811 1059 1061 1112; x_wconf 86' lang='grc' dir='ltr'><em>λαυσιακόν,</em></span> <span class='ocrx_word' id='word_1_114' title='bbox 1118 1062 1463 1115; x_wconf 80' lang='grc' dir='ltr'><em>προσυπαντᾶται</em></span> <span class='ocrx_word' id='word_1_115' title='bbox 1509 1058 1626 1115; x_wconf 82' lang='grc' dir='ltr'><em>παρὰ</em></span> <span class='ocrx_word' id='word_1_116' title='bbox 1670 1057 1750 1101; x_wconf 77' lang='grc' dir='ltr'>τοῦ</span> 
     </span>
     <span class='ocr_line' id='line_1_16' title="bbox 307 1121 1800 1181; baseline 0.004 -18"><span class='ocrx_word' id='word_1_117' title='bbox 307 1123 583 1177; x_wconf 80' lang='grc' dir='ltr'><em>πραιποσίτου</em></span> <span class='ocrx_word' id='word_1_118' title='bbox 622 1121 696 1165; x_wconf 77' lang='grc' dir='ltr'><em>καί</em></span> <span class='ocrx_word' id='word_1_119' title='bbox 726 1126 800 1165; x_wconf 76' lang='grc' dir='ltr'>τοῦ</span> <span class='ocrx_word' id='word_1_120' title='bbox 839 1122 1131 1181; x_wconf 74' lang='grc' dir='ltr'><em>ἑταιρειάρχου</em></span> <span class='ocrx_word' id='word_1_121' title='bbox 1165 1127 1238 1167; x_wconf 81' lang='grc' dir='ltr'><em>καί</em></span> <span class='ocrx_word' id='word_1_122' title='bbox 1265 1126 1417 1168; x_wconf 76' lang='grc' dir='ltr'><em>λοιπῶν</em></span> <span class='ocrx_word' id='word_1_123' title='bbox 1455 1125 1800 1181; x_wconf 71' lang='grc' dir='ltr'><em>συγκλητικῶν-15</em></span> 
     </span>
     <span class='ocr_line' id='line_1_17' title="bbox 311 1183 1748 1246; baseline 0.002 -18"><span class='ocrx_word' id='word_1_124' title='bbox 311 1185 375 1243; x_wconf 84' lang='grc' dir='ltr'>(τὸ</span> <span class='ocrx_word' id='word_1_125' title='bbox 402 1183 504 1228; x_wconf 72' lang='grc' dir='ltr'>αὐτὸ</span> <span class='ocrx_word' id='word_1_126' title='bbox 532 1194 646 1229; x_wconf 87' lang='grc' dir='ltr'><em>ποιεῖ</em></span> <span class='ocrx_word' id='word_1_127' title='bbox 684 1188 758 1231; x_wconf 84' lang='grc' dir='ltr'><em>καί</em></span> <span class='ocrx_word' id='word_1_128' title='bbox 800 1186 871 1231; x_wconf 81' lang='grc' dir='ltr'>δ’τε</span> <span class='ocrx_word' id='word_1_129' title='bbox 908 1191 1253 1245; x_wconf 82' lang='grc' dir='ltr'><em>προσυπαντᾶται</em></span> <span class='ocrx_word' id='word_1_130' title='bbox 1279 1190 1395 1246; x_wconf 77' lang='grc' dir='ltr'><em>παρὰ</em></span> <span class='ocrx_word' id='word_1_131' title='bbox 1423 1192 1499 1232; x_wconf 73' lang='grc' dir='ltr'>τοῦ</span> <span class='ocrx_word' id='word_1_132' title='bbox 1524 1191 1748 1246; x_wconf 81' lang='grc' dir='ltr'><em>πραιποσί-</em></span> 
     </span>
     <span class='ocr_line' id='line_1_18' title="bbox 307 1252 1749 1311; baseline 0.001 -17"><span class='ocrx_word' id='word_1_133' title='bbox 307 1268 384 1294; x_wconf 84' lang='grc' dir='ltr'>του</span> <span class='ocrx_word' id='word_1_134' title='bbox 410 1254 486 1294; x_wconf 80' lang='grc' dir='ltr'>τοῦ</span> <span class='ocrx_word' id='word_1_135' title='bbox 511 1254 791 1309; x_wconf 78' lang='grc' dir='ltr'><em>πατριάρχου.</em></span> <span class='ocrx_word' id='word_1_136' title='bbox 861 1253 1018 1308; x_wconf 80' lang='grc' dir='ltr'><em>ὅμοίως</em></span> <span class='ocrx_word' id='word_1_137' title='bbox 1050 1252 1097 1296; x_wconf 79' lang='grc' dir='ltr'>τὸ</span> <span class='ocrx_word' id='word_1_138' title='bbox 1128 1252 1233 1297; x_wconf 83' lang='grc' dir='ltr'>αὗτὸ</span> <span class='ocrx_word' id='word_1_139' title='bbox 1265 1260 1381 1297; x_wconf 85' lang='grc' dir='ltr'><em>ποιεῖ’</em></span> <span class='ocrx_word' id='word_1_140' title='bbox 1400 1257 1476 1297; x_wconf 84' lang='grc' dir='ltr'>καί</span> <span class='ocrx_word' id='word_1_141' title='bbox 1501 1255 1524 1296; x_wconf 78' lang='grc' dir='ltr'><em>ὅ</em></span> <span class='ocrx_word' id='word_1_142' title='bbox 1551 1253 1749 1311; x_wconf 85' lang='grc' dir='ltr'><em>πριμική-</em></span> 
     </span>
     <span class='ocr_line' id='line_1_19' title="bbox 309 1318 1745 1378; baseline 0.003 -20"><span class='ocrx_word' id='word_1_143' title='bbox 309 1333 399 1374; x_wconf 88' lang='grc' dir='ltr'><em>ριος</em></span> <span class='ocrx_word' id='word_1_144' title='bbox 444 1320 518 1360; x_wconf 80' lang='grc' dir='ltr'>τοῦ</span> <span class='ocrx_word' id='word_1_145' title='bbox 558 1319 849 1373; x_wconf 81' lang='grc' dir='ltr'><em>κουβουκλείου</em></span> <span class='ocrx_word' id='word_1_146' title='bbox 887 1318 994 1373; x_wconf 79' lang='grc' dir='ltr'><em>μετὰ</em></span> <span class='ocrx_word' id='word_1_147' title='bbox 1035 1321 1116 1362; x_wconf 81' lang='grc' dir='ltr'>τῶν</span> <span class='ocrx_word' id='word_1_148' title='bbox 1164 1322 1442 1376; x_wconf 69' lang='grc' dir='ltr'><em>πριμικηρήυν</em></span> <span class='ocrx_word' id='word_1_149' title='bbox 1483 1319 1745 1378; x_wconf 77' lang='grc' dir='ltr'><em>ὄστιαρίων.)</em></span> 
     </span>
     <span class='ocr_line' id='line_1_20' title="bbox 307 1383 1749 1440; baseline 0.001 -15"><span class='ocrx_word' id='word_1_150' title='bbox 307 1385 383 1425; x_wconf 81' lang='grc' dir='ltr'>καί</span> <span class='ocrx_word' id='word_1_151' title='bbox 414 1383 680 1439; x_wconf 72' lang='grc' dir='ltr'><em>προκάθηται</em></span> <span class='ocrx_word' id='word_1_152' title='bbox 718 1386 801 1426; x_wconf 77' lang='grc' dir='ltr'>τῶν</span> <span class='ocrx_word' id='word_1_153' title='bbox 824 1387 1067 1440; x_wconf 81' lang='grc' dir='ltr'><em>μαγίστρων</em></span> <span class='ocrx_word' id='word_1_154' title='bbox 1103 1387 1176 1427; x_wconf 85' lang='grc' dir='ltr'>καί</span> <span class='ocrx_word' id='word_1_155' title='bbox 1202 1387 1503 1440; x_wconf 82' lang='grc' dir='ltr'><em>πραιποσίτων,</em></span> <span class='ocrx_word' id='word_1_156' title='bbox 1545 1386 1618 1427; x_wconf 82' lang='grc' dir='ltr'><em>καί</em></span> <span class='ocrx_word' id='word_1_157' title='bbox 1642 1383 1749 1440; x_wconf 85' lang='grc' dir='ltr'><em>πρὸς</em></span> 
     </span>
     <span class='ocr_line' id='line_1_21' title="bbox 308 1446 1802 1507; baseline 0.003 -16"><span class='ocrx_word' id='word_1_158' title='bbox 308 1446 379 1491; x_wconf 85' lang='grc' dir='ltr'>τὸν</span> <span class='ocrx_word' id='word_1_159' title='bbox 406 1449 580 1504; x_wconf 83' lang='grc' dir='ltr'><em>βασιλέα</em></span> <span class='ocrx_word' id='word_1_160' title='bbox 609 1450 923 1504; x_wconf 81' lang='grc' dir='ltr'><em>εἰσερχόμενος,</em></span> <span class='ocrx_word' id='word_1_161' title='bbox 962 1447 1100 1506; x_wconf 68' lang='grc' dir='ltr'><em>ὥσπερ</em></span> <span class='ocrx_word' id='word_1_162' title='bbox 1129 1449 1175 1492; x_wconf 86' lang='grc' dir='ltr'>τὸ</span> <span class='ocrx_word' id='word_1_163' title='bbox 1201 1448 1382 1492; x_wconf 83' lang='grc' dir='ltr'><em>παλαιὸν</em></span> <span class='ocrx_word' id='word_1_164' title='bbox 1409 1448 1431 1491; x_wconf 82' lang='grc' dir='ltr'>ὅ</span> <span class='ocrx_word' id='word_1_165' title='bbox 1459 1449 1802 1507; x_wconf 69' lang='grc' dir='ltr'><em>πραιπόσιτος,2ο</em></span> 
     </span>
     <span class='ocr_line' id='line_1_22' title="bbox 266 1513 1750 1572; baseline 0.001 -17"><span class='ocrx_word' id='word_1_166' title='bbox 266 1533 267 1536; x_wconf 48' lang='grc'><strong>“</strong></span> <span class='ocrx_word' id='word_1_167' title='bbox 310 1514 475 1568; x_wconf 80' lang='grc' dir='ltr'><em>ἆμέσως</em></span> <span class='ocrx_word' id='word_1_168' title='bbox 502 1514 757 1570; x_wconf 80' lang='grc' dir='ltr'><em>εἰσέρχεται,</em></span> <span class='ocrx_word' id='word_1_169' title='bbox 787 1514 1018 1569; x_wconf 83' lang='grc' dir='ltr'><em>τιμώμενος</em></span> <span class='ocrx_word' id='word_1_170' title='bbox 1045 1514 1126 1557; x_wconf 77' lang='grc' dir='ltr'>ὑπὸ</span> <span class='ocrx_word' id='word_1_171' title='bbox 1157 1513 1338 1558; x_wconf 81' lang='grc' dir='ltr'><em>πάντων.</em></span> <span class='ocrx_word' id='word_1_172' title='bbox 1392 1516 1436 1556; x_wconf 77' lang='grc' dir='ltr'>ἐν</span> <span class='ocrx_word' id='word_1_173' title='bbox 1463 1517 1510 1558; x_wconf 77' lang='grc' dir='ltr'>δὲ</span> <span class='ocrx_word' id='word_1_174' title='bbox 1537 1520 1630 1566; x_wconf 84' lang='grc' dir='ltr'><em>ταῖς</em></span> <span class='ocrx_word' id='word_1_175' title='bbox 1656 1513 1750 1572; x_wconf 60' lang='lat'>509-</span> 
     </span>
     <span class='ocr_line' id='line_1_23' title="bbox 116 1577 1751 1638; baseline -0.002 -11"><span class='ocrx_word' id='word_1_176' title='bbox 116 1585 401 1638; x_wconf 50' lang='lat' dir='ltr'>Madv-brath</span> <span class='ocrx_word' id='word_1_177' title='bbox 442 1582 586 1636; x_wconf 77' lang='grc' dir='ltr'><em>φορῶν</em></span> <span class='ocrx_word' id='word_1_178' title='bbox 624 1577 730 1637; x_wconf 73' lang='grc' dir='ltr'><em>ἅπερ</em></span> <span class='ocrx_word' id='word_1_179' title='bbox 768 1579 915 1634; x_wconf 82' lang='grc' dir='ltr'><em>ἔλαβεν</em></span> <span class='ocrx_word' id='word_1_180' title='bbox 950 1580 1155 1634; x_wconf 76' lang='grc' dir='ltr'><em>ἆλλάξιμα</em></span> <span class='ocrx_word' id='word_1_181' title='bbox 1196 1578 1274 1623; x_wconf 74' lang='grc' dir='ltr'>συν</span> <span class='ocrx_word' id='word_1_182' title='bbox 1310 1579 1560 1635; x_wconf 77' lang='grc' dir='ltr'><em>καμπαγίοις</em></span> <span class='ocrx_word' id='word_1_183' title='bbox 1601 1578 1674 1623; x_wconf 66' lang='grc' dir='ltr'>καὶ</span> <span class='ocrx_word' id='word_1_184' title='bbox 1700 1579 1751 1623; x_wconf 77' lang='grc' dir='ltr'>ἅ-</span> 
     </span>
     <span class='ocr_line' id='line_1_24' title="bbox 402 1659 879 1705; baseline 0 -13"><span class='ocrx_word' id='word_1_185' title='bbox 402 1661 434 1696; x_wconf 87' lang='grc'>8.</span> <span class='ocrx_word' id='word_1_186' title='bbox 459 1660 776 1705; x_wconf 82' lang='grc' dir='ltr'><em>προσυπαντοῦσι</em></span> <span class='ocrx_word' id='word_1_187' title='bbox 800 1659 879 1692; x_wconf 88' lang='lat' dir='ltr'>cod.</span> 
     </span>
    </p>
   </div>
   <div class='ocr_carea' id='block_1_3' title="bbox 309 1726 1753 2703">
    <p class='ocr_par' dir='ltr' id='par_1_3' title="bbox 309 1726 1753 2703">
     <span class='ocr_line' id='line_1_25' title="bbox 309 1726 1750 1774; baseline 0.001 -12"><span class='ocrx_word' id='word_1_188' title='bbox 309 1738 397 1774; x_wconf 89' lang='lat' dir='ltr'>pore</span> <span class='ocrx_word' id='word_1_189' title='bbox 428 1726 626 1773; x_wconf 78' lang='lat' dir='ltr'><strong>procedens</strong></span> <span class='ocrx_word' id='word_1_190' title='bbox 658 1729 786 1763; x_wconf 89' lang='lat' dir='ltr'>diebus</span> <span class='ocrx_word' id='word_1_191' title='bbox 825 1729 1074 1763; x_wconf 81' lang='lat' dir='ltr'>communibus</span> <span class='ocrx_word' id='word_1_192' title='bbox 1100 1734 1138 1763; x_wconf 84' lang='lat' dir='ltr'>et</span> <span class='ocrx_word' id='word_1_193' title='bbox 1161 1730 1356 1774; x_wconf 84' lang='lat' dir='ltr'>operariis,</span> <span class='ocrx_word' id='word_1_194' title='bbox 1392 1728 1514 1763; x_wconf 84' lang='lat' dir='ltr'>induit</span> <span class='ocrx_word' id='word_1_195' title='bbox 1535 1729 1576 1762; x_wconf 88' lang='lat' dir='ltr'>in</span> <span class='ocrx_word' id='word_1_196' title='bbox 1599 1728 1689 1763; x_wconf 83' lang='lat' dir='ltr'>aede</span> <span class='ocrx_word' id='word_1_197' title='bbox 1713 1728 1750 1764; x_wconf 88' lang='lat' dir='ltr'>S.</span> 
     </span>
     <span class='ocr_line' id='line_1_26' title="bbox 311 1774 1750 1821; baseline 0.001 -13"><span class='ocrx_word' id='word_1_198' title='bbox 311 1774 507 1819; x_wconf 88' lang='lat' dir='ltr'>Stephani,</span> <span class='ocrx_word' id='word_1_199' title='bbox 533 1787 625 1821; x_wconf 88' lang='lat' dir='ltr'>quae</span> <span class='ocrx_word' id='word_1_200' title='bbox 653 1781 708 1809; x_wconf 86' lang='lat' dir='ltr'>est</span> <span class='ocrx_word' id='word_1_201' title='bbox 731 1777 770 1808; x_wconf 88' lang='lat' dir='ltr'>iu</span> <span class='ocrx_word' id='word_1_202' title='bbox 794 1777 911 1817; x_wconf 84' lang='lat' dir='ltr'>circo,</span> <span class='ocrx_word' id='word_1_203' title='bbox 935 1776 1216 1821; x_wconf 83' lang='lat' dir='ltr'>scaramangium</span> <span class='ocrx_word' id='word_1_204' title='bbox 1242 1775 1665 1821; x_wconf 77' lang='lat' dir='ltr'>oxyprasinotriblattum</span> <span class='ocrx_word' id='word_1_205' title='bbox 1685 1785 1750 1809; x_wconf 74' lang='lat' dir='ltr'>seu</span> 
     </span>
     <span class='ocr_line' id='line_1_27' title="bbox 309 1821 1748 1864; baseline -0.001 -9"><span class='ocrx_word' id='word_1_206' title='bbox 309 1822 420 1855; x_wconf 84' lang='lat' dir='ltr'>viridi</span> <span class='ocrx_word' id='word_1_207' title='bbox 446 1821 560 1855; x_wconf 89' lang='lat' dir='ltr'>serico</span> <span class='ocrx_word' id='word_1_208' title='bbox 584 1828 743 1863; x_wconf 82' lang='lat' dir='ltr'>textum,</span> <span class='ocrx_word' id='word_1_209' title='bbox 786 1827 840 1856; x_wconf 90' lang='lat' dir='ltr'>ter</span> <span class='ocrx_word' id='word_1_210' title='bbox 871 1825 1048 1863; x_wconf 86' lang='lat' dir='ltr'>tinctum,</span> <span class='ocrx_word' id='word_1_211' title='bbox 1085 1823 1198 1856; x_wconf 88' lang='lat' dir='ltr'>vividi</span> <span class='ocrx_word' id='word_1_212' title='bbox 1231 1823 1403 1864; x_wconf 85' lang='lat' dir='ltr'>luminis,</span> <span class='ocrx_word' id='word_1_213' title='bbox 1440 1828 1479 1857; x_wconf 87' lang='lat' dir='ltr'>et</span> <span class='ocrx_word' id='word_1_214' title='bbox 1516 1822 1748 1856; x_wconf 82' lang='lat' dir='ltr'>catacoilium</span> 
     </span>
     <span class='ocr_line' id='line_1_28' title="bbox 314 1867 1748 1916; baseline -0.001 -15"><span class='ocrx_word' id='word_1_215' title='bbox 314 1867 400 1914; x_wconf 87' lang='lat' dir='ltr'>[seu</span> <span class='ocrx_word' id='word_1_216' title='bbox 425 1869 606 1916; x_wconf 86' lang='lat' dir='ltr'>ventrale]</span> <span class='ocrx_word' id='word_1_217' title='bbox 643 1875 679 1903; x_wconf 85' lang='lat' dir='ltr'>et</span> <span class='ocrx_word' id='word_1_218' title='bbox 702 1868 905 1911; x_wconf 68' lang='lat' dir='ltr'>rhoesium,</span> <span class='ocrx_word' id='word_1_219' title='bbox 940 1869 1078 1903; x_wconf 82' lang='lat' dir='ltr'>hahens</span> <span class='ocrx_word' id='word_1_220' title='bbox 1103 1868 1311 1903; x_wconf 85' lang='lat' dir='ltr'>exabulium</span> <span class='ocrx_word' id='word_1_221' title='bbox 1339 1879 1486 1903; x_wconf 86' lang='lat' dir='ltr'>aureum</span> <span class='ocrx_word' id='word_1_222' title='bbox 1510 1870 1643 1902; x_wconf 85' lang='lat' dir='ltr'>circum</span> <span class='ocrx_word' id='word_1_223' title='bbox 1667 1878 1748 1901; x_wconf 82' lang='lat' dir='ltr'>oras</span> 
     </span>
     <span class='ocr_line' id='line_1_29' title="bbox 310 1913 1748 1960; baseline -0.001 -12"><span class='ocrx_word' id='word_1_224' title='bbox 310 1914 370 1948; x_wconf 80' lang='lat' dir='ltr'>vel</span> <span class='ocrx_word' id='word_1_225' title='bbox 395 1913 524 1948; x_wconf 81' lang='lat' dir='ltr'><strong>limbos</strong></span> <span class='ocrx_word' id='word_1_226' title='bbox 551 1921 716 1949; x_wconf 84' lang='lat' dir='ltr'>ornatum</span> <span class='ocrx_word' id='word_1_227' title='bbox 758 1917 888 1949; x_wconf 81' lang='lat' dir='ltr'>taeniis</span> <span class='ocrx_word' id='word_1_228' title='bbox 913 1916 1030 1949; x_wconf 84' lang='lat' dir='ltr'>aureis</span> <span class='ocrx_word' id='word_1_229' title='bbox 1068 1921 1106 1949; x_wconf 88' lang='lat' dir='ltr'>et</span> <span class='ocrx_word' id='word_1_230' title='bbox 1127 1917 1246 1960; x_wconf 86' lang='lat' dir='ltr'>parvis</span> <span class='ocrx_word' id='word_1_231' title='bbox 1270 1915 1369 1949; x_wconf 82' lang='lat' dir='ltr'>foliis</span> <span class='ocrx_word' id='word_1_232' title='bbox 1393 1915 1546 1949; x_wconf 84' lang='lat' dir='ltr'><strong>hederae</strong></span> <span class='ocrx_word' id='word_1_233' title='bbox 1567 1913 1748 1958; x_wconf 77' lang='lat' dir='ltr'>similibus</span> 
     </span>
     <span class='ocr_line' id='line_1_30' title="bbox 312 1957 1746 2008; baseline -0.001 -14"><span class='ocrx_word' id='word_1_234' title='bbox 312 1972 523 2005; x_wconf 85' lang='lat' dir='ltr'>respersum.</span> <span class='ocrx_word' id='word_1_235' title='bbox 571 1962 652 1995; x_wconf 92' lang='lat' dir='ltr'>Illic</span> <span class='ocrx_word' id='word_1_236' title='bbox 682 1962 839 2006; x_wconf 88' lang='lat' dir='ltr'>ingresso</span> <span class='ocrx_word' id='word_1_237' title='bbox 878 1962 985 2008; x_wconf 88' lang='lat' dir='ltr'>primi</span> <span class='ocrx_word' id='word_1_238' title='bbox 1023 1967 1217 1996; x_wconf 83' lang='lat' dir='ltr'>occurrunt</span> <span class='ocrx_word' id='word_1_239' title='bbox 1248 1962 1456 2007; x_wconf 73' lang='lat' dir='ltr'>drungarius</span> <span class='ocrx_word' id='word_1_240' title='bbox 1488 1960 1655 2006; x_wconf 85' lang='lat' dir='ltr'>vigiliae,</span> <span class='ocrx_word' id='word_1_241' title='bbox 1700 1957 1746 1992; x_wconf 84' lang='lat' dir='ltr'>ab</span> 
     </span>
     <span class='ocr_line' id='line_1_31' title="bbox 314 2006 1748 2055; baseline 0 -16"><span class='ocrx_word' id='word_1_242' title='bbox 314 2006 483 2041; x_wconf 86' lang='lat' dir='ltr'>acolutho</span> <span class='ocrx_word' id='word_1_243' title='bbox 513 2006 596 2053; x_wconf 88' lang='lat' dir='ltr'>[seu</span> <span class='ocrx_word' id='word_1_244' title='bbox 620 2008 858 2053; x_wconf 81' lang='lat' dir='ltr'>barangorum</span> <span class='ocrx_word' id='word_1_245' title='bbox 881 2009 1158 2042; x_wconf 83' lang='lat' dir='ltr'>securiferorum</span> <span class='ocrx_word' id='word_1_246' title='bbox 1181 2008 1292 2055; x_wconf 89' lang='lat' dir='ltr'>duce]</span> <span class='ocrx_word' id='word_1_247' title='bbox 1326 2010 1478 2052; x_wconf 83' lang='lat' dir='ltr'>stipatus</span> <span class='ocrx_word' id='word_1_248' title='bbox 1493 2032 1503 2047; x_wconf 92' lang='lat'><strong>,</strong></span> <span class='ocrx_word' id='word_1_249' title='bbox 1528 2012 1566 2040; x_wconf 87' lang='lat' dir='ltr'>et</span> <span class='ocrx_word' id='word_1_250' title='bbox 1587 2006 1748 2051; x_wconf 74' lang='lat' dir='ltr'>magistri</span> 
     </span>
     <span class='ocr_line' id='line_1_32' title="bbox 317 2053 1750 2100; baseline 0 -15"><span class='ocrx_word' id='word_1_251' title='bbox 317 2058 355 2086; x_wconf 90' lang='lat' dir='ltr'>et</span> <span class='ocrx_word' id='word_1_252' title='bbox 379 2053 518 2087; x_wconf 90' lang='lat' dir='ltr'>iudices</span> <span class='ocrx_word' id='word_1_253' title='bbox 541 2055 580 2088; x_wconf 87' lang='lat' dir='ltr'>iu</span> <span class='ocrx_word' id='word_1_254' title='bbox 602 2054 842 2100; x_wconf 82' lang='lat' dir='ltr'>hippodromo</span> <span class='ocrx_word' id='word_1_255' title='bbox 868 2055 1057 2097; x_wconf 87' lang='lat' dir='ltr'>sedentes;</span> <span class='ocrx_word' id='word_1_256' title='bbox 1082 2053 1284 2099; x_wconf 84' lang='lat' dir='ltr'>iubeatque</span> <span class='ocrx_word' id='word_1_257' title='bbox 1311 2054 1427 2098; x_wconf 88' lang='lat' dir='ltr'>ipsum</span> <span class='ocrx_word' id='word_1_258' title='bbox 1452 2053 1608 2093; x_wconf 82' lang='lat' dir='ltr'>salvere,</span> <span class='ocrx_word' id='word_1_259' title='bbox 1633 2058 1671 2085; x_wconf 91' lang='lat' dir='ltr'>et</span> <span class='ocrx_word' id='word_1_260' title='bbox 1692 2053 1750 2086; x_wconf 86' lang='lat' dir='ltr'>vi-</span> 
     </span>
     <span class='ocr_line' id='line_1_33' title="bbox 317 2099 1747 2144; baseline 0 -12"><span class='ocrx_word' id='word_1_261' title='bbox 317 2100 437 2132; x_wconf 90' lang='lat' dir='ltr'>cissim</span> <span class='ocrx_word' id='word_1_262' title='bbox 461 2100 505 2132; x_wconf 85' lang='lat' dir='ltr'>ab</span> <span class='ocrx_word' id='word_1_263' title='bbox 532 2112 575 2133; x_wconf 87' lang='lat' dir='ltr'>eo</span> <span class='ocrx_word' id='word_1_264' title='bbox 599 2100 781 2134; x_wconf 86' lang='lat' dir='ltr'>iubentur.</span> <span class='ocrx_word' id='word_1_265' title='bbox 816 2101 911 2134; x_wconf 84' lang='lat' dir='ltr'>Dein</span> <span class='ocrx_word' id='word_1_266' title='bbox 935 2112 999 2144; x_wconf 87' lang='lat' dir='ltr'>per</span> <span class='ocrx_word' id='word_1_267' title='bbox 1023 2100 1116 2142; x_wconf 84' lang='lat' dir='ltr'>scyla</span> <span class='ocrx_word' id='word_1_268' title='bbox 1139 2100 1316 2134; x_wconf 81' lang='lat' dir='ltr'>transiens</span> <span class='ocrx_word' id='word_1_269' title='bbox 1343 2099 1604 2133; x_wconf 83' lang='lat' dir='ltr'>beneventatur</span> <span class='ocrx_word' id='word_1_270' title='bbox 1638 2099 1747 2132; x_wconf 83' lang='lat' dir='ltr'>initio</span> 
     </span>
     <span class='ocr_line' id='line_1_34' title="bbox 316 2144 1751 2189; baseline -0.001 -11"><span class='ocrx_word' id='word_1_271' title='bbox 316 2145 470 2178; x_wconf 79' lang='lat' dir='ltr'>triclinii</span> <span class='ocrx_word' id='word_1_272' title='bbox 502 2146 699 2180; x_wconf 82' lang='lat' dir='ltr'>Iustiniani</span> <span class='ocrx_word' id='word_1_273' title='bbox 735 2158 755 2179; x_wconf 86' lang='lat' dir='ltr'>a</span> <span class='ocrx_word' id='word_1_274' title='bbox 778 2147 987 2179; x_wconf 85' lang='lat' dir='ltr'>silentiariis</span> <span class='ocrx_word' id='word_1_275' title='bbox 1025 2151 1062 2179; x_wconf 87' lang='lat' dir='ltr'>et</span> <span class='ocrx_word' id='word_1_276' title='bbox 1099 2145 1364 2187; x_wconf 86' lang='lat' dir='ltr'>admissionali,</span> <span class='ocrx_word' id='word_1_277' title='bbox 1397 2146 1506 2189; x_wconf 88' lang='lat' dir='ltr'>paulo</span> <span class='ocrx_word' id='word_1_278' title='bbox 1541 2144 1694 2178; x_wconf 85' lang='lat' dir='ltr'>ulterius</span> <span class='ocrx_word' id='word_1_279' title='bbox 1727 2155 1751 2177; x_wconf 84' lang='lat' dir='ltr'>a</span> 
     </span>
     <span class='ocr_line' id='line_1_35' title="bbox 318 2189 1751 2237; baseline -0.001 -12"><span class='ocrx_word' id='word_1_280' title='bbox 318 2190 573 2235; x_wconf 76' lang='lat' dir='ltr'>cubiculariis3</span> <span class='ocrx_word' id='word_1_281' title='bbox 604 2193 724 2226; x_wconf 86' lang='lat' dir='ltr'>medio</span> <span class='ocrx_word' id='word_1_282' title='bbox 755 2193 793 2225; x_wconf 92' lang='lat' dir='ltr'>in</span> <span class='ocrx_word' id='word_1_283' title='bbox 815 2193 974 2226; x_wconf 89' lang='lat' dir='ltr'>triclinio</span> <span class='ocrx_word' id='word_1_284' title='bbox 999 2204 1019 2224; x_wconf 86' lang='lat' dir='ltr'>a</span> <span class='ocrx_word' id='word_1_285' title='bbox 1044 2191 1341 2237; x_wconf 85' lang='lat' dir='ltr'>protospathariis</span> <span class='ocrx_word' id='word_1_286' title='bbox 1390 2197 1426 2225; x_wconf 88' lang='lat' dir='ltr'>ct</span> <span class='ocrx_word' id='word_1_287' title='bbox 1458 2189 1751 2236; x_wconf 81' lang='lat' dir='ltr'>spatharocandi-</span> 
     </span>
     <span class='ocr_line' id='line_1_36' title="bbox 320 2237 1751 2284; baseline -0.001 -12"><span class='ocrx_word' id='word_1_288' title='bbox 320 2238 414 2272; x_wconf 84' lang='lat' dir='ltr'>‹latis</span> <span class='ocrx_word' id='word_1_289' title='bbox 451 2244 488 2272; x_wconf 90' lang='lat' dir='ltr'>et</span> <span class='ocrx_word' id='word_1_290' title='bbox 519 2239 689 2284; x_wconf 79' lang='lat' dir='ltr'>reliquis3</span> <span class='ocrx_word' id='word_1_291' title='bbox 729 2238 860 2284; x_wconf 85' lang='lat' dir='ltr'>quibus</span> <span class='ocrx_word' id='word_1_292' title='bbox 889 2237 1056 2272; x_wconf 88' lang='lat' dir='ltr'>omnihus</span> <span class='ocrx_word' id='word_1_293' title='bbox 1089 2239 1211 2272; x_wconf 79' lang='lat' dir='ltr'>datam</span> <span class='ocrx_word' id='word_1_294' title='bbox 1235 2239 1387 2271; x_wconf 88' lang='lat' dir='ltr'>salutem</span> <span class='ocrx_word' id='word_1_295' title='bbox 1423 2237 1554 2272; x_wconf 79' lang='lat' dir='ltr'>reddit.</span> <span class='ocrx_word' id='word_1_296' title='bbox 1601 2238 1751 2271; x_wconf 86' lang='lat' dir='ltr'>Intran-</span> 
     </span>
     <span class='ocr_line' id='line_1_37' title="bbox 318 2283 1751 2331; baseline -0.001 -13"><span class='ocrx_word' id='word_1_297' title='bbox 318 2290 394 2318; x_wconf 83' lang='lat' dir='ltr'>tem</span> <span class='ocrx_word' id='word_1_298' title='bbox 417 2285 456 2318; x_wconf 85' lang='lat' dir='ltr'>in</span> <span class='ocrx_word' id='word_1_299' title='bbox 479 2285 671 2318; x_wconf 85' lang='lat' dir='ltr'>lausiacum</span> <span class='ocrx_word' id='word_1_300' title='bbox 691 2284 877 2330; x_wconf 87' lang='lat' dir='ltr'>excipiunt</span> <span class='ocrx_word' id='word_1_301' title='bbox 892 2285 1117 2331; x_wconf 86' lang='lat' dir='ltr'>praepositus</span> <span class='ocrx_word' id='word_1_302' title='bbox 1147 2290 1185 2318; x_wconf 87' lang='lat' dir='ltr'>et</span> <span class='ocrx_word' id='word_1_303' title='bbox 1206 2284 1453 2318; x_wconf 82' lang='lat' dir='ltr'>hetaeriarcha</span> <span class='ocrx_word' id='word_1_304' title='bbox 1477 2290 1515 2318; x_wconf 81' lang='lat' dir='ltr'>et</span> <span class='ocrx_word' id='word_1_305' title='bbox 1537 2283 1671 2330; x_wconf 86' lang='lat' dir='ltr'>reliqui</span> <span class='ocrx_word' id='word_1_306' title='bbox 1694 2294 1751 2316; x_wconf 85' lang='lat' dir='ltr'>se·</span> 
     </span>
     <span class='ocr_line' id='line_1_38' title="bbox 318 2330 1752 2378; baseline -0.001 -13"><span class='ocrx_word' id='word_1_307' title='bbox 318 2337 461 2365; x_wconf 86' lang='lat' dir='ltr'>natores</span> <span class='ocrx_word' id='word_1_308' title='bbox 496 2331 664 2377; x_wconf 88' lang='lat' dir='ltr'>idemque</span> <span class='ocrx_word' id='word_1_309' title='bbox 689 2331 774 2364; x_wconf 80' lang='lat' dir='ltr'>facit</span> <span class='ocrx_word' id='word_1_310' title='bbox 805 2343 887 2375; x_wconf 84' lang='lat' dir='ltr'>erga</span> <span class='ocrx_word' id='word_1_311' title='bbox 910 2331 987 2372; x_wconf 84' lang='lat' dir='ltr'>hos,</span> <span class='ocrx_word' id='word_1_312' title='bbox 1011 2330 1109 2378; x_wconf 91' lang='lat' dir='ltr'>quod</span> <span class='ocrx_word' id='word_1_313' title='bbox 1132 2342 1214 2376; x_wconf 85' lang='lat' dir='ltr'>erga</span> <span class='ocrx_word' id='word_1_314' title='bbox 1237 2331 1458 2375; x_wconf 83' lang='lat' dir='ltr'>superiores;</span> <span class='ocrx_word' id='word_1_315' title='bbox 1475 2330 1580 2364; x_wconf 69' lang='lat' dir='ltr'>idem</span> <span class='ocrx_word' id='word_1_316' title='bbox 1605 2340 1752 2376; x_wconf 81' lang='lat' dir='ltr'>quoque</span> 
     </span>
     <span class='ocr_line' id='line_1_39' title="bbox 319 2375 1752 2431; baseline -0.001 -20"><span class='ocrx_word' id='word_1_317' title='bbox 319 2388 403 2431; x_wconf 75' lang='lat' dir='ltr'>erga</span> <span class='ocrx_word' id='word_1_318' title='bbox 437 2378 657 2422; x_wconf 79' lang='lat' dir='ltr'>excipientes</span> <span class='ocrx_word' id='word_1_319' title='bbox 694 2377 918 2422; x_wconf 81' lang='lat' dir='ltr'>patriarchae</span> <span class='ocrx_word' id='word_1_320' title='bbox 953 2378 1215 2423; x_wconf 84' lang='lat' dir='ltr'>praepositum,</span> <span class='ocrx_word' id='word_1_321' title='bbox 1248 2376 1493 2423; x_wconf 89' lang='lat' dir='ltr'>primicerium</span> <span class='ocrx_word' id='word_1_322' title='bbox 1525 2375 1686 2411; x_wconf 80' lang='lat' dir='ltr'>cubiculi</span> <span class='ocrx_word' id='word_1_323' title='bbox 1714 2380 1752 2409; x_wconf 82' lang='lat' dir='ltr'>et</span> 
     </span>
     <span class='ocr_line' id='line_1_40' title="bbox 318 2422 1752 2471; baseline -0.001 -14"><span class='ocrx_word' id='word_1_324' title='bbox 318 2424 544 2471; x_wconf 77' lang='lat' dir='ltr'>primicerios</span> <span class='ocrx_word' id='word_1_325' title='bbox 584 2424 821 2458; x_wconf 82' lang='lat' dir='ltr'>ostiariorum.</span> <span class='ocrx_word' id='word_1_326' title='bbox 871 2425 966 2458; x_wconf 88' lang='lat' dir='ltr'>Tum</span> <span class='ocrx_word' id='word_1_327' title='bbox 1008 2425 1142 2469; x_wconf 85' lang='lat' dir='ltr'>primus</span> <span class='ocrx_word' id='word_1_328' title='bbox 1181 2423 1343 2457; x_wconf 81' lang='lat' dir='ltr'>considet</span> <span class='ocrx_word' id='word_1_329' title='bbox 1377 2429 1459 2457; x_wconf 84' lang='lat' dir='ltr'>ante</span> <span class='ocrx_word' id='word_1_330' title='bbox 1497 2422 1681 2468; x_wconf 84' lang='lat' dir='ltr'>magistros</span> <span class='ocrx_word' id='word_1_331' title='bbox 1714 2426 1752 2455; x_wconf 80' lang='lat' dir='ltr'>et</span> 
     </span>
     <span class='ocr_line' id='line_1_41' title="bbox 319 2469 1753 2517; baseline -0.002 -14"><span class='ocrx_word' id='word_1_332' title='bbox 319 2471 566 2517; x_wconf 71' lang='lat' dir='ltr'>praeposit08‚</span> <span class='ocrx_word' id='word_1_333' title='bbox 604 2477 641 2504; x_wconf 83' lang='lat' dir='ltr'>et</span> <span class='ocrx_word' id='word_1_334' title='bbox 671 2470 783 2504; x_wconf 83' lang='lat' dir='ltr'>intrat</span> <span class='ocrx_word' id='word_1_335' title='bbox 812 2469 857 2504; x_wconf 86' lang='lat' dir='ltr'>ad</span> <span class='ocrx_word' id='word_1_336' title='bbox 890 2472 1143 2516; x_wconf 80' lang='lat' dir='ltr'>Imperatorem</span> <span class='ocrx_word' id='word_1_337' title='bbox 1177 2469 1406 2510; x_wconf 85' lang='lat' dir='ltr'>immediate,</span> <span class='ocrx_word' id='word_1_338' title='bbox 1440 2481 1515 2504; x_wconf 88' lang='lat' dir='ltr'>non</span> <span class='ocrx_word' id='word_1_339' title='bbox 1541 2469 1753 2509; x_wconf 81' lang='lat' dir='ltr'>nuntiatus,</span> 
     </span>
     <span class='ocr_line' id='line_1_42' title="bbox 321 2514 1751 2564; baseline 0 -16"><span class='ocrx_word' id='word_1_340' title='bbox 321 2517 626 2564; x_wconf 85' lang='lat' dir='ltr'>quemadmodum</span> <span class='ocrx_word' id='word_1_341' title='bbox 655 2518 742 2550; x_wconf 84' lang='lat' dir='ltr'>olim</span> <span class='ocrx_word' id='word_1_342' title='bbox 762 2518 988 2562; x_wconf 79' lang='lat' dir='ltr'>praepositus</span> <span class='ocrx_word' id='word_1_343' title='bbox 1014 2516 1196 2560; x_wconf 79' lang='lat' dir='ltr'>intrabat3</span> <span class='ocrx_word' id='word_1_344' title='bbox 1233 2515 1358 2557; x_wconf 84' lang='lat' dir='ltr'>verbo,</span> <span class='ocrx_word' id='word_1_345' title='bbox 1393 2527 1518 2561; x_wconf 84' lang='lat' dir='ltr'>magno</span> <span class='ocrx_word' id='word_1_346' title='bbox 1551 2516 1591 2548; x_wconf 86' lang='lat' dir='ltr'>in</span> <span class='ocrx_word' id='word_1_347' title='bbox 1612 2514 1751 2548; x_wconf 79' lang='lat' dir='ltr'>honore</span> 
     </span>
     <span class='ocr_line' id='line_1_43' title="bbox 320 2560 1753 2608; baseline -0.002 -12"><span class='ocrx_word' id='word_1_348' title='bbox 320 2563 477 2597; x_wconf 77' lang='lat' dir='ltr'>habetur</span> <span class='ocrx_word' id='word_1_349' title='bbox 509 2562 552 2596; x_wconf 86' lang='lat' dir='ltr'>ab</span> <span class='ocrx_word' id='word_1_350' title='bbox 589 2562 772 2600; x_wconf 86' lang='lat' dir='ltr'>omnibus.</span> <span class='ocrx_word' id='word_1_351' title='bbox 820 2565 861 2597; x_wconf 88' lang='lat' dir='ltr'>Iu</span> <span class='ocrx_word' id='word_1_352' title='bbox 899 2564 1027 2598; x_wconf 87' lang='lat' dir='ltr'>dicbus</span> <span class='ocrx_word' id='word_1_353' title='bbox 1052 2569 1173 2597; x_wconf 85' lang='lat' dir='ltr'>autem</span> <span class='ocrx_word' id='word_1_354' title='bbox 1203 2563 1304 2596; x_wconf 78' lang='lat' dir='ltr'>sestis</span> <span class='ocrx_word' id='word_1_355' title='bbox 1334 2567 1465 2607; x_wconf 85' lang='lat' dir='ltr'>gestat,</span> <span class='ocrx_word' id='word_1_356' title='bbox 1498 2572 1589 2608; x_wconf 88' lang='lat' dir='ltr'>quae</span> <span class='ocrx_word' id='word_1_357' title='bbox 1613 2560 1753 2604; x_wconf 83' lang='lat' dir='ltr'>accepit</span> 
     </span>
     <span class='ocr_line' id='line_1_44' title="bbox 321 2607 1753 2656; baseline -0.002 -15"><span class='ocrx_word' id='word_1_358' title='bbox 321 2609 367 2642; x_wconf 87' lang='lat' dir='ltr'>ab</span> <span class='ocrx_word' id='word_1_359' title='bbox 402 2611 634 2654; x_wconf 84' lang='lat' dir='ltr'>Imperatore,</span> <span class='ocrx_word' id='word_1_360' title='bbox 665 2610 858 2644; x_wconf 84' lang='lat' dir='ltr'>mutatoria</span> <span class='ocrx_word' id='word_1_361' title='bbox 888 2616 924 2644; x_wconf 87' lang='lat' dir='ltr'>et</span> <span class='ocrx_word' id='word_1_362' title='bbox 948 2611 1128 2656; x_wconf 82' lang='lat' dir='ltr'>campagia</span> <span class='ocrx_word' id='word_1_363' title='bbox 1154 2615 1191 2643; x_wconf 85' lang='lat' dir='ltr'>et</span> <span class='ocrx_word' id='word_1_364' title='bbox 1215 2607 1430 2654; x_wconf 87' lang='lat' dir='ltr'>campotuba</span> <span class='ocrx_word' id='word_1_365' title='bbox 1456 2618 1655 2653; x_wconf 85' lang='lat' dir='ltr'>purpurea,</span> <span class='ocrx_word' id='word_1_366' title='bbox 1691 2617 1753 2639; x_wconf 89' lang='lat' dir='ltr'>eo-</span> 
     </span>
     <span class='ocr_line' id='line_1_45' title="bbox 323 2651 1753 2703; baseline -0.004 -14"><span class='ocrx_word' id='word_1_367' title='bbox 323 2668 393 2702; x_wconf 87' lang='lat' dir='ltr'>que</span> <span class='ocrx_word' id='word_1_368' title='bbox 429 2658 468 2690; x_wconf 88' lang='lat' dir='ltr'>iu</span> <span class='ocrx_word' id='word_1_369' title='bbox 503 2661 630 2691; x_wconf 84' lang='lat' dir='ltr'>ornatu</span> <span class='ocrx_word' id='word_1_370' title='bbox 662 2657 780 2703; x_wconf 85' lang='lat' dir='ltr'>praeit</span> <span class='ocrx_word' id='word_1_371' title='bbox 809 2658 1074 2703; x_wconf 79' lang='lat' dir='ltr'>Imperatorem.</span> <span class='ocrx_word' id='word_1_372' title='bbox 1123 2657 1166 2691; x_wconf 85' lang='lat' dir='ltr'>In</span> <span class='ocrx_word' id='word_1_373' title='bbox 1207 2653 1493 2701; x_wconf 79' lang='lat' dir='ltr'>processionibus</span> <span class='ocrx_word' id='word_1_374' title='bbox 1526 2651 1753 2700; x_wconf 81' lang='lat' dir='ltr'>equestribus</span> 
     </span>
    </p>
   </div>
  </div>
 </body>
</html>
