1878 3112
317 116 434 185 334
597 135 958 178 οοΝεΤΑΝΤιΝι
997 134 1484 177 PonPHYROGENm

315 237 371 282 τὰ
395 238 613 294 κάγκελλα,
644 240 844 292 μένουσιν
869 239 915 280 ἒν
938 239 997 296 τῷ
1025 237 1311 297 ἅρματουρίῳ,
1355 241 1435 281 τοῦ
1463 240 1510 281 δὲ
1536 237 1663 290 ξύλου
1691 254 1771 296 ση-

314 308 532 358 μαίνοντος
559 305 633 360 τῆς
660 301 783 358 ἁγίας
809 304 1038 359 ἐκκλησίας,
1067 304 1302 360 ἐγείρονται
1328 304 1401 346 καί
1427 305 1682 360 ἀπέρχονται
1709 307 1771 355 εἷς

273 370 389 427 Βτὴν
416 370 646 426 ἐκκλησιῖιν,
672 371 746 411 καί
773 366 954 411 ἅπτουσι
981 367 1034 411 τὰ
1064 369 1188 425 κηρία
1215 369 1372 424 αὕτῶν,
1401 373 1474 413 καί
1492 371 1770 425 μεταλαμβά-

313 452 450 486 νοντες
481 437 817 493 ὑποστρέφουσι,
849 434 923 478 καὶ
948 435 1215 490 ἐμβαίνοντες
1242 437 1302 487 εἰς
1329 435 1374 479 τὸ
1401 435 1596 491 ἱππικὸν,
1637 437 1770 494 ἀπέρ-

308 519 459 557 χονται
484 504 557 544 καί
581 497 776 556 εὔχονται
805 503 864 553 εἰς
890 499 936 544 τὸ
967 498 1186 559 εὖκτὴριον
1210 505 1284 558 τῆς
1312 502 1434 558 ἁγίας
1475 502 1682 546 Θεοτόκου
1711 499 1789 545 τὸ5

311 564 361 611 ὂν
387 570 433 610 ἐν
461 570 519 628 τῷ
548 565 828 627 πρωτοθύρῳ,
856 567 929 610 καί
956 566 1090 619 οὕτως
1119 565 1363 626 ἆνέρχονται
1392 572 1455 620 εἰς
1472 568 1519 612 τὸ
1545 567 1764 627 ἅρματοό-

308 649 427 691 ριον,
457 637 530 678 καί
554 634 761 690 βάλλουσι
785 640 1079 692 χειραφορεῖν.

839 748 944 796 Περὶ
965 750 1238 796 τοποτηρητοῦ.

417 824 583 869 Ἰστέον
612 825 797 880 εἰδέναι,
829 821 906 879 ὅτι,
935 824 1013 869 ἐὰν
1051 824 1163 886 λα’χῃ
1201 827 1435 883 α’σθενῆσαι
1472 826 1769 885 φακτιονοίριον

112 886 338 948 Εα.1,.ι95ἢ
364 893 691 948 μικροπανίτην,
722 891 797 934 ε’ἁν
823 890 913 947 ἔχει
941 889 962 934 ὅ
991 894 1348 950 τοποτηρούμενος
1377 893 1424 936 ἐκ
1450 894 1527 936 τοῦ
1554 893 1666 937 ἰδίου
1693 894 1822 947 με’-ιο

307 973 411 1014 ρους
437 958 605 1013 ἡνίοχον
633 959 693 1009 εἰς
719 956 765 1002 τὸ
791 960 1071 1015 τοποτηρῆσαι
1099 957 1255 1014 αὐτὸν,
1295 961 1367 1001 καί
1392 961 1432 1003 εἰ
1457 959 1547 1003 ἔστι
1573 957 1621 1002 τὸ
1649 958 1766 1002 ἱππι-

307 1022 382 1067 κὸν
409 1024 608 1081 παγανὸν,
639 1024 712 1067 καί
731 1028 771 1068 εἰ
794 1027 851 1068 δι’
879 1022 978 1067 ὅλου
1008 1025 1178 1068 ἱππικοῦ
1197 1026 1468 1083 τοποτηρήσει
1494 1021 1640 1081 αὐτὸν,
1670 1027 1767 1068 καθ’

308 1091 486 1133 ἕκαστον
512 1088 740 1148 στεφάνιον
769 1093 947 1147 παρέχει
973 1091 1091 1150 αὐτῷ
1119 1089 1306 1146 νόμισμα
1337 1093 1597 1134 δωδέκατον·
1649 1092 1691 1134 εἰ
1715 1092 1764 1134 δὲ

304 1158 351 1200 ἐν
376 1158 500 1214 μέρει
528 1158 698 1215 νικήσῃ,
727 1154 753 1214 ἧ
787 1156 997 1213 διάκρισις
1024 1159 1168 1214 ἐνέγκη
1195 1160 1270 1199 τοῦ
1298 1158 1679 1214 τοποτηρουμένου,
1724 1158 1767 1200 εἰ

305 1225 354 1266 δὲ
382 1223 454 1265 καί
480 1220 728 1279 οἷστοχήσει,
773 1225 907 1279 μηδὲν
946 1225 1178 1280 κερδαίνων
1208 1225 1354 1281 κοπιᾷ·
1408 1226 1481 1267 καί
1507 1223 1599 1278 ἐάν,
1626 1225 1812 1279 μηδὲνιό

304 1291 523 1340 ποιοῦντος
550 1291 626 1332 τοῦ
654 1291 1046 1346 τοποτηρουμένου,
1094 1292 1235 1346 ἕτερος
1273 1292 1440 1349 εἰσέλθῃ
1482 1292 1555 1332 καί
1581 1291 1760 1348 ἐπιτύχῃ

302 1358 387 1399 τῶν
413 1358 460 1399 ἐκ
487 1358 563 1399 τοῦ
593 1357 732 1412 δείλης
760 1357 990 1410 διδομένων
1018 1353 1237 1410 ἐπάθλων,
1267 1355 1324 1406 ὥς
1351 1355 1618 1412 προείρηται,
1654 1360 1765 1409 λαμ-

301 1420 442 1477 βάνει·
499 1420 576 1465 ἐὰν
604 1423 651 1464 δὲ
680 1421 793 1480 δείξῃ
823 1420 845 1463 ὃ
875 1424 1116 1479 τοποτηρῶν
1143 1417 1275 1465 ἆθλόν
1300 1421 1350 1465 τί
1369 1438 1482 1476 ποτε,
1511 1424 1584 1465 καί
1619 1419 1764 1464 κελεύ-

301 1504 357 1547 σῃ
387 1487 411 1530 ὅ
439 1487 638 1543 βασιλεῦς
667 1491 1028 1546 φιλοτιμήσασθαι
1058 1485 1192 1531 αὕτὸν
1234 1491 1288 1547 τῇ
1327 1486 1435 1547 τύχῃ
1477 1490 1557 1531 τοῦ
1585 1503 1763 1544 τοποτη-

302 1557 491 1611 ροῦντος,
521 1551 595 1597 οὖκ
621 1553 711 1610 ἔχει
740 1551 887 1598 ἄδειαν
916 1555 938 1598 ὅ
968 1555 1323 1611 τοποτηρούμενος
1350 1554 1582 1609 λαμβάνειν
1608 1556 1656 1597 τί
1676 1570 1810 1602 rto-20

301 1637 372 1663 τε·
428 1622 490 1672 εἷς
519 1622 783 1676 άπολύσιμον
811 1623 858 1664 δὲ
888 1620 1060 1664 ἱππικοῦ
1095 1620 1171 1664 ἐάν
1197 1618 1476 1678 τοποτηρήσῃ,
1505 1623 1578 1663 καί
1603 1618 1656 1662 τὰ
1683 1636 1761 1662 κα-

259 1688 561 1746 Βτατρέχοντα
591 1690 668 1730 τοῦ
698 1688 963 1743 ἅπολυσίμου
993 1687 1161 1730 ἔπαθλα
1190 1689 1453 1740 κατέλθωσι,
1483 1685 1555 1729 καί
1579 1687 1759 1744 ἐπιτύχῃ

405 1790 434 1814 1.
461 1770 506 1814 τά
534 1789 603 1812 om.
627 1778 683 1813 ed.
801 1791 833 1825 7.
863 1784 975 1825 χεῖρα
1001 1785 1142 1826 φορεῖν
1167 1779 1246 1814 cod.
1371 1790 1422 1815 ιι.
1449 1770 1492 1812 td
1521 1781 1606 1811 ante
1629 1786 1761 1814 τοποτ.

405 1837 475 1861 om.
514 1826 571 1860 ed.
674 1839 724 1873 ¹9·
749 1830 1084 1875 τοποτηρουμένου
1109 1828 1203 1861 coni.
1225 1829 1263 1862 R.

302 1896 486 1938 servatur}
510 1900 552 1928 ut
579 1895 748 1929 diximus.
798 1898 840 1930 In
857 1896 1064 1942 vespertina
1095 1906 1243 1941 quoque
1273 1894 1488 1928 decursione
1511 1893 1604 1927 ritus
1634 1902 1758 1925 omnes

301 1943 505 1976 matutinae
524 1943 662 1976 similes
693 1947 779 1976 sunt
815 1949 960 1989 praeter
982 1943 1131 1988 globum
1161 1953 1206 1976 ex
1230 1954 1320 1976 urna
1341 1941 1583 1987 prodeuntem
1627 1944 1665 1972 et
1699 1950 1759 1971 ca-

301 2000 382 2022 sum
415 1991 503 2036 equi
552 1991 648 2023 male
681 2001 719 2023 se
750 1989 934 2028 habentis,
981 1991 1136 2035 Aurigae
1166 1994 1360 2035 postquam
1391 1988 1534 2028 omnia,
1571 1986 1757 2018 combinas

300 2037 443 2071 scilicet
463 2042 501 2069 et
519 2038 711 2078 cancellos,
727 2037 1006 2082 disposuerunt,
1032 2037 1071 2070 in
1094 2038 1289 2070 armatorio
1309 2039 1469 2068 manent.
1518 2035 1610 2069 Cum
1633 2038 1758 2066 autem

299 2083 440 2128 lignum
463 2089 608 2117 sanctae
631 2085 804 2118 ecclesiae
824 2085 966 2129 signum
989 2083 1110 2125 dedit,
1136 2088 1309 2127 surgunt,
1335 2082 1382 2115 ad
1402 2080 1590 2114 ecclesiam
1618 2079 1758 2113 abeunt

299 2141 343 2162 ac
364 2141 485 2163 cereos
507 2131 728 2174 incendunt,
755 2142 892 2177 eosque
908 2136 1074 2164 tenentes
1119 2130 1275 2163 redeunt
1290 2155 1299 2170 ‚
1318 2129 1430 2174 inque
1453 2128 1587 2166 circum
1609 2138 1647 2159 se
1668 2138 1757 2160 con-

297 2176 457 2211 ferentes
477 2178 635 2219 abeunt,
662 2179 701 2212 in
722 2179 882 2211 oratorio
912 2183 1056 2210 sanctae
1075 2178 1276 2222 Deiparae,
1301 2176 1402 2222 quod
1424 2175 1470 2208 ad
1492 2175 1645 2221 primam
1665 2185 1755 2220 por-

297 2228 374 2258 tam
396 2229 470 2266 est,
495 2227 704 2270 precaturi,
730 2237 803 2272 quo
825 2226 945 2267 facto,
971 2225 1018 2258 ad
1043 2225 1280 2258 armatorium
1309 2223 1467 2257 redeunt
1499 2232 1611 2268 seque
1637 2226 1754 2255 certa-

296 2271 389 2306 mini
415 2278 557 2319 parant.

872 2353 917 2375 nr,
950 2351 1102 2375 vicmo.

391 2409 536 2456 Quodsi
577 2410 772 2455 contigerit
791 2435 801 2452 ‚
832 2411 1090 2443 factionarium
1134 2414 1198 2442 aut
1234 2409 1511 2453 mieropanitem
1543 2411 1752 2453 aegrotare,

297 2460 336 2489 et
355 2455 385 2488 is
410 2467 454 2491 ex
471 2459 619 2504 propria
640 2458 799 2491 factione
819 2459 992 2502 aurigam,
1011 2457 1074 2503 qui
1093 2457 1212 2489 locum
1233 2457 1310 2489 eius
1329 2462 1455 2489 tenere
1475 2460 1609 2501 potest,
1626 2453 1752 2495 habet,

291 2515 433 2548 pagana
461 2505 678 2538 decursione
705 2506 895 2546 instituta,
929 2506 958 2537 si
987 2516 1053 2550 per
1073 2515 1179 2536 omne
1205 2504 1298 2536 illud
1325 2509 1468 2548 tempus
1495 2503 1572 2536 eius
1596 2501 1752 2534 vicarius

290 2551 383 2592 fuit,
406 2563 472 2596 pro
494 2553 645 2598 singulis
670 2553 812 2586 coronis
834 2563 1023 2586 nummum
1048 2550 1302 2584 duodecimum
1328 2551 1398 2596 ipsi
1420 2550 1550 2583 solvit:
1587 2549 1617 2582 si
1635 2549 1675 2581 in
1695 2547 1753 2580 fa-

291 2598 412 2631 ctione
433 2600 586 2641 viccrit,
613 2599 790 2633 iudicium
809 2601 887 2633 eius
913 2599 1003 2640 erit,
1037 2599 1139 2631 euius
1164 2599 1258 2632 vices
1280 2599 1409 2643 gessit:
1449 2597 1478 2629 si
1505 2609 1525 2628 a
1549 2607 1657 2640 scopo
1683 2593 1749 2626 ab·

290 2651 405 2688 errat,
431 2646 570 2694 absque
590 2648 690 2680 luero
711 2647 876 2688 laborat,
903 2653 940 2680 et
963 2647 1013 2686 si,
1040 2646 1126 2678 dum
1147 2646 1176 2678 is
1194 2645 1290 2678 nihil
1309 2645 1404 2690 agit,
1429 2645 1522 2676 alius
1545 2641 1749 2687 ingreditur

289 2704 331 2725 ac
349 2695 594 2738 praemiorum
614 2695 824 2728 certaminis
842 2695 1013 2727 nocturni
1033 2693 1213 2738 particeps
1234 2693 1299 2733 fit,
1320 2704 1428 2738 quam
1447 2691 1625 2730 diximus,
1651 2699 1749 2721 sum-

288 2751 384 2775 mam
403 2743 545 2788 accipit.
596 2743 634 2776 Si
654 2753 740 2779 vero
762 2743 951 2776 victoriam
970 2741 1134 2788 aliquam
1154 2741 1309 2773 vicarius
1332 2739 1592 2786 reportaverit,
1617 2740 1654 2769 et
1678 2735 1749 2768 lm-
