1878 3112
265 141 267 143 ·
326 135 398 174 DE
434 133 690 175 cEmMON.
729 133 907 174 AULAE
941 134 1163 175 ΒΥΖΑΝΤ.
1201 137 1235 176 1.
1263 138 1332 183 93.
1444 117 1558 191 429

134 248 213 275 που
235 228 431 275 Ἰωάννου
459 233 533 276 καὶ
554 235 636 275 τῶν
661 236 816 275 λοιπῶν
842 232 1055 288 ἀρχόντων
1081 235 1163 276 τῶν
1188 233 1392 277 εἰωθότων
1418 237 1554 292 εἷσέρ-
1565 241 1757 288 Edi-249

133 301 291 351 χεσθαι
316 298 376 347 εἷς
404 298 452 340 tei
481 296 668 351 κάθισμα
685 331 698 350 ,
742 297 817 339 καί
840 297 879 338 οἱ
908 294 1028 339 ἄλλοι
1055 293 1256 354 ἄρχοντες
1283 301 1393 342 κάτω
1421 299 1564 343 ἵσταν-

133 377 207 414 το,
258 365 331 405 κατ’
356 364 401 404 έν
425 365 482 418 τῷ
507 362 736 420 σκουταρίῳ
778 363 979 418 ἐφόρεσεν
1006 362 1079 405 τὸν
1103 363 1302 416 μανιάκιν
1327 366 1565 409 ἐπιτεθέντα

137 427 255 484 αὐτῷ
280 426 393 483 παρὰ
421 429 461 469 Γ
457 427 588 469 ωδιλα
616 429 692 468 τοῦ
716 426 1072 483 καμπιδούκτορος
1097 431 1178 470 τῶν
1202 433 1465 485 λαγκιαρίων,
1492 431 1567 473 καὶ

108 487 306 547 5ὗρθιόθη
332 493 591 547 παραχρῆμα
620 491 672 533 τὰ
700 494 818 545 olym
848 490 1015 544 κείμενα
1045 494 1110 534 ἐπ’
1135 493 1319 550 ἐδάφους
1344 493 1467 548 κάτω,
1495 497 1566 538 ἐπὶ

131 557 213 598 τῶν
237 555 435 599 τοιούτων
462 555 780 611 ἅναγορεύσεων
807 557 1053 609 εἰθισμένον.
1110 557 1188 599 οὔκ
1213 559 1404 613 εἰσῆλθεν
1431 561 1478 601 δὲ
1499 555 1565 610 ἐἷς

131 618 206 662 τὸν
226 623 444 676 τρίκλινον,
474 620 547 662 καί
572 616 745 676 ἤλλαξεν
754 653 767 673 ,
798 617 902 662 ἇλλιὶ
933 623 1132 676 ἐποίησαν
1156 623 1344 677 χελώνην
1372 622 1411 666 οἱ
1438 641 1564 679 στρα-

129 686 292 739 τιῶται,
318 684 393 726 κατ’
412 686 504 727 ἐκεῖ
526 685 765 738 ἐνεδύσατο,
792 685 866 727 κατ’
888 684 958 728 τὸν
987 688 1191 742 στέφανον
1217 687 1419 743 ἐπέθηκεν
1446 690 1564 747 αὐτῷ

131 747 155 790 o‘
179 751 408 803 ἐπίσκοπος,
436 752 509 792 κατ’
534 750 735 806 ἐκράτησε
761 753 947 805 λαγκίδιν
973 752 1047 793 κατ’
1070 751 1310 807 σκουτᾰριν,
1338 752 1413 795 καὶ
1438 751 1564 809 ἆνῆλω

83 816 226 867 moer,
250 814 324 856 ’καί
353 813 529 870 ἔκραξαν
565 815 734 864 πάντες·
792 815 1011 869 „vove-rm
1053 810 1273 871 αὔγουστε,
1312 817 1364 859 σύ
1407 822 1570 876 νικᾷς.”,

133 877 207 920 καὶ
230 876 547 934 προσεφώνησεν
582 881 641 936 τῷ
668 878 805 937 δήμῳ,
851 881 1108 929 ἐπιδοθέντος
1134 877 1247 937 αὖτῷ
1269 884 1342 923 τοῦ
1368 886 1561 936 λιβελλα-

134 945 252 999 ρίου,
295 942 398 985 ἔνθα
428 943 500 986 κατ’
525 944 729 998 ὑπέσχετο
756 945 897 992 αὐτοῖς
933 944 1258 1001 κατασκουτάριν
1293 949 1412 988 πέντε
1445 951 1753 1001 νομί-ΜΜδῚ-Ι)

134 1025 274 1062 σματα
300 1011 375 1051 καί
396 1010 543 1064 λίτραν
566 1005 765 1063 ἀργύρου.
791 1006 837 1050 τὸ
862 1009 909 1050 δὲ
934 1007 1190 1064 λιβελλάριον
1219 1006 1454 1068 ἀνεγνώσθη
1482 1030 1563 1054 πα-
1579 1020 1607 1053 Β

134 1071 190 1128 ρὰ
217 1073 506 1128 λιβελλησάυν,
553 1072 696 1127 ἐπειδὴ
736 1069 828 1115 οὔτε
863 1075 1072 1129 κυαίστωρ
1100 1074 1256 1130 εὑρέθη
1294 1078 1368 1117 κατ’
1392 1076 1416 1117 ὅ
1441 1076 1562 1132 μάγε-

85 1145 254 1192 ι5στρος
277 1139 413 1193 Κέλερ
443 1136 514 1179 διὰ
546 1137 621 1193 τὴν
648 1140 867 1192 γενομένην
893 1137 1084 1193 ταραχήν
1111 1138 1180 1180 διὰ
1203 1139 1302 1188 τούς
1325 1141 1457 1190 πόδας
1484 1143 1563 1183 αὖ-

130 1203 208 1244 rofi
233 1202 308 1244 οὔκ
337 1199 525 1259 ἠδυνήθη
546 1203 785 1258 εὑρεθῆναι,
815 1200 920 1244 ἀλλὰ
948 1202 1048 1258 πρὸς
1066 1202 1143 1258 τήν
1169 1201 1286 1257 ὥραν
1313 1201 1561 1262 ἀπελείφθη.

130 1265 219 1321 ἔχει
245 1268 292 1309 δὲ
317 1267 344 1322 ἦ
369 1268 661 1323 προσφώνησις
683 1266 829 1318 οὕτως.
883 1268 1154 1324 αὐτοκράτωρ
1184 1272 1357 1325 Καῖσαρ
1387 1271 1563 1314 Ἰουστῖ-

130 1346 200 1381 νος
254 1331 419 1387 νικητῆς
458 1329 526 1374 ἀεὶ
570 1333 795 1385 σεβαστός·
861 1336 940 1390 ,,τῇ
976 1335 1052 1375 τοῦ
1092 1334 1406 1388 παντοδυνάμου
1449 1338 1563 1378 Θεοῦ

131 1398 278 1451 κρίσει,
320 1399 370 1454 τῇ
399 1413 445 1439 τε
471 1395 651 1455 ὑμετέρᾳ
678 1400 795 1454 κοινῇ
823 1400 970 1455 ἐκλογῇ
1005 1398 1110 1453 πρὸς
1135 1397 1210 1454 τὴν
1235 1403 1449 1452 βασιλείαν
1473 1418 1562 1454 χω-

79 1460 343 1517 αορήσαντες,
370 1460 443 1517 τὴν
470 1461 660 1516 οὐράνιον
687 1461 884 1517 πρόνοιαν
909 1462 1254 1515 ε’πικαλούμεθα.”
1307 1463 1422 1519 παρὰ
1453 1465 1560 1506 πάν-

130 1541 213 1567 των
238 1525 418 1580 ἐβοήθη·
471 1522 669 1582 ,,ἆ’φθονα
694 1528 748 1583 τῇ
775 1528 1019 1584 οἰκουμένῃ·
1065 1526 1122 1575 ὥς
1146 1525 1312 1582 ἔζησας,
1343 1526 1451 1571 οὕτω
1478 1533 1559 1583 βα-

222 1636 253 1681 4,
277 1637 430 1673 ZXOA.
453 1637 528 1671 τῶν
550 1637 772 1682 λογχαρίων.

130 1735 195 1768 bat
217 1735 268 1768 ita
295 1745 342 1768 ue
365 1736 522 1769 Iustinus
547 1738 587 1769 in
602 1735 797 1776 cathisma,
822 1748 941 1771 secum
964 1737 1099 1771 habens
1123 1737 1431 1786 archiepiscopum
1452 1740 1559 1775 Ioan-

130 1792 213 1816 nem
235 1793 254 1814 r
290 1782 466 1827 iquosque
500 1794 685 1827 proceres,
718 1783 850 1828 quibus
878 1784 1017 1829 ingredi
1041 1785 1215 1818 cathisma
1238 1787 1291 1819 fas
1320 1793 1357 1820 et
1384 1798 1459 1820 mos
1483 1793 1557 1830 est;

129 1827 263 1872 reliqui
281 1833 402 1860 autem
422 1839 584 1872 proceres
602 1829 694 1862 infra
718 1830 950 1870 restitabant3
977 1829 1062 1864 dein
1086 1831 1289 1876 recipiebat
1305 1838 1401 1866 stans
1421 1834 1458 1866 in
1474 1846 1558 1867 scu-

128 1876 168 1906 to
202 1877 369 1918 torquem
401 1885 423 1906 a
461 1873 611 1915 Godssa,
645 1875 907 1920 campiductore
931 1876 1190 1910 lanceariorum
1222 1878 1293 1911 sibi
1334 1879 1557 1923 impositum,

128 1917 212 1963 Quo
235 1918 328 1952 sacto
377 1920 514 1953 rotinus
536 1920 763 1965 erigebantur
793 1923 905 1967 signa,
931 1933 1023 1968 quae
1047 1922 1218 1957 hactenus
1237 1923 1341 1957 humi
1364 1924 1558 1966 iacuerunt,

129 1929 426 2018 quemadmod’um
457 1965 495 1998 in
535 1967 669 2000 talibus
699 1968 1031 2012 inaugurationibus
1063 1969 1140 2004 fieri
1173 1970 1277 2003 solet.
1332 1970 1415 2004 Non
1436 1978 1558 2005 autem

129 2010 288 2044 mtrabat
314 2011 429 2056 (quod
446 2012 508 2045 alii
527 2013 645 2046 facere
660 2015 952 2055 consueverunt),
976 2015 1013 2047 in
1032 2015 1230 2048 triclinium
1254 2017 1418 2050 mutandi
1441 2019 1556 2051 vesti-

129 2057 333 2101 tus'gratia3
368 2056 432 2090 sed
463 2059 597 2092 milites
630 2059 850 2093 testudinem
880 2061 972 2093 circa
1000 2061 1116 2105 ipsum
1136 2063 1245 2095 scutis
1277 2062 1349 2095 suis
1382 2063 1555 2098 facientes

130 2102 323 2147 cingebant
345 2113 446 2143 eum,
479 2110 516 2138 et
545 2105 610 2138 sub
639 2104 708 2140 hoc
732 2107 887 2150 tegmine
907 2106 1082 2140 induebat
1103 2108 1261 2141 Iustinus
1284 2107 1442 2152 schema3
1467 2109 1554 2143 dein

132 2148 340 2191 imponebat
366 2149 436 2193 ipsi
474 2151 660 2195 episcopus
686 2150 755 2197 [vel
782 2153 992 2200 patriarcha]
1018 2164 1210 2196 coronam3
1234 2155 1304 2198 ipsi
1324 2165 1433 2188 manu
1457 2157 1555 2189 acci-

129 2193 256 2237 piebat
276 2194 433 2227 lanceam
458 2202 495 2229 et
516 2202 674 2238 scutum,
707 2203 744 2231 et
766 2198 982 2232 ascendebat
1007 2200 1074 2243 [in
1110 2199 1283 2233 cathisma
1304 2199 1374 2233 hoc
1395 2201 1553 2249 babitu]‚

132 2243 171 2271 et
201 2244 276 2273 tum
299 2240 499 2276 clamabant
531 2253 677 2276 omnes:
714 2244 858 2278 Iuniae
881 2247 1051 2292 Auguste,
1072 2253 1112 2278 tu
1135 2246 1281 2283 vincas.
1327 2246 1554 2281 Tradebatur

131 2283 201 2328 ipsi
224 2295 328 2328 porro
351 2285 497 2320 libellus
512 2312 523 2328 ‚
561 2290 599 2321 in
624 2300 696 2334 quo
721 2292 915 2335 perscripta
947 2297 1022 2324 erat
1047 2292 1123 2324 eius
1147 2291 1194 2324 ad
1216 2292 1349 2325 milites
1374 2298 1411 2326 et
1433 2305 1553 2338 popu-

130 2329 205 2361 lum
231 2330 421 2372 allocutio,
453 2339 491 2366 et
514 2345 585 2379 qua
618 2335 764 2368 illorum
789 2337 939 2382 singulis
962 2338 1069 2370 scutis
1095 2336 1154 2381 [id
1178 2343 1232 2371 est
1263 2337 1349 2371 viris
1382 2339 1552 2385 scutatis]

132 2375 261 2421 quinos
286 2387 410 2410 aureos
434 2390 596 2413 nummos
622 2386 658 2414 et
688 2382 842 2426 singulas
875 2383 973 2415 liu-as
998 2384 1135 2427 argenti
1159 2384 1403 2427 promittebat.
1451 2386 1553 2418 Hanc

131 2420 384 2454 allocutionem
415 2434 436 2456 e
467 2427 599 2470 scripto
636 2427 837 2461 recitabant
858 2428 1088 2469 libellenses,
1114 2429 1407 2475 quandoquidem
1432 2441 1551 2475 neque

132 2471 298 2510 quaestor
328 2467 467 2508 aderat,
490 2482 608 2517 neque
631 2472 736 2505 Celer
757 2475 924 2518 magister
946 2474 994 2507 ob
1019 2476 1243 2508 articularem
1269 2475 1433 2508 morbum
1447 2500 1456 2515 ,
1482 2475 1548 2520 qui

129 2510 284 2555 pedibus
308 2513 386 2546 eius
406 2514 543 2550 interea
567 2525 841 2562 supervenerat,
869 2518 993 2553 adesse
1015 2526 1171 2565 poterat,
1196 2520 1260 2554 sed
1285 2532 1351 2565 pro
1370 2522 1434 2553 illo
1458 2522 1546 2565 qui-

131 2555 211 2589 dem
245 2559 414 2602 temporis
444 2562 594 2596 articulo
630 2563 911 2598 desiderabatur.
976 2566 1096 2600 Habet
1130 2571 1250 2599 autem
1283 2567 1452 2599 allocutio
1485 2567 1549 2604 sic,

127 2603 324 2646 Imperator
359 2603 488 2637 Caesar
523 2608 681 2642 lustinus
719 2611 832 2644 victor
865 2621 1005 2656 semper
1038 2612 1239 2655 Augustus:
1288 2613 1550 2657 Omnipotemis

130 2648 200 2682 Dei
233 2647 376 2684 decr-eto
398 2650 608 2700 delectuque
631 2663 666 2689 et
688 2663 812 2690 vestra
844 2659 1022 2693 communi
1044 2658 1220 2694 electione
1244 2665 1351 2703 atque
1376 2657 1551 2704 suffiagio
