1832 3112
254 98 330 154 68
546 113 907 158 CONSTANTJNI
950 111 1438 159 PORPHYROGENm

250 218 371 278 σίτῳ,
399 217 587 269 κάκεῖνος
615 219 738 272 λέγει·
809 213 1107 270 ,,κελευ’σατε.”
1172 217 1305 261 αὗταί
1330 221 1378 263 δὲ
1405 217 1454 261 τὸ
1495 221 1585 273 „dg
1610 223 1712 263 πολ-

252 285 352 336 λούς
379 287 452 328 καί
480 281 667 339 ἀγαθοὺς
693 281 925 338 χρόνους,”
954 282 1028 324 καί
1053 284 1308 340 ἐξέρχονται.
1363 286 1582 328 ‹ivae-caua
1610 287 1656 328 δὲ
1683 287 1711 343 ἧ

252 349 490 408 αὖγοῦστα,
528 351 763 405 εἰσέρχεται
792 350 838 390 ἐν
874 349 933 406 τῷ
959 350 1214 409 μητατωρίῳ
1243 350 1351 406 μετά
1380 353 1462 394 τῶν
1492 353 1709 395 οἰκειακαῖν

164 471 169 475 η
252 419 382 476 αὗτῆς
411 413 788 472 κουβικουλαριὶυν,
819 414 857 457 οἱ
886 416 934 456 δὲ
958 415 1099 458 λοιποὶ
1123 419 1199 459 τοῦ
1227 420 1526 473 κουβουκλείου
1556 420 1708 475 κατέρ-
1750 441 1753 445 ·

220 500 407 542 οχονται
433 485 492 533 εἷς
519 480 592 524 τὸν
619 483 810 536 βασιλέα.
881 483 972 540 (H.)
1003 484 1099 524 Καὶ
1133 482 1313 534 ἀναστὰς
1341 483 1362 526 ὅ
1391 484 1593 538 βασιλευς
1617 482 1733 533 άπὸὅ

250 554 326 596 τοῦ
353 550 564 607 κράματος
578 581 591 602 ,
633 548 927 605 περιβάλλεται
954 547 1024 591 τὸν
1053 550 1190 606 λῶρον
1218 548 1289 592 διὰ
1326 553 1411 594 τῶν
1437 551 1705 608 βεστιτόρων,

251 619 325 660 καὶ
350 613 550 666 κελεύσας
579 616 637 672 τῷ
665 613 953 674 πραιποσίτῳ,
997 619 1295 671 προσκαλεῖται
1323 615 1394 660 τὸν
1420 619 1702 675 πατριάρχην,

249 686 324 728 καί
350 683 427 725 τοῦ
455 679 721 738 πατριάρχου
751 680 954 735 ἐλθόντος,
982 684 1287 738 προσκυνοῦσιν
1314 679 1547 741 ἀμφότεροι
1574 681 1704 740 άλλή-

250 755 350 801 λους
378 745 415 804 ὅ,
434 765 479 791 τε
507 746 707 802 βασιλευς
744 747 818 789 καί
853 746 875 789 ὃ
905 745 1192 804 πατριάρχης,
1237 750 1310 792 καὶ
1350 751 1592 807 διέρχονται
1628 749 1699 793 διά

247 820 324 862 τοῦ
349 814 583 874 τρικλίνου,
626 817 672 858 ἐν
700 808 732 872 ᾧ
762 813 1044 870 ἑκραμάτισε,
1088 814 1162 856 καί
1185 815 1423 869 μελλόντων
1450 817 1754 874 ἐξέρχεσθαιιο

247 886 295 927 ἐν
322 886 380 941 τῷ
420 883 523 940 ἁγίῳ
554 883 730 938 φρέατι,
775 881 945 923 ἵσταται
975 877 996 922 ὃ
1021 879 1223 936 βασιλεύς
1261 883 1307 924 ἐν
1348 884 1401 940 τῇ
1441 885 1552 940 πύλῃ
1591 882 1699 938 μετὰ

247 950 326 993 τοῦ
353 948 642 1005 πατριάρχου,
683 944 779 989 ὅδὲ
816 944 1095 1002 πραιπόσιτος
1122 945 1195 988 καὶ
1230 944 1251 988 ὃ
1294 942 1475 1006 ἄργυρος
1512 951 1699 994 ἵστανται

245 1014 326 1072 ἔξω
355 1017 430 1071 τῆς
459 1012 591 1070 αὖτῆς
612 1014 771 1070 θύρας,
817 1014 891 1054 καί
919 1012 970 1068 δὴ
1001 1011 1072 1055 διὰ
1101 1011 1246 1070 χειρὸς
1272 1016 1351 1056 τοῦ
1374 1013 1559 1072 ἀργύρου
1588 1020 1698 1070 λαμ-

243 1086 368 1141 βάνει
386 1082 409 1124 ὅ
438 1077 711 1138 πραιπόσιτος
737 1078 791 1121 τά
817 1080 961 1135 χρυσᾶ
980 1079 1251 1134 βαλαντίδια,
1289 1079 1363 1123 καὶ
1387 1081 1609 1124 ἐπιδίδωσι
1635 1084 1696 1141 τῷ
1816 1098 1832 1130 «4

245 1154 435 1206 βασιλεῖ,
473 1145 546 1188 καί
572 1146 595 1188 ὅ
623 1144 825 1200 βασιλευς
851 1145 1002 1188 δίδωσι
1027 1151 1116 1194 τοῖς
1141 1147 1343 1200 μέλλουσι
1369 1148 1502 1189 ταῦτα
1530 1148 1748 1203 λαμβά-ι5

244 1232 343 1270 νειν,
385 1213 604 1270 κράζοντος
633 1211 823 1267 δηλονότι
851 1214 927 1254 τοῦ
956 1209 1144 1268 ἀργύρου
1181 1213 1271 1270 ,,τῴ’
1300 1209 1321 1254 ὃ
1353 1213 1470 1255 δεῖνα
1498 1213 1694 1256 δεσπόται
1824 1223 1832 1260 i

211 1282 448 1338 Ddya3012³’
503 1277 609 1322 εἰσίν
636 1280 684 1322 δὲ
715 1277 753 1320 οἱ
781 1277 1066 1333 λαμβάνοντες
1093 1276 1253 1333 ταύτην
1282 1277 1359 1333 τὴν
1386 1279 1628 1336 εὕεργεσίαν
1655 1277 1691 1335 ὅ,
1827 1282 1832 1284 ’

243 1365 290 1392 τε
322 1345 613 1404 ἄρχιδιάκονος
639 1343 711 1387 καί
735 1342 774 1386 οἱ
811 1343 1013 1399 ὄστιάριοι
1038 1343 1112 1386 καί
1139 1344 1177 1386 οἱ
1206 1343 1368 1399 ψάλται
1391 1347 1466 1388 καί
1491 1345 1531 1388 οἱ
1558 1363 1692 1403 προσ·-

242 1413 459 1471 μονάριοι,
506 1411 578 1455 καί
599 1408 680 1454 εἶθ’
706 1407 839 1462 οὕτως
867 1412 1126 1467 εἰσέρχονται
1154 1410 1273 1453 ἔνδον
1299 1414 1373 1467 τῆς
1400 1412 1590 1468 κορτίνας
1615 1415 1690 1470 τῆς

241 1481 503 1539 κρεμαμένης
529 1481 574 1521 ἐν
601 1479 659 1537 τῷ
687 1479 791 1534 ἁγίῳ
821 1479 988 1534 φρέατι.
1043 1475 1064 1519 ὅ
1096 1478 1143 1519 δὲ
1171 1477 1447 1534 πραιπόσιτος
1472 1478 1615 1533 λαβών
1642 1478 1743 1523 τὸαο

239 1549 431 1602 στέμμα,
462 1546 683 1588 ἐπιδίδωσι
708 1547 768 1602 τῷ
796 1543 1061 1601 πατριάρχῃ,
1100 1542 1173 1585 καί
1196 1545 1342 1599 στέφει
1370 1543 1391 1586 ὅ
1420 1544 1687 1602 πατριάρχης

239 1612 314 1657 τὸν
341 1613 533 1667 βασιλέα,
561 1610 634 1652 καί
659 1610 915 1659 ἐπιδιδοντος
941 1611 1017 1652 τοῦ
1047 1610 1307 1665 πατριάρχου
1336 1611 1392 1668 τῷ
1415 1611 1581 1670 μεγάλῳ
1604 1616 1686 1666 βα-

239 1683 354 1722 σιλεῖ’
377 1676 580 1733 εὐλογίας,
598 1675 754 1730 ὁμοίως
778 1674 850 1719 καί
875 1677 933 1733 τῷ
954 1677 1104 1733 μικρῷ,
1132 1673 1272 1729 λαβών
1292 1674 1317 1716 ὅ
1345 1674 1543 1730 βασιλεὺς
1569 1676 1684 1734 παρὰ

238 1746 315 1789 τοῦ
342 1744 616 1802 πραιποσίτου
649 1737 933 1796 οἷποκόμβιον,
975 1737 1188 1784 άντιδιδοῖ
1206 1742 1264 1798 τῷ
1287 1740 1551 1800 πατριάρχῃ,
1581 1741 1603 1785 ὅ
1634 1745 1682 1788 δὲ

1807 857 1822 915 ἒ

333 1869 364 1903 7.
390 1855 606 1904 προσκαλεῖ
628 1854 683 1889 ed.
776 1866 811 1901 9.
836 1853 858 1888 ὁ
884 1852 924 1888 δὲ
945 1855 1029 1898 βασ.
1054 1851 1108 1887 ed.
1185 1854 1239 1890 16.
1263 1852 1315 1899 τῷ
1337 1851 1358 1888 ὁ
1385 1853 1438 1895 R„
1460 1845 1502 1888 τὸ
1531 1853 1551 1890 ὁ
1578 1856 1633 1891 ed.

237 1965 429 2006 postquam
453 1958 499 1993 ab
527 1959 681 2004 Augusta
707 1958 869 1992 osculum
890 1958 989 2002 pacis
1014 1962 1255 2001 acceperunt,
1292 1968 1333 1990 ea
1359 1957 1498 2002 signum
1524 1970 1679 2004 praepo-

236 2008 309 2040 sito
332 2007 420 2047 dat,
453 2006 518 2051 qui
555 2006 668 2039 dicit:
707 2017 842 2040 maura.
896 2006 1017 2049 Ipsae:
1057 2005 1098 2037 in
1129 2005 1244 2050 longa
1274 2015 1320 2037 ac
1341 2004 1483 2051 Ιἷὲίιῖείι
1513 2014 1677 2052 tempora

235 2053 339 2088 Deus
365 2058 432 2085 ete.
458 2063 541 2086 mox
574 2053 721 2085 abeunt.
778 2052 874 2084 Dein
903 2051 1063 2096 Augusta
1095 2051 1231 2094 surgit,
1265 2055 1302 2083 et
1339 2051 1568 2085 metatoriam
1595 2065 1676 2088 cum

235 2100 311 2134 suis
335 2098 568 2132 cubiculariis
593 2098 812 2144 ingreditur,
841 2098 951 2131 ceteri
970 2108 1053 2130 vero
1081 2097 1239 2130 cubiculi
1265 2097 1423 2131 ministri
1451 2098 1496 2132 ad
1514 2099 1675 2144 Impera·—

233 2152 351 2180 torem
376 2145 566 2182 accedunt.
613 2145 738 2190 (VIII.)
763 2144 838 2190 Qui
873 2150 1061 2189 postquam
1088 2155 1107 2176 e
1139 2144 1302 2178 convivio
1333 2143 1517 2187 discessit,
1553 2146 1631 2181 loro
1653 2158 1674 2180 a

231 2193 469 2228 vestitui-ibus
504 2191 691 2233 induitur,
725 2196 762 2225 et
790 2191 1036 2236 praepositum
1069 2189 1309 2234 patriarcham
1342 2191 1516 2226 advocare
1556 2193 1673 2235 iubet,

233 2241 299 2286 qui
319 2246 511 2286 postquam
539 2239 710 2280 advenit,
745 2249 784 2271 se
819 2239 973 2272 invicem
999 2238 1178 2279 salutant,
1209 2242 1246 2271 et
1274 2249 1338 2283 per
1366 2238 1590 2280 triclinium,
1632 2241 1674 2274 in

233 2289 308 2334 quo
345 2287 551 2322 convivium
587 2291 705 2319 actum
731 2285 870 2326 fuerat,
902 2284 949 2318 ad
978 2295 1116 2317 sacrum
1154 2290 1305 2329 puteum
1337 2285 1596 2330 egrediuntur,
1631 2287 1672 2320 in

231 2334 335 2368 cuius
363 2339 467 2378 porta
501 2334 696 2377 imperator
728 2336 765 2365 et
795 2330 1019 2376 patriarcha,
1066 2337 1165 2365 extra
1193 2337 1339 2376 —portam
1373 2333 1601 2377 praepositus
1635 2338 1674 2367 et

232 2382 465 2425 argentarius,
490 2385 597 2414 stant.
638 2380 742 2413 Tunc
761 2379 987 2424 praepositus
1010 2389 1193 2411 crumenas
1220 2390 1305 2411 auro
1325 2378 1452 2423 plenas
1479 2390 1522 2412 ex
1543 2390 1671 2424 argen-

230 2428 317 2464 tarii
342 2438 449 2462 manu
475 2428 603 2467 sumit,
642 2432 680 2460 et
705 2426 942 2471 imperatori,
976 2423 1037 2458 hic
1061 2426 1126 2465 iis,
1163 2424 1296 2470 quibus
1327 2436 1478 2459 munera
1500 2424 1671 2461 distribui

229 2475 371 2516 solent,
405 2475 537 2516 tradit,
573 2473 751 2506 clamante
785 2472 924 2506 interea
958 2471 1182 2517 argentario:
1226 2483 1260 2508 u.
1286 2483 1414 2505 nomm
1450 2484 1542 2506 nom.
1591 2472 1670 2508 Hoc

230 2527 353 2555 autem
379 2532 509 2556 munus
538 2519 832 2560 archidiaconus,
867 2518 1030 2560 ostiarii,
1069 2518 1206 2563 psaltae
1234 2523 1271 2551 et
1300 2517 1466 2552 custodes
1495 2519 1668 2554 ecclesiae

229 2569 430 2613 accipiunt.
477 2569 603 2602 Postea
628 2566 804 2600 cortinam
836 2566 876 2599 in
905 2576 1003 2599 sacro
1031 2571 1142 2610 puteo
1171 2573 1380 2610 suspensam
1408 2566 1567 2606 intrant,
1601 2565 1667 2599 ubi

227 2615 458 2660 praepositus
479 2625 644 2648 coronam
673 2614 808 2652 sumit,
837 2623 988 2658 eamque
1014 2610 1237 2656 patriarchae
1257 2613 1391 2653 tradit,
1426 2610 1487 2646 hic
1506 2613 1667 2658 Impera-

229 2662 300 2695 tori
322 2662 501 2705 imponit,
525 2667 563 2694 et
584 2671 714 2706 panem
732 2658 962 2693 benedictum
984 2659 1110 2703 magno
1137 2669 1253 2703 aeque
1283 2669 1326 2692 ac
1351 2658 1484 2694 minori
1506 2660 1666 2704 Impera-

229 2709 301 2742 tori
322 2707 441 2742 tradit.
480 2709 679 2754 Imperator
694 2717 759 2752 pro
776 2706 823 2741 iis
842 2705 1094 2752 apocombium
1109 2716 1130 2739 a
1150 2706 1358 2753 praeposito
1385 2705 1533 2740 allatum
1550 2705 1665 2754 patri-
