1884 3112
378 137 451 178 nr„
486 133 746 179 cnnmols.
786 132 965 174 AULAE
1001 129 1227 174 amm.
1260 133 1294 175 1.
1326 134 1392 178 1&
1505 110 1607 167 1¹3

172 239 392 281 καλοῦνται
418 235 493 280 τὸν
519 233 798 291 πατριάρχην,
826 233 900 276 καὶ
925 229 1148 289 ἀνέρχεται
1170 231 1240 276 διὰ
1269 233 1347 275 τοῦ
1373 231 1510 275 adrosa·
1533 241 1639 275 ato-8

170 305 320 358 χλιοῦ,
359 301 436 344 καὶ
462 300 642 344 διελθών
671 299 743 341 διὰ
772 302 856 341 τῶν
892 297 1257 353 κατηχουμενίων,
1297 298 1525 352 ἀπέρχεται
1564 297 1612 339 ἐν

172 369 232 427 τῷ
259 364 434 422 συνήθει
461 366 587 423 τόπῳ,
615 365 719 407 ἔνθα
745 364 818 406 καί
843 362 888 406 τὸ
917 363 1164 416 ἀντιμίσιον,
1192 364 1266 404 καί
1282 368 1475 404 κοινωνεῖ
1488 361 1509 403 ὅ
1531 363 1612 415 βα-

174 431 317 482 σιλεῦς
342 433 389 474 ἐκ
415 433 499 474 τῶν
523 432 602 473 τοῦ
626 429 887 485 πατριάρχου
915 430 1084 484 χειρῶν,
1111 426 1186 469 καί
1209 424 1290 469 εἶθ’
1321 423 1452 477 οῦτως
1480 426 1612 483 ἀπέρ-

147 503 295 553 ὄχεται
322 496 347 540 ὅ
373 494 657 552 πατριάρχης,
699 497 771 536 καί
809 496 998 536 ἵστανται
1026 495 1071 536 ἐν
1096 495 1153 550 τῷ
1190 492 1407 551 ἅντιμισίῳ
1434 494 1493 550 τῷ
1521 486 1612 535 ὄντι

174 561 370 607 ἀπέναντι
395 564 467 618 τῆς
491 560 636 616 πύλης,
666 562 711 603 ἐν
738 554 772 618 ᾧ
799 557 952 616 ἆριστᾷ
976 561 1027 615 τῇ
1054 558 1167 616 αὐτῇ
1192 556 1328 616 ἡμέρᾳ
1356 555 1377 599 ὅ
1400 558 1611 612 βασιλεὺς,

174 630 250 672 καὶ
272 629 541 671 κοινωνοῦσιν
567 628 702 668 ἐκεῖσε
732 624 770 668 οἱ
798 625 993 681 συνήθεις
1020 619 1240 680 ἄρχοντες,
1267 623 1342 666 καί
1366 622 1448 667 εἶθ’*
1475 621 1611 674 οὕτως

174 697 421 751 κατέρχεται
462 692 484 735 ὅ
528 692 793 748 πατριάρχης
827 690 934 747 πρὸς
960 689 1007 732 τὸ
1035 692 1244 733 ἐκτελέσαι
1271 689 1348 745 την
1374 689 1498 732 θείαν
1523 693 1611 731 λει-

171 758 392 815 τουργίαν.
446 757 468 800 ὅ
497 759 543 800 δὲ
569 756 770 812 βασιλεῦς
797 757 1025 812 ἀπέρχεται
1052 754 1123 798 διὰ
1150 758 1229 797 τοῦ
1254 755 1477 811 τρικλίνου,
1504 756 1550 798 ἐν
1576 748 1611 813 ᾧ

126 821 350 882 ιοᾶριστᾷ,
378 824 450 867 καί
475 825 706 879 εἰσέρχεται
732 824 779 864 ἐν
804 823 862 878 τῷ
886 824 1048 863 κοιτῶνι
1077 817 1218 863 αὗτοῦ.
1271 823 1534 876 τελεσθείσης
1562 823 1612 864 δὲ

174 892 250 946 τῆς
274 891 396 941 θείας
422 887 700 944 λειτουργίας,
748 888 1068 930 ἀποστέλλονται
1095 886 1363 942 σιλεντιάριοι
1389 885 1507 942 παρὰ
1535 889 1611 930 τοῦ

174 957 450 1011 πραιποσίτου
480 953 560 996 ἀπὸ
585 952 821 1005 κελεύσεως,
849 951 923 994 καὶ
946 954 1279 1007 προσκαλοῦνται
1303 950 1376 994 τὸν
1403 950 1646 1008 naretulo-c

176 1037 271 1076 χην.
327 1019 349 1063 ὅ
379 1021 428 1062 δὲ
454 1019 715 1076 πατριάρχης
744 1014 991 1074 ἀνέρχεται,
1019 1018 1298 1074 κρατούμενος
1325 1014 1406 1059 ὑπὸ
1435 1020 1520 1059 τῶν
1546 1034 1613 1060 σι-

176 1085 443 1142 λεντιαρίων,
474 1083 546 1126 διὰ
574 1087 651 1127 τοῦ
678 1086 978 1139 προειρημένου
1007 1085 1176 1137 κοχλιοῦ
1202 1082 1275 1125 καί
1301 1084 1537 1137 εἰσέρχεται
1566 1084 1613 1126 ἐν

126 1156 260 1203 ι5τοῖς
279 1149 635 1207 κατηχουμενίοις,
658 1149 822 1192 κάκεῖσε
843 1148 993 1205 μικρὸν
1013 1152 1350 1204 προσμείναντος,
1374 1150 1616 1205 εἰσέρχεται

176 1217 202 1260 ὅ
223 1216 490 1275 πραιπόσιτος
510 1214 583 1259 καί
597 1217 721 1272 δηλοῖ
733 1218 788 1274 τῷ
807 1218 984 1270 βασιλεῖ,
1005 1214 1079 1257 καί
1092 1213 1232 1270 λαβὼν
1251 1217 1383 1269 νεῦμα
1401 1213 1515 1272 παρὰ
1536 1217 1614 1258 τοῦ

174 1283 392 1339 βασιλέως,
415 1283 628 1338 ἐξέρχεται
644 1280 752 1335 μετὰ
772 1281 854 1323 τῶν
874 1278 1091 1337 ἀρχόντων
1109 1282 1186 1322 τοῦ
1204 1283 1513 1335 κουβουκλείου,
1540 1280 1616 1324 καὶ

174 1350 506 1405 προσκαλοῦνται
532 1346 607 1389 τὸν
633 1348 892 1403 πατριάρχην
905 1380 919 1400 ,
962 1347 1036 1388 καί
1074 1343 1238 1389 ἑνοῦται
1265 1348 1326 1405 τῷ
1364 1350 1537 1402 βασιλεῖ’
1567 1349 1613 1390 ἐν

175 1416 234 1473 τῷ
259 1414 476 1471 τρικλίνῳ,
503 1414 550 1455 ἐν
577 1407 610 1471 ᾧ
638 1412 711 1455 καί
735 1410 783 1454 τὸ
811 1409 1049 1468 κλητώριον,
1066 1411 1339 1467 ἡτοίμασται,
1377 1412 1451 1455 καί
1475 1411 1612 1455 εἰπόν-

124 1495 261 1529 ,οτων
284 1476 358 1522 τὸν
383 1479 539 1533 στίχον,
566 1479 838 1535 ὑπεξέρχεται
862 1476 1013 1534 μικρὸν
1040 1475 1062 1518 ὃ
1091 1478 1356 1533 πατριάρχης
1373 1480 1446 1520 καί
1463 1478 1615 1531 ἐκβάλ-

176 1544 242 1588 λει
267 1543 316 1586 τὸ
345 1543 584 1601 ὤμοφόριον
612 1542 767 1597 αὑτοῦ,
813 1542 1016 1593 ὡσαύτως
1051 1545 1124 1584 καί
1150 1541 1171 1583 ὅ
1199 1542 1398 1597 βασιλεῦς
1424 1546 1615 1598 ἐκβάλλει

177 1608 225 1652 τὸ
262 1610 407 1664 σαγίον
447 1607 605 1652 αὑτοῦ.
658 1609 732 1651 καὶ
767 1610 1017 1660 καθέζονται
1045 1607 1275 1664 ἀμφότεροι
1303 1611 1349 1651 ἐν
1376 1611 1433 1667 τῷ
1461 1613 1616 1666 κλητω-

179 1673 257 1732 ρίῳ
272 1706 286 1728 ,
313 1675 386 1716 καὶ
410 1672 587 1717 πιόντων
613 1672 715 1731 πρὸς
742 1671 872 1727 ἅπαξ,
901 1675 1159 1733 εἰσέρχονται
1188 1671 1227 1714 οἱ
1256 1673 1392 1730 φίλοι,
1431 1674 1505 1716 καὶ
1529 1673 1611 1718 εἶθ’
1624 1687 1658 1720 Ι)

180 1736 317 1789 οὕτως
351 1740 614 1796 εἰσέρχονται
651 1741 725 1782 καὶ
764 1739 804 1781 οἱ
845 1741 928 1781 τῶν
966 1739 1213 1796 ἀμφοτέρων
1250 1742 1391 1796 μερῶν
1425 1743 1618 1797 δημῶται

272 1858 306 1893 5.
329 1857 478 1891 ἵσταται
503 1857 582 1893 cod.
675 1858 707 1893 8.
731 1856 872 1893 VerBa:
908 1855 929 1892 ὀ
966 1854 1202 1905 πατριάρχης
1233 1876 1275 1883 ·-
1308 1858 1373 1891 καὶ
1406 1859 1617 1906 εἰσέρχεται

272 1903 406 1938 absunt
427 1904 473 1938 ab
500 1903 556 1938 ed.

180 2014 336 2052 suetum,
360 2009 426 2044 uhi
448 2011 703 2045 antimensium
721 2013 918 2057 repositum
942 2017 1010 2054 est,
1037 2012 1225 2059 procedit,
1258 2013 1324 2048 nbi
1347 2026 1367 2049 e
1388 2013 1616 2061 patriarchae

181 2057 350 2090 manibus
363 2058 561 2103 Imperator
575 2060 829 2100 communicat,
841 2071 924 2093 mox
934 2059 1136 2106 patriarcha
1160 2061 1250 2102 abit,
1276 2067 1314 2095 et
1335 2063 1481 2108 utrique
1495 2063 1533 2095 in
1548 2073 1616 2094 an-

181 2104 350 2137 timensio
365 2111 449 2138 ante
461 2111 612 2149 portam,
627 2105 692 2138 ubi
706 2105 774 2139 hoc
788 2107 848 2140 die
860 2108 1055 2152 Imperator
1069 2108 1273 2141 convivium
1289 2109 1375 2154 agit,
1399 2108 1616 2149 subsistunt,

182 2156 221 2184 et
242 2161 307 2195 pro
321 2162 419 2183 more
440 2151 613 2196 praefecti
631 2151 790 2186 cubiculi
817 2154 1089 2195 communicant,
1114 2166 1186 2199 quo
1210 2155 1319 2195 facto,
1344 2154 1545 2201 patriarcha
1568 2154 1616 2188 ad

182 2196 339 2230 divinam
352 2197 533 2243 liturgiam
549 2198 801 2243 perficiendam
814 2211 852 2233 se
871 2202 1056 2238 convertit.
1078 2202 1275 2246 Imperator
1288 2208 1408 2236 autem
1420 2214 1486 2247 per
1498 2202 1616 2236 tricli-

181 2244 295 2284 nium,
319 2244 358 2276 in
380 2256 451 2290 quo
473 2251 655 2286 coenatur,
680 2246 871 2290 egreditur,
897 2251 935 2280 et
951 2259 1052 2281 suum
1067 2248 1272 2282 cubiculum
1290 2250 1397 2295 petit.
1420 2250 1552 2282 Divina
1565 2248 1614 2280 li-

182 2291 298 2334 turgia
313 2290 426 2330 finita,
441 2291 662 2324 silentiarios
684 2294 909 2338 praepositus
926 2305 946 2326 a
958 2294 1126 2328 mandato
1143 2296 1269 2334 mittit,
1292 2297 1355 2341 qui
1375 2294 1613 2341 patriarcham

183 2341 374 2374 arcessant.
409 2338 442 2369 Is
466 2349 486 2370 a
506 2338 716 2371 silentiariis
740 2338 879 2380 ductus,
902 2351 968 2384 per
997 2341 1128 2374 dictam
1154 2341 1337 2376 cochleam
1367 2341 1557 2376 adscendit
1578 2346 1619 2374 et.

184 2381 437 2416 catechumena
459 2385 583 2424 intrat,
608 2384 673 2417 ubi
696 2391 885 2431 postquam
908 2388 1095 2431 paululum
1120 2391 1351 2433 exspectavit,
1375 2389 1615 2435 praepositus,

184 2428 397 2472 Imperatori
420 2429 461 2462 id
483 2432 735 2474 nuntiaturus,
759 2433 976 2477 ingreditur,
1002 2435 1175 2479 signoque
1200 2435 1246 2468 ab
1271 2437 1492 2480 Imperatore
1518 2434 1614 2474 dato,

185 2485 266 2507 cum
293 2474 449 2508 cubiculi
473 2477 661 2520 praefectis
686 2478 868 2523 egreditur
900 2505 910 2520 ,
934 2486 975 2513 ut
997 2481 1234 2525 patriarcham
1260 2482 1456 2521 advocent,
1481 2481 1546 2526 qui
1570 2479 1617 2513 ad

182 2521 436 2564 Imperatorem
457 2522 495 2555 in
519 2534 562 2556 eo
589 2524 748 2558 triclinio
763 2549 774 2565 ,
800 2526 863 2558 ubi
887 2527 993 2559 etiam
1021 2528 1220 2560 convivium
1245 2534 1405 2573 paratum
1425 2532 1490 2567 est,
1513 2538 1619 2560 acce-

185 2565 266 2606 dit,
289 2566 355 2599 ubi
381 2567 494 2601 sticho
520 2567 650 2610 dicto,
675 2572 876 2615 patriarcha
901 2573 1087 2618 paululum
1111 2573 1286 2616 discedit,
1312 2585 1487 2619 suumque
1511 2584 1617 2606 omo-

185 2611 353 2658 phorium
389 2625 451 2647 seu
486 2613 687 2657 humerale,
711 2629 826 2663 aeque
860 2631 901 2652 ac
925 2620 1123 2664 Imperator
1151 2632 1272 2665 sagum
1297 2632 1424 2660 suum,
1450 2620 1613 2665 deponit.

185 2659 291 2692 Tunc
315 2659 420 2693 ambo
446 2671 590 2694 mensae
613 2663 852 2704 accumbunt,
876 2671 913 2698 et
934 2671 1016 2710 post
1068 2678 1125 2699 am
1155 2668 1264 2700 semel
1289 2666 1483 2706 biberunt,
1508 2667 1617 2700 amici

186 2705 348 2746 intrant,
373 2711 411 2740 et
435 2706 486 2740 sic
510 2718 653 2754 quoque
677 2709 786 2745 factio
810 2717 962 2758 utraque
980 2678 1292 2759 inqssaptisterium
1316 2713 1524 2756 descendit,
1551 2719 1612 2756 et,

234 2773 496 2810 Constantinus
516 2775 693 2825 Porphyr.
730 2779 803 2814 Vol.
827 2779 859 2813 1.
1331 2784 1356 2818 8
