1878 3112
287 135 358 175 DE
394 131 650 175 CERIMON.
687 129 866 172 AULAE
902 127 1124 171 BYzANT.
1165 129 1218 170 11.
1246 130 1313 176 52·
1422 127 1532 183 779

99 238 146 279 δὲ
172 237 247 291 τῆς
274 235 306 285 ς’
335 236 414 277 τοῦ
439 233 688 288 Αὐγούστου
730 231 862 288 μηνός
903 232 1065 287 ἡμέρας
1100 230 1323 272 ἕκτελεΐται
1353 228 1379 284 ἢ
1407 232 1532 286 προέ-

94 306 236 350 λευσις
269 298 377 355 μετὰ
418 298 699 352 α’λλαξίματος
735 299 780 340 ἐν
809 299 860 354 τῇ
898 295 1055 353 μεγάλῃ
1085 298 1160 338 τοῦ
1189 296 1300 338 Θεοῦ
1326 297 1530 352 καθολικῇ

93 366 311 426 ἐκκλησίᾳ,
350 366 425 408 καί
451 365 698 419 τελουμένης
724 365 796 419 τῆς
823 362 940 419 ἱερᾶς
966 362 1226 418 λειτουργίας
1241 393 1255 416 ‚
1284 361 1529 404 συνεστιῶν-

94 449 165 475 ται
189 433 248 490 τῷ
272 434 443 486 βασιλεῖ
467 428 506 472 οἱ
531 428 729 478 πολλάκις
760 426 832 471 ἐπὶ
867 429 945 470 τοῦ
971 425 1183 483 κράματος
1222 426 1572 482 μνημονευθέν-Ῑ)

67 494 162 547 5τες
187 499 327 554 φίλοι,
367 495 442 538 καί
467 495 719 552 ὑποστρέφει
750 493 773 536 ὅ
808 492 1009 548 βασιλευς
1044 494 1115 535 ἐπὶ
1145 491 1190 535 τὸ
1223 493 1427 534 παλάτιον
1457 493 1533 545 ἑμ-

93 562 271 620 πράτως,
301 561 377 604 καί
395 563 641 617 προτίθεται
670 557 897 616 κληταὶριον
925 561 982 616 τῷ
1007 561 1180 613 βασιλεῖ
1201 559 1271 600 ἐπὶ
1298 557 1533 613 α’ποκοπτῆς

39 659 42 663 -
93 630 301 685 τραπέζης
329 629 373 670 ἐν
402 630 460 684 τῷ
485 628 785 670 Ἰουστινιανοῦ
810 624 1003 683 τρικλίνῳ
1019 658 1031 677 ,
1058 625 1132 666 καί
1159 625 1229 666 δεῖ
1251 622 1363 679 ἡμᾶς
1391 623 1533 678 εὔτρε-

91 695 229 745 πίζειν
265 695 327 744 εἷς
363 695 629 736 συνεστίασιν
665 694 723 750 τῷ
753 694 924 746 βασιλεῖ
955 690 1104 747 φίλους
1155 687 1237 731 α’πὸ
1273 690 1346 743 τῆς
1379 686 1531 738 τάξεως
1576 740 1581 744 ῃ

90 761 173 802 τῶν
197 759 459 815 μαγιὶιτρων,
489 757 768 810 α’νθυπάτων,
798 755 1053 813 πατρικίων,
1083 755 1390 812 ὄφφικιαλίων,
1417 770 1531 810 πρω-

42 824 390 880 ιοτοσπαθαρίων
431 825 503 866 καί
545 824 700 865 λοιπῶν
742 823 1020 878 συγκλητικῶν
1059 823 1143 864 τῶν
1178 819 1260 862 ὑπὸ
1298 816 1532 875 καμπάγιον

89 885 219 934 ὄντων
244 887 349 933 κατά
377 888 422 931 τὸ
455 887 587 932 ποσὸν
614 890 687 943 τῆς
713 889 942 943 τραπέζης·
998 884 1178 942 εἰσάγειν
1206 887 1253 928 δὲ
1282 883 1435 934 αὕτούς
1460 883 1534 927 καὶ

88 954 249 1011 ἐξάγειν
273 955 380 1010 μετά
409 957 491 998 τῶν
518 956 679 997 οἰκείων
717 952 1012 1006 άλλαξιμάτων
1036 952 1170 1007 χωρίς
1194 954 1275 995 τῶν
1299 949 1530 1007 χλανιδίων

87 1021 162 1064 διὰ
199 1020 246 1064 τὸ
283 1023 356 1063 καί
389 1020 463 1064 τὸν
490 1021 667 1074 βασιλέα
694 1017 803 1073 μετά
816 1020 890 1061 τοῦ
920 1017 1072 1062 οἰκείου
1101 1018 1344 1074 διβητησώυ
1374 1032 1532 1071 προκα-

85 1089 309 1143 θεαθῆναι.
343 1089 396 1145 τῇ
434 1088 482 1130 δὲ
518 1085 565 1128 ιε’
595 1087 675 1128 τοῦ
705 1085 837 1128 advos,
859 1083 990 1140 μηνὸς
1028 1085 1165 1140 ἡμέρᾳ
1191 1087 1367 1126 τελεῖται
1393 1084 1639 1138 δημὼΕάι.
1654 1091 1717 1138 45ι

38 1152 161 1195 ιὸσία
186 1155 430 1208 προέλευσις
454 1154 528 1207 τῆς
554 1148 786 1206 κοιμήσεως
811 1151 886 1205 τῆς
913 1150 1144 1206 ὖπεραγίας
1164 1149 1382 1204 δεσποίνης
1407 1147 1528 1203 ἡμῶν

88 1217 292 1263 Θεοτόκου
321 1219 445 1276 ἐντῷ
473 1219 690 1275 πανσὲπτῳ
719 1218 805 1275 ναῷ
834 1215 966 1271 αὐτῆς
992 1217 1052 1273 τῷ
1079 1217 1126 1258 ἔν
1150 1215 1427 1269 βλαχέρναις,
1454 1215 1529 1255 καὶ

83 1284 331 1339 τελουμένης
357 1285 431 1338 τῆς
457 1281 575 1339 ἱερᾶς
601 1283 881 1338 λειτουργίας,
920 1282 1167 1336 προτίθεται
1204 1278 1428 1335 κλητῶριον
1454 1279 1528 1320 ε’πδ

83 1349 322 1405 α’ποκοπτῆς
359 1349 568 1404 τραπέζης
609 1349 655 1391 ἓν
693 1349 750 1405 τῷ
784 1347 895 1390 κάτω
931 1349 1121 1403 τρικλίνῳ
1159 1348 1216 1403 τῷ
1256 1340 1345 1388 ὄντι
1370 1342 1444 1387 ἐπὶ
1467 1342 1521 1385 τά

83 1413 271 1457 παλάτια
302 1417 374 1470 τῆς
403 1415 650 1469 θαλάσσης,
697 1414 772 1455 καί
806 1414 1109 1468 προκαθέζεται
1146 1411 1170 1453 ὅ
1205 1408 1407 1464 βασιλεῦς
1442 1407 1523 1452 <niv

31 1481 140 1538 aoug‘i
164 1479 403 1536 πατριάρχῃ
431 1479 536 1533 μετά
568 1481 647 1521 τοῦ
674 1479 827 1521 οἷκείου
865 1478 999 1520 αὐτοῦ
1033 1478 1289 1532 διβητησίου.
1343 1477 1417 1517 καί
1455 1476 1526 1516 δεῖ·

83 1544 192 1603 ἧμᾶς
217 1546 472 1600 εὕτρεπίζειν
499 1545 558 1594 εἷς
593 1546 857 1587 συνεστίασιν
894 1543 1031 1585 αὐτοῦ
1057 1542 1208 1599 (palem,-
1235 1538 1317 1583 οἷπό
1345 1541 1419 1595 τῆς
1443 1538 1520 1582 τά-

84 1615 185 1664 ξεως
208 1613 291 1653 τῶν
315 1611 554 1665 μαγίοτρων
566 1643 579 1662 ,
606 1611 911 1665 πραιποσίτων,
950 1607 1226 1660 α’νθυπάτων,
1264 1609 1516 1660 πατρικίων,

83 1677 392 1734 ὀφφικιαλίων,
419 1677 726 1730 μητροπολιτῶν
762 1674 836 1717 καὶ
872 1676 1026 1718 λοιπῶν
1051 1672 1263 1729 ἀρχόντων
1288 1674 1516 1726 βασιλικῶν

81 1758 128 1785 τε
155 1741 229 1784 καὶ
250 1745 517 1796 ταγματικῶν
546 1740 652 1783 κατά
681 1741 727 1783 τὸ
758 1739 888 1783 ποσὸν
915 1743 990 1796 τῆς
1015 1741 1232 1798 τραπέζης.
1279 1737 1546 1793 εἰσάγονταιΒ

79 1899 222 1935 tatoriis
243 1899 283 1932 in
306 1909 470 1945 magnam
492 1899 560 1933 Dei
583 1898 795 1933 catholicam
820 1899 1031 1942 ecclesiam,
1055 1908 1227 1944 sacroque
1251 1897 1365 1932 officio
1394 1896 1512 1938 finito,

79 1947 316 1981 convivantur
338 1946 475 1980 ibidem
501 1947 712 1991 Imperatori
735 1947 864 1987 amici,
896 1956 987 1992 quos
1013 1956 1120 1991 saepe
1143 1945 1215 1978 iam
1236 1943 1511 1984 nominavimus,

80 1992 125 2026 (le
151 1995 264 2027 mixto
288 2003 400 2038 quum
423 2003 710 2027 memoraremus.
741 1993 944 2027 Revertitur
967 1991 1136 2037 deinceps
1159 1993 1354 2037 Imperator
1375 1990 1415 2024 in
1439 1999 1510 2034 pa—

76 2039 210 2073 latium
235 2039 427 2085 splendida
453 2051 536 2073 cum
560 2050 716 2085 pompa,
750 2040 898 2086 ipsique
920 2044 1173 2084 proponuntur
1198 2040 1309 2084 dapes
1332 2037 1372 2070 in
1395 2047 1507 2081 pecu-

77 2085 168 2120 liare
194 2095 317 2120 mensa
342 2086 494 2120 triclinii
517 2086 711 2120 Iustiniani
727 2111 737 2127 ,
763 2097 835 2131 quo
860 2086 1052 2120 invitamus
1075 2085 1284 2130 magistros,
1307 2093 1506 2129 proconsu-

77 2132 156 2173 les,
185 2133 377 2178 patricios,
411 2132 598 2174 officiales,
629 2131 936 2178 protospatharios
960 2137 998 2166 et
1019 2133 1177 2179 reliquos
1202 2135 1384 2165 senatores
1409 2140 1506 2162 cam-

75 2179 183 2224 pagia
209 2185 373 2223 gerentes
398 2190 462 2224 pro
489 2180 688 2224 capacitate
722 2190 878 2213 mensae.
924 2179 1208 2213 Introducnntur
1240 2184 1278 2213 et
1301 2176 1504 2210 educuntur

76 2225 117 2256 in
142 2226 215 2257 suis
238 2227 440 2260 mutatoriis
466 2224 603 2271 absque
630 2225 778 2267 tunicis,
804 2226 888 2271 quia
914 2226 1024 2260 etiam
1046 2227 1125 2270 ipse
1150 2227 1350 2270 Imperator
1373 2223 1411 2255 in
1436 2233 1502 2255 suo

77 2270 256 2304 dibetesio
284 2272 477 2316 praesidet.
531 2271 702 2306 Eiusdem
733 2272 866 2305 mensis
897 2271 957 2305 die
989 2271 1129 2306 decimo
1161 2272 1290 2318 quinto
1319 2269 1504 2314 peragitur

75 2316 226 2362 publica
247 2321 428 2362 processio
453 2317 679 2353 dormitionis
703 2318 947 2353 sanctissimae
971 2318 1140 2353 dominae
1163 2319 1340 2363 Deiparae
1371 2316 1410 2347 in
1439 2325 1503 2348 ve-

74 2362 240 2396 nerabile
263 2365 437 2408 templum
462 2366 554 2406 eius,
578 2365 678 2411 quod
696 2370 751 2398 est
773 2365 813 2397 in
835 2363 1054 2406 blachernis,
1076 2375 1248 2412 sacroque
1273 2366 1417 2408 peracto
1443 2359 1500 2392 05·

74 2410 180 2449 ficio,
205 2411 422 2454 proponitur
443 2412 637 2455 prandium
661 2421 770 2455 super
792 2421 916 2444 mensa
939 2412 1121 2456 peculiare
1155 2413 1195 2444 in
1225 2409 1397 2443 inferiore
1431 2407 1498 2440 tri-

74 2455 207 2495 clinio,
231 2455 331 2501 quod
352 2467 471 2490 versus
493 2459 630 2502 palatia
653 2458 833 2490 maritima
857 2462 1017 2502 spectat,
1051 2457 1304 2503 praesidetque
1335 2454 1497 2498 Impera-

74 2506 132 2534 tor
155 2512 235 2535 cum
256 2501 459 2546 patriarcha
483 2504 523 2536 in
548 2515 613 2537 suo
639 2503 829 2537 dibetesio.
859 2502 1014 2538 Invitare
1038 2505 1084 2538 ad
1105 2505 1202 2538 illius
1220 2500 1376 2535 convivii
1398 2510 1495 2532 com-

72 2547 284 2581 munionem
306 2558 372 2581 nos
397 2554 541 2594 oportet
562 2551 695 2583 amicos
729 2550 774 2583 de
810 2549 936 2584 ordine
968 2552 1236 2597 magistrorum,
1266 2547 1493 2592 praeposito-

73 2605 175 2634 rum,
208 2595 481 2638 proconsulum,
519 2598 779 2643 patriciorum‚
819 2596 1052 2637 officialium,
1100 2594 1411 2639 metropolitarum
1458 2595 1496 2626 ct

71 2640 297 2685 reliquorum
321 2641 612 2686 magistratuum,
638 2649 710 2677 tam
732 2643 995 2687 palatinorum,
1033 2653 1139 2688 quam
1164 2641 1396 2679 militarium,
1428 2648 1492 2683 Pr⁰

72 2688 212 2724 ratione
236 2687 503 2738 capacitatequc
526 2700 682 2728 mensae,
729 2687 1010 2725 Introducuntur
1035 2695 1073 2729 et
1091 2688 1292 2723 educuntur
1316 2685 1384 2721 sic:
1418 2695 1492 2719 ma-
