1878 3112
291 85 406 153 406
584 65 946 146 CONSTANTINI
982 98 1470 146 PORPHYROGENI'H

292 206 530 261 μαγίσι-ρον
572 204 806 258 εἰσέρχεται
833 202 856 244 ὅ
886 199 1120 258 δηκουρίων
1160 204 1219 251 εἷς
1244 202 1292 246 τὸ
1333 203 1497 261 μικρὸν·
1527 204 1752 249 nomam&-

294 286 408 327 ριον,
446 268 520 312 καί
547 266 754 322 λαμβάνει
781 267 879 318 τούς
909 265 1126 324 α’ρμάτους
1154 269 1457 325 κανδιδάτους,
1503 273 1578 315 καί
1603 271 1755 326 ἐκβάλ-

291 340 356 378 λει
384 334 563 388 αὐτοὺς,
610 336 683 376 καί
707 335 873 390 ἵστησιν
915 332 1080 384 αὐτούς
1114 335 1227 392 δεξιᾷ
1256 338 1330 378 καί
1368 338 1567 396 α’ριστερᾷ
1592 336 1754 395 ἐμπρός

287 403 376 444 τῶν
403 399 625 457 ἀρχόντων
651 399 759 454 μετὰ
787 398 888 450 τούς
915 398 1167 454 ὑπατικοὺς,
1220 402 1296 443 καί
1329 404 1562 458 τηνικαῦτα
1587 404 1754 460 ἐξέρχε-

289 483 362 508 ται
386 464 489 519 ἔξω,
518 465 592 508 καί
616 463 693 508 ἐὰν
718 464 812 524 ἴδῃ,
855 462 922 507 ὅτι
949 464 1117 519 ἕτοιμός
1143 467 1256 509 ἐστιν
1283 464 1305 509 ὃ
1331 467 1614 525 πρεσβευτὴς,
1650 467 1782 526 ιερὰ-5

291 535 352 584 ζει
380 531 402 575 ὄ
451 531 678 590 δικουρι’ων
748 534 918 586 ‚‚1,EBA''·
972 534 1046 574 καί
1079 533 1363 588 ἐπαιρομένου
1403 535 1481 577 τοῦ
1505 533 1661 590 βήλου,
1687 531 1756 592 ῥί-

252 615 383 647 Βπτει
407 596 561 641 ἑαυτὸν
601 595 683 650 ἔξω
712 597 735 639 ὅ
763 599 947 654 πρέσβης
979 597 1050 640 ἐπὶ
1076 599 1153 640 τοῦ
1180 597 1389 655 ἐδάφους,
1435 597 1543 644 ἔνθα
1570 599 1619 643 τὸ
1650 617 1758 658 πορ-

296 666 462 722 φυροῦν
489 663 720 721 μάρμαρον
729 696 743 717 ,
780 666 856 706 καί
881 669 1126 720 προσκυνεῖ,
1152 664 1229 706 καὶ
1254 663 1491 714 (ἐνίσταται,
1544 665 1620 709 καὶ
1646 665 1755 721 μεθὸ

290 732 461 789 εἰσέλθῃ
500 730 572 774 τὸν
610 731 810 784 πυλῶνα,
848 729 978 774 πάλιν
1015 731 1157 787 ῥίπτει
1198 726 1375 784 ἑαυτὸν,
1413 733 1488 774 καί
1529 737 1762 788 προσκυνεῖ

290 799 363 840 ἐπὶ
399 799 478 840 τοῦ
519 797 733 855 ἐδάφους,
789 795 864 839 καί
902 797 1140 842 ἀνίσταται.
1195 795 1268 839 καὶ
1304 795 1432 840 πάλιν
1476 798 1524 842 ἐν
1551 799 1609 856 τῷ
1633 800 1808 857 μέσῳιο

293 865 372 906 τοῦ
409 862 709 919 κόνσιστωρίου
752 859 907 917 ὅμοίως
935 868 1189 920 προσκυνεῖ,
1238 863 1315 906 καί
1352 862 1446 906 τότε
1485 860 1658 920 ἔρχεται
1684 864 1759 908 καὶ

294 934 417 986 φιλεῖ
447 927 545 979 τούς
572 929 732 983 πόδας,
775 932 851 972 καί
889 931 1060 972 ἵσταται
1089 932 1135 973 ἐν
1159 930 1218 988 τῷ
1243 930 1383 988 μέσῳ,
1430 927 1504 972 καί
1532 928 1757 973 ἐπιδίδωσι

289 995 343 1038 τά
374 996 624 1053 γράμματα,
661 997 735 1038 καί
758 997 870 1051 λέγει
894 996 966 1038 τὸν
994 991 1222 1050 ἀσπασμὸν
1249 997 1326 1038 τοῦ
1354 996 1563 1050 βασιλέως
1604 996 1758 1038 αὐτοῦ.

287 1060 373 1117 χρὴ
413 1057 491 1103 οὖν
516 1062 731 1117 ἐρωτῆσαι
757 1060 831 1104 τὸν
862 1064 1066 1116 βασιλέα·
1098 1063 1216 1117 »πῶς
1246 1059 1270 1103 ὅ
1297 1061 1486 1118 α’δελφὸς
1510 1062 1631 1118 ἡμῶν
1672 1060 1756 1105 συν

293 1129 389 1186 Θεῷ
415 1126 619 1182 ὑγιαίνεις
644 1127 854 1185 χαίρομεν
882 1127 954 1171 ἐπὶ
976 1131 1030 1186 τῇ
1055 1125 1175 1188 ὖγείᾳ
1208 1128 1377 1182 αὖτοῦ,”
1415 1130 1490 1171 καί
1519 1124 1600 1171 ὅσα
1637 1127 1810 1171 θέλειιὸ

255 1194 518 1245 ςένδιάθετα
545 1193 730 1250 ῥήματα,
762 1196 872 1249 λέγει
903 1193 1009 1249 πρὸς
1037 1193 1112 1236 τὸν
1150 1192 1425 1251 πρεσβευτήν.
1479 1193 1589 1248 μετὰ
1616 1197 1754 1240 ταῦτα

295 1261 406 1315 λέγει
434 1258 457 1301 ὅ
486 1260 670 1315 πρέσβης
699 1256 767 1301 ὅτι
823 1259 878 1313 „o‘
911 1255 1096 1316 ἀδελφός
1140 1253 1232 1302 σου
1255 1257 1446 1314 ἔπεμψέν
1492 1275 1561 1303 σοι
1607 1254 1756 1317 δῶρα,

298 1328 373 1368 καί
410 1327 644 1382 παρακαλῶ
686 1327 892 1382 δεχθῆναι
921 1324 1068 1368 αὕτά.”
1125 1325 1199 1368 καὶ
1228 1326 1445 1382 ἐπιτρέπει
1470 1327 1593 1370 τοῦτο
1621 1326 1647 1368 0‘
1675 1329 1758 1382 βα-

302 1391 461 1443 σιλεύς.
515 1394 590 1434 καί
625 1392 843 1448 ἐξέρχεται
870 1390 894 1433 ὅ
926 1390 1208 1448 πρεσβευτὴς,
1247 1394 1324 1434 καί
1345 1391 1450 1446 μετὰ
1478 1395 1563 1435 τῶν
1588 1391 1758 1449 ἀνθρώ-

290 1475 381 1500 πων
420 1458 554 1501 αὕτοῦ
595 1456 798 1513 βαστάζει
833 1457 887 1500 τὰ
931 1459 1074 1514 δῶρα,
1123 1459 1199 1500 καί
1233 1459 1470 1514 εἰσέρχεται
1509 1456 1811 1513 βαστάζωνρο

293 1523 423 1574 αὐτὸς
448 1526 528 1579 μὲν
559 1519 588 1581 ἢ
614 1521 766 1567 πάλλιν
793 1519 823 1580 ἢ
866 1523 1058 1579 κοσμίδιν
1083 1520 1118 1581 ἤ
1156 1522 1371 1580 ὁτιδήποτε
1381 1557 1395 1579 ,
1439 1522 1516 1567 ἐάν
1555 1525 1670 1567 ἐστιν
1699 1523 1756 1567 ‘tt'-

292 1607 414 1645 μιον,
467 1593 550 1633 τῶν
587 1592 635 1634 δὲ
680 1586 820 1634 ἄλλων
859 1592 1032 1640 ἕκαστος
1070 1591 1116 1634 ἓν
1159 1585 1269 1640 εἶδος
1312 1591 1525 1645 βαστάζει.
1581 1588 1663 1648 χρὴ
1705 1591 1755 1634 δὲ

386 1693 422 1726 6.
445 1692 600 1726 ΣΧΟΛ.
625 1691 783 1739 {uereor-

291 1794 506 1828 candidatos
533 1794 638 1829 illinc
657 1794 814 1828 educens
836 1794 1038 1828 introducit
1062 1793 1122 1841 [In
1143 1793 1335 1842 magnum]
1358 1799 1395 1828 et
1421 1793 1578 1828 collocat
1609 1793 1756 1827 dextra-

290 1852 365 1887 que
385 1842 607 1888 sinistraque
628 1852 747 1874 coram
769 1842 983 1886 proceribus
1003 1843 1170 1888 proxime
1189 1853 1209 1874 a
1230 1841 1493 1875 consularibus.
1542 1841 1627 1888 Quo
1656 1841 1754 1874 facto

290 1888 369 1922 exit
393 1899 538 1930 rursus,
560 1889 763 1935 vidensque
792 1894 960 1934 paratum
991 1899 1069 1922 esse
1094 1889 1276 1934 legatum,
1303 1889 1459 1922 clamat:
1485 1889 1609 1930 Lava,
1633 1887 1672 1920 id
1698 1892 1754 1921 est

291 1936 382 1970 tolle
402 1934 565 1982 [scilieet
588 1936 658 1984 te].
706 1936 797 1970 Vclo
818 1935 865 1968 ad
882 1935 973 1969 haec
995 1947 1138 1970 sursum
1159 1936 1279 1970 levato
1294 1961 1304 1977 ,
1330 1936 1530 1981 prosternit
1555 1945 1593 1967 se
1611 1935 1753 1979 legatus

290 1986 392 2015 extra
421 1983 698 2023 consistorium,
723 1983 761 2016 in
785 1987 918 2016 terram
951 1983 1024 2023 ihi,
1062 1983 1127 2016 ubi
1149 1982 1329 2016 rotundus
1353 1981 1632 2028 porphyreticus
1657 1981 1751 2026 lapis

287 2028 330 2071 in
357 2030 568 2074 pavimento
599 2031 814 2074 conspicuus
848 2030 960 2072 iacet3
995 2030 1270 2075 Dominumque
1299 2028 1451 2070 adorat,
1487 2038 1606 2074 eoque
1631 2027 1752 2070 sacto,

288 2076 456 2120 resurgit.
505 2078 690 2122 Ingressus
719 2076 852 2109 deinde
879 2087 945 2121 per
967 2076 1084 2117 fores,
1110 2076 1278 2120 protinus
1305 2086 1344 2108 se
1376 2086 1498 2108 rursus
1529 2074 1750 2120 prosternit,

288 2121 493 2168 aderatque
511 2125 711 2158 Dominum
733 2122 835 2155 humi
858 2124 991 2165 iacens,
1028 2129 1066 2157 et
1083 2122 1246 2167 resurgit.
1296 2123 1410 2155 Iterat
1428 2121 1526 2155 hanc
1542 2122 1750 2156 veneratio-

287 2178 374 2203 nem
405 2171 513 2202 tertia
540 2171 619 2204 vice
649 2171 688 2202 in
711 2170 834 2202 medio
858 2170 1095 2203 consistorio:
1122 2180 1194 2215 qua
1217 2173 1377 2214 peracta,
1400 2169 1553 2214 propius
1574 2169 1750 2202 accedens

289 2216 476 2249 osculatur
498 2216 611 2261 pedes
634 2217 808 2260 Augusti,
835 2221 872 2249 et
889 2217 1010 2249 adstat
1031 2227 1171 2256 coram,
1197 2215 1385 2261 traditque
1402 2216 1544 2248 litteras
1567 2215 1624 2248 sui
1646 2216 1750 2261 prin-

290 2262 441 2307 cipalis,
471 2269 508 2296 et
530 2264 685 2297 salutem
703 2264 918 2308 Imperatori
944 2264 1022 2296 eius
1045 2264 1194 2296 nomine
1220 2264 1378 2296 nuntiat.
1427 2263 1533 2296 Tunc
1550 2263 1752 2307 interrogat

287 2309 511 2355 Imperator:
549 2313 689 2346 Frater
711 2318 839 2345 noster
857 2309 1038 2357 quomodo
1067 2311 1172 2345 valet
1190 2321 1259 2356 per
1285 2311 1447 2356 gratiam
1469 2310 1544 2344 Dei
1555 2309 1575 2344 ?
1609 2310 1751 2344 Laeta-

288 2368 372 2391 mur
397 2369 518 2403 sospes
537 2359 571 2392 si
597 2357 734 2402 fuerin
768 2362 805 2390 et
834 2357 906 2388 alia
933 2356 1063 2397 verba,
1097 2367 1193 2403 quae
1218 2358 1340 2389 animo
1369 2367 1436 2390 suo
1469 2367 1592 2390 secum
1633 2356 1750 2390 volvit

289 2408 328 2436 et
351 2404 475 2448 agitat.
525 2405 621 2438 Tum
655 2404 746 2437 dicit
771 2404 930 2448 legatus:
970 2405 1104 2439 Frater
1129 2413 1215 2438 tuus
1251 2405 1351 2438 misit
1371 2404 1440 2438 tihi
1470 2402 1594 2444 dona,
1625 2414 1748 2450 *quae

289 2462 381 2497 rogo
406 2451 504 2486 velis
530 2460 740 2500 acceptare.
786 2452 980 2485 Annuente
1010 2452 1253 2495 Imperatore,
1288 2451 1364 2484 exit
1393 2451 1532 2495 legatus
1563 2449 1623 2496 [in
1650 2449 1748 2482 anti-

283 2499 591 2546 c011sistorium]‚
619 2503 658 2531 ct
681 2497 790 2531 affert
808 2498 886 2542 ipsc
906 2510 978 2530 una
1002 2509 1082 2530 cum
1109 2498 1353 2530 familiaribus
1377 2498 1450 2530 suis
1475 2497 1539 2530 illa
1567 2496 1662 2529 dona
1689 2496 1747 2529 in-

287 2548 347 2576 tus
370 2544 415 2576 ad
437 2550 671 2589 conspectum
686 2545 847 2578 Domini.
897 2545 943 2578 Et
962 2547 1039 2590 ipse
1061 2545 1210 2590 quidem
1226 2550 1290 2578 aut
1311 2544 1447 2591 pallam
1465 2549 1530 2577 aut
1546 2544 1745 2589 pretiosam

288 2591 398 2623 aliam
417 2592 545 2625 mundi
561 2591 753 2625 muliebris
772 2592 1064 2636 suppellectilem
1083 2597 1148 2624 aut
1165 2592 1267 2626 aliud
1287 2592 1554 2638 quodcunque,
1579 2589 1746 2623 dummo-

290 2637 336 2669 ‹lo
363 2640 482 2683 magni
512 2644 549 2671 ct
563 2638 787 2672 *excellentis
818 2639 950 2674 valoris
980 2640 1047 2681 sit3
1084 2644 1286 2672 ceterorum
1325 2639 1562 2671 barbarorum
1610 2636 1744 2681 singuli

289 2685 450 2730 singulas
476 2688 613 2733 specics
631 2686 810 2722 baiulant.
860 2686 1006 2723 Debent
1028 2690 1148 2720 autem
1174 2687 1275 2732 prius
1299 2687 1338 2721 in
1363 2684 1658 2720 auticonsistorio
1679 2692 1746 2729 per

886 2835 895 2850 <
