1878 3112
316 127 390 168 DE
426 122 685 169 cmmou.
727 120 909 163 mm
947 119 1171 161 cmm.
1214 121 1269 164 u.
1298 120 1373 166 52.
1447 101 1555 175 767

118 243 236 279 τονες
261 223 373 272 εἶναι
398 229 447 270 ἐν
471 229 524 284 τῇ
549 221 800 282 προβλὴσει·
854 221 956 271 τούς
991 222 1040 264 δὲ
1081 221 1337 278 στρατηγοὺς
1376 220 1608 272 ἅπανταςι)

116 294 222 349 μετὰ
248 296 333 338 τῶν
360 295 523 341 οἵκεύιιν
564 291 704 333 αὖτῶν
726 290 1051 346 σκαραμαγγίων
1085 289 1159 330 καὶ
1181 285 1346 341 μόνον·’
1384 287 1484 339 τοὺς
1511 291 1560 332 δὲ

118 360 420 418 σ’φφικιαλίους
454 356 529 399 καὶ
570 354 727 405 αιῗτούς
766 353 869 408 μετὰ
896 356 981 396 τῶν
1007 354 1167 396 οἰκείων
1193 355 1423 408 καμισίων,
1460 350 1559 398 ἄνευ

115 429 257 480 μέντοι
293 425 377 468 τῶν
410 421 573 466 ἑαυτῶν
615 419 865 476 χλαμύδων.
919 420 993 462 ε’πί
1029 421 1077 462 δὲ
1117 421 1190 475 τῆς
1218 421 1488 476 προκειμένης
1513 423 1560 464 ἐν

93 493 181 550 δτῷ
203 491 465 547 περιβλέπτφ
491 489 662 544 χρυσέῳ
689 487 880 543 τρικλίνῳ
905 486 1070 541 χρυσῆς
1096 486 1328 541 τραπέζης,
1357 488 1403 529 ἐν
1429 481 1462 545 ᾧ
1489 487 1563 530 καί

118 555 168 600 τὸ
199 557 429 613 περιφανὲς
457 556 593 610 κτῆμα
619 553 696 595 τοῦ
722 553 891 608 χρυσοῦ
909 551 1216 606 πενταπυργίου
1236 554 1280 602 ἐς
1308 551 1434 608 τιμήν
1459 569 1565 610 προ-

115 624 267 679 ετέθη,
311 623 383 664 δεῖ
402 621 511 676 ἡμᾶς
538 618 794 673 εὔτρεπιζειν
821 619 883 667 εἰς
920 619 1188 660 συνεστιάσιν
1218 619 1275 676 τῷ
1299 622 1472 672 βασιλεῖ
1493 621 1566 676 φί-

116 693 217 738 λους
247 689 295 730 ἐκ
322 689 409 730 τῶν
435 687 756 742 προλεχθέντων
781 686 1050 740 μαγίστρων,
1094 682 1370 737 ἀνθυπάτων,
1413 702 1574 742 πατρι-,

117 754 246 808 κίων,
272 754 519 810 στρατηγῶν
546 751 830 808 ὄφφικιαλίωψ
846 783 859 805 ,
890 752 1162 806 σεκρετικῶν,
1191 748 1274 792 aad
1303 753 1376 806 τῆς
1402 749 1557 803 τάξεως
1568 750 1756 786 M⁸·²53·b

68 823 194 869 ιοταῦ
236 819 543 876 στρατιωτικοῦ
579 816 652 860 καὶ
685 818 932 872 κατωτέρω,
975 817 1224 873 α’σηκρητῶν
1260 832 1305 859 τε
1344 816 1451 871 ὁμοῦ
1495 819 1634 860 xaissd-
1648 821 1757 866 11-444

119 885 312 942 κομὴτων
339 887 421 928 τῶν
447 886 612 939 σχολῶν
639 882 712 926 καὶ
733 881 1002 939 σκριβοᾶνων,
1027 881 1109 925 συν
1133 886 1216 925 τῶν
1245 880 1322 924 δύο
1353 886 1399 926 ἐκ
1425 887 1566 927 Βουλ-

118 951 259 1010 γάρων
286 955 422 1010 φίλων
431 985 444 1005 ,
483 949 557 993 τὸν
584 948 771 1006 α’ριθμόν
801 949 851 992 λ’·
905 951 950 992 ἐν
977 951 1024 992 δὲ
1050 955 1144 999 ταῖς
1172 951 1363 1005 περιεξῆς
1387 953 1565 1005 τέσσαρ-

119 1035 166 1062 σι
193 1021 280 1062 τῶν
316 1019 520 1074 καμαρῶν
553 1018 780 1072 τραπέζαις
805 1015 888 1058 dud
925 1018 998 1072 τῆς
1031 1014 1190 1068 τάξεως
1224 1018 1308 1058 τῶν
1338 1019 1566 1070 βασιλικῶν

119 1083 405 1138 κανδιδάτων,
435 1081 699 1140 βεστητόρων
723 1098 768 1124 τε
795 1084 870 1124 καί
899 1082 1212 1139 σιλεντιαρίων,
1254 1084 1564 1139 δρακοναρίων,

70 1150 489 1207 ιΞσκηπτροφόρων,“
519 1147 818 1206 σημειοφόρων
860 1148 935 1191 καὶ
980 1147 1218 1205 σενατόρων
1262 1147 1335 1191 τὸν
1380 1148 1566 1203 α’ριθμὸν

118 1218 194 1266 λς’·
247 1214 503 1273 Ἀγαρηνοὺς
535 1217 734 1269 δεσμίους
772 1217 820 1258 ἐκ
858 1218 935 1258 τοῦ
970 1215 1153 1270 μεγάλου
1193 1217 1454 1271 πραιτωρίου
1490 1214 1565 1256 τὸν

118 1280 308 1340 α’ριθμὸν
334 1281 400 1338 ιη’,
442 1281 516 1324 καὶ
551 1282 599 1324 ἐκ
632 1284 716 1324 τῶν
741 1281 998 1338 Βουλγάρων
1034 1280 1168 1338 φιλων
1206 1279 1457 1335 ἀνθρώπους
1497 1281 1564 1335 ιη’·

119 1345 303 1403 εἰσάγειν
328 1349 377 1390 δὲ
405 1346 564 1397 αὐτούς
593 1347 667 1389 καί
695 1350 976 1402 προστιχιζειν
1002 1346 1083 1403 πρὸ
1109 1349 1182 1402 τῆς
1214 1345 1379 1388 εἰσόδου
1409 1347 1562 1398 αὐτῶν,

117 1413 217 1463 τούς
241 1415 320 1468 μὲν
347 1414 421 1456 ἐπὶ
441 1416 514 1468 τῆς
542 1415 707 1468 χρυσῆς
732 1416 951 1469 βασιλικῆς
966 1414 1174 1470 τραπέζης
1204 1417 1448 1467 περιφανεῖς
1476 1413 1571 1452 δαι-

64 1477 301 1532 ιοτυμόνας
326 1478 434 1532 μετὰ
453 1482 535 1522 τῶν
553 1478 712 1521 οἰκείων
749 1477 1039 1531 ἄλλαξιμάτων
1065 1477 1139 1519 καί
1162 1479 1406 1531 χλανιδίων,
1434 1492 1566 1532 προσ-

121 1547 343 1587 καλεῖσθαι
371 1546 419 1587 δὲ
443 1543 542 1594 τούς
578 1543 662 1586 α’πὸ
692 1546 775 1586 τῶν
801 1543 1059 1601 Βουλγάρων
1097 1546 1246 1600 φίλους
1274 1539 1358 1583 dm}
1388 1544 1463 1597 τῆς
1490 1541 1602 1588 τοί-Β

122 1612 224 1661 ξεως
248 1611 332 1652 τῶν
360 1610 600 1665 στρατηγῶν
625 1611 670 1651 ἐν
697 1611 757 1668 τῷ
785 1611 963 1668 δευτέρῳ
986 1612 1119 1668 μίνσῳ
1147 1607 1218 1651 ἐπὶ
1244 1609 1318 1662 τῆς
1347 1603 1568 1660 εὐωνύμου

119 1676 278 1725 θέσεως
304 1677 380 1730 τῆς
399 1676 606 1731 τραπέζης
636 1674 743 1731 πρὸς
761 1674 808 1718 τὸ
844 1672 1127 1733 ἀριθμεῖσθαι
1155 1673 1315 1723 αὐτοὺς
1341 1674 1570 1727 πέμπτους,
1617 1715 1620 1717 ,

211 1760 246 1793 6.
270 1759 391 1805 κτῆμα
414 1760 468 1800 R.,
492 1758 616 1805 κλῆμα
638 1757 718 1792 cod.
742 1763 780 1792 et
805 1758 861 1792 ed.

119 1821 259 1862 triciis,
286 1821 353 1867 qui
378 1826 551 1855 consueta
575 1832 640 1854 sua
663 1822 811 1855 camisia
831 1827 980 1867 gerunt,
1016 1822 1160 1855 etiamsi
1182 1821 1278 1854 forte
1303 1819 1360 1854 his
1377 1820 1566 1865 ,dignitate

121 1873 160 1903 et
182 1868 412 1913 promotione
443 1868 636 1902 inferiores
668 1869 752 1902 sint.
801 1869 959 1914 Strategi
986 1868 1126 1902 intrant
1156 1879 1235 1902 cum
1260 1869 1334 1901 suis
1360 1879 1566 1902 scaraman-

120 1913 189 1961 glis
211 1919 374 1955 tantum,
408 1914 584 1950 officiales
616 1925 697 1948 cum
727 1916 801 1948 suis
826 1917 1005 1957 camisiis,
1036 1914 1175 1961 absque
1200 1914 1458 1958 chlamydibus.
1507 1915 1564 1949 Ad

120 1971 270 1995 auream
292 1971 377 1995 vero
411 1973 570 1996 mensam
616 1962 656 1995 in
680 1961 871 2006 splendido
895 1962 1185 2005 chrysotriclinio
1210 1962 1387 2008 positam,
1422 1963 1462 1995 in
1485 1973 1558 2008 quo

121 2008 234 2042 etiam
256 2008 399 2042 illustre
423 2008 608 2054 peculium
632 2011 732 2043 aurei
765 2010 991 2055 pentapyrgii
1015 2009 1165 2044 honoris
1188 2019 1311 2042 caussa
1333 2009 1559 2054 propositum

121 2059 199 2096 est,
222 2054 403 2089 invitandi
421 2067 442 2089 a
459 2055 565 2090 nobis
587 2060 672 2088 sunt
691 2056 806 2090 futuri
821 2057 978 2090 Domino
1003 2057 1174 2090 convivae
1208 2057 1315 2090 amici
1347 2067 1391 2090 ex
1414 2055 1559 2097 iisdem,

121 2112 213 2148 quos
237 2101 346 2135 modo
377 2101 558 2144 diximus,
585 2103 783 2146 magistris,
820 2101 1120 2148 proconsulibus,
1150 2104 1336 2149 patriciis,
1367 2102 1556 2146 strategis,

121 2148 365 2190 officialibus,
399 2150 581 2184 secreticis
613 2149 751 2183 ordinis
781 2150 951 2183 militaris
977 2156 1014 2184 et
1037 2150 1156 2184 adhuc
1178 2149 1435 2191 inferioribus,
1468 2150 1557 2183 item

121 2195 291 2229 ascen-etis
325 2201 363 2230 et
396 2197 588 2231 comitibus
625 2195 850 2238 scholarum,
884 2195 1136 2239 scribonibus,
1171 2196 1319 2244 duoque
1352 2197 1500 2241 insuper
1536 2207 1557 2229 e

120 2241 284 2286 uulgaris
307 2243 432 2286 amici;
455 2245 496 2277 in
518 2244 726 2277 universum
748 2244 897 2289 triginta
919 2255 1081 2278 numero.
1128 2243 1185 2278 Ad
1205 2245 1476 2278 circumstantes
1497 2254 1557 2276 or·

121 2287 210 2321 (line
233 2288 406 2323 continuo
434 2295 592 2336 quatuor
625 2301 768 2324 mensas
798 2301 865 2335 per
895 2290 1049 2325 totidem
1071 2291 1230 2325 fornices
1266 2290 1458 2336 dispositas
1496 2289 1558 2322 in-

120 2335 281 2368 vitantur
304 2334 436 2370 delecti
468 2337 616 2382 quidam
640 2337 685 2371 ‹le
721 2336 848 2371 ordine
882 2337 1061 2383 regiorum
1085 2338 1373 2377 candidatorum,
1403 2337 1557 2369 vestito-

121 2392 222 2421 rum,
244 2380 547 2424 silentiar-iorum,
572 2383 875 2424 draconariorum,
894 2385 1246 2431 sceptrophororum‚
1268 2383 1556 2418 vexiuiferorum

123 2432 163 2460 et
185 2431 411 2469 senatorum,
434 2429 479 2462 ad
502 2431 651 2474 triginta
675 2441 753 2471 sex3
775 2430 955 2474 Agarenos
979 2431 1079 2466 bello
1103 2436 1226 2478 captos
1253 2442 1273 2463 e
1297 2440 1424 2474 magno
1452 2438 1558 2473 prae-

123 2474 220 2507 torio
244 2472 443 2508 octodecim
476 2481 514 2510 et
548 2477 702 2511 totidem
727 2477 922 2511 amicorum
946 2487 966 2510 e
990 2478 1155 2523 Bulgaria
1177 2478 1352 2512 homines.
1400 2476 1474 2509 Hos
1497 2476 1557 2508 in-

121 2519 336 2561 troducere,
360 2527 416 2561 et,
440 2522 646 2569 priusquam
673 2524 881 2564 introeant,
905 2524 1065 2558 seriatim
1082 2524 1273 2570 disponere
1294 2527 1449 2567 oportet.
1482 2521 1557 2566 Qui

124 2576 256 2600 aureae
280 2577 399 2601 sacrae
423 2579 567 2603 mensae
590 2568 774 2615 splendidi
800 2575 885 2603 sunt
907 2573 1097 2613 convivae,
1121 2573 1179 2605 illi
1202 2570 1275 2603 suis
1296 2570 1334 2603 in
1354 2568 1558 2602 mutatoriis

123 2616 162 2646 et
184 2613 315 2646 tunicis
342 2613 485 2648 intrant·
544 2617 590 2650 At
608 2616 751 2660 Bulgari
783 2616 891 2650 amici
922 2623 1007 2661 post
1037 2619 1185 2652 classem
1217 2621 1454 2661 strategorum
1487 2613 1556 2648 sub

123 2659 282 2693 secundo
306 2660 417 2694 missu
442 2661 714 2697 introvocantur
737 2663 783 2695 ad
799 2663 980 2697 sinistram
1001 2675 1122 2698 sacrae
1136 2674 1283 2697 mensae
1299 2664 1458 2708 plagam;
1483 2673 1555 2708 quo

124 2705 246 2751 quinti
269 2711 332 2741 aut
354 2708 447 2741 sexti
471 2707 566 2743 inter
590 2709 722 2743 amicos
751 2711 843 2751 siut,
870 2708 1102 2758 [ferculaque
1127 2722 1190 2744 sua
1214 2710 1344 2757 quinto
1368 2714 1432 2743 aut
1453 2713 1555 2756 sexto
