1878 3112
399 137 472 179 DE
511 134 774 178 naamon.
811 132 992 174 AULAE
1028 130 1256 173 mrzmr.
1290 133 1324 172 1.
1350 134 1422 180 90.
1515 104 1633 184 409

189 237 282 282 τὸνῑ
299 237 530 294 μόγιστρον
567 241 869 292 προαναγαγεῑν
904 235 964 291 τῷ
989 236 1163 287 βασιλεῖ
1170 265 1182 286 ,
1211 232 1419 283 ἐπιδεῖξαι
1445 231 1494 274 δὲ
1521 230 1639 288 aare?

189 303 264 348 καὶ
284 303 361 362 τήν
385 305 540 360 γνῶσιν
563 303 647 347 τῶν
674 298 835 357 δώρων.
889 302 963 342 καὶ
987 299 1010 342 ὃ
1038 299 1247 355 πρέσβης,
1283 296 1357 340 ἐὰν
1382 298 1485 354 θέλῃ
1511 298 1677 348 δέξα-ῐ)

151 369 154 372 ’
189 373 296 413 σθαι
313 402 327 425 ,
366 366 657 424 εἰσερχόμενος
692 371 935 421 παρακαλεῖ
953 365 1026 408 τὸν
1062 363 1287 420 δεσπότην,
1329 365 1400 406 ἵνα
1428 364 1561 421 δεχθῇ
1586 359 1640 405 τὰ

189 437 308 492 δῶρα
336 434 494 477 αὐτοῦ·
535 435 609 475 καί
645 431 722 475 ἐὰν
749 434 956 489 ἐπιτρέψῃ
986 429 1008 472 ὅ
1039 429 1265 486 δεσπότης,
1305 431 1569 486 εἰσέρχονται
1598 426 1640 470 οἳ

163 496 409 558 5ἅνθρωποι
446 496 579 542 ‹nicos›
614 497 895 553 βαστάζοντες
929 496 981 539 τά
1013 499 1131 554 δῶρα
1160 496 1316 550 αὐτοῦ,
1354 494 1429 537 καὶ
1452 492 1560 536 κατὰ
1587 496 1637 536 τὸ

189 562 339 620 ὅμοιον
364 566 511 621 σχῆμα
536 566 696 620 γίνεται
725 564 784 614 ὦς
812 565 884 606 ἐπὶ
907 565 989 606 τῶν
1014 565 1245 618 βασιλικῶν
1273 561 1441 618 δώρων,
1476 562 1549 603 καί
1572 561 1639 615 yt'-

187 647 304 675 νεται
330 633 550 686 συντυχία.
605 629 688 686 χρὴ
719 631 766 672 δὲ
793 629 868 672 τὸν
894 631 1074 683 βασιλέα
1101 627 1227 671 πάλιν
1254 627 1331 670 καὶ
1354 629 1541 681 συνεχῶς
1567 625 1642 668 καὶ

186 699 326 748 καλῶς
349 700 594 752 μεμνῆσθαι
621 698 700 740 τοῦ
724 697 932 750 βασιλέως
957 698 1043 739 τῶν
1069 697 1260 750 Περσῶν
1286 695 1360 736 καί
1387 696 1460 749 τῆς
1488 694 1638 735 διαθέ-

186 777 294 814 σεως
321 763 464 816 αὐτοῦ,
492 762 566 804 καί
590 759 667 805 ἐάν
693 764 806 805 ἐστιν
834 762 986 818 εἰρήνη,
1000 760 1073 803 καί
1097 759 1275 803 τοιαῦτά
1302 775 1395 802 τινα
1422 761 1634 814 λαλοῦσιν,
1648 765 1833 803 Ed.1..²38

138 828 263 871 ιοκαί
288 828 465 871 ἀπολύει
501 827 632 870 αὐτὸν
659 827 684 869 ὅ
710 826 935 882 βασιλεῦς,
977 825 1052 869 καὶ
1077 827 1278 880 ἀναμένει
1301 824 1375 868 τὸν
1409 825 1640 879 μάγιστρον

185 892 290 947 ἔξω,
329 893 404 935 καί
439 894 655 950 ἐξέρχεται
683 892 704 936 ὃ
732 892 963 949 μάγιστρος
989 894 1065 934 καί
1089 892 1356 935 συντάττεται
1383 891 1498 948 αύτῷ
1525 885 1643 942 ἅνω,

184 960 261 1000 καὶ
293 956 471 1002 α’πολύει
506 959 636 1002 αὐτὸν
675 961 751 1002 καί
785 959 927 1008 αὐτός.
983 961 1029 1001 ἐν
1068 959 1115 1000 δὲ
1142 965 1234 1006 ταῖς
1275 953 1425 1008 ἄλλαις
1452 956 1636 1013 ἡμέραις

183 1026 510 1078 μεταστέλλεται
538 1020 680 1078 αὐτὸν,
708 1026 784 1067 καί
809 1028 934 1067 λαλεῖ
954 1022 1006 1066 τὰ
1037 1024 1137 1079 περὶ
1160 1025 1237 1066 τοῦ
1264 1021 1520 1078 πράγματος.
1559 1025 1636 1065 καί

185 1088 264 1132 ἐὰν
288 1091 465 1147 curtida,
506 1091 719 1146 ἐπιτρέπει
766 1092 826 1148 τῷ
851 1091 1065 1148 μαγίστρῳ
1099 1085 1130 1145 ἢ
1164 1088 1240 1132 καί
1273 1084 1416 1138 ἄλλοις
1453 1084 1643 1143 ἄρχουσι

131 1155 267 1205 ιδσὺν
303 1155 417 1214 αὐτῷ
451 1154 541 1211 ἔξω,
570 1158 751 1212 λαλῆσαι
788 1155 898 1210 μετὰ
941 1157 1017 1198 τοῦ
1055 1157 1332 1211 πρεσβευτοῦ.
1385 1152 1457 1197 ἐὰν
1493 1156 1542 1197 δὲ
1569 1154 1637 1209 εἴη

186 1222 328 1263 τελεία
356 1222 478 1278 φιλία
500 1221 655 1274 μεταξὺ
687 1224 772 1264 τῶν
798 1224 1028 1275 πολιτειῶν,
1060 1224 1131 1264 δεῖ
1152 1220 1226 1264 τὸν
1250 1222 1429 1274 βασιλέα
1456 1222 1668 1275 πέμπεινΒ

184 1288 258 1336 καὶ
281 1286 468 1344 συνεχῶς
493 1283 622 1331 αὐτὸν
650 1289 975 1332 ἐπισκέπτεσθαι
1011 1288 1085 1331 καὶ
1108 1289 1360 1343 μανθάνειν,
1402 1289 1492 1337 πῶς
1517 1286 1634 1341 ἔμει-

237 1460 441 1496 o‘necnnda
464 1463 542 1497 vice
565 1464 613 1497 ad
635 1464 836 1510 Augustum
855 1464 1079 1505 admittitur,
1103 1475 1169 1510 per
1187 1465 1398 1508 magistrum
1417 1461 1631 1507 supplicari,

226 1513 356 1552 gnetur
378 1510 557 1544 Dominu-
590 1522 632 1545 ea
666 1517 871 1556 acceptare:
899 1513 1134 1557 Dominoque
1158 1516 1358 1552 annuente,
1382 1514 1561 1542 monstrat
1585 1519 1629 1541 ea
1639 1518 1649 1539 .“

184 1558 275 1588 tunc
297 1556 378 1600 ipso
402 1557 613 1590 audientiae
637 1557 697 1591 die
723 1559 895 1603 magistro
928 1558 967 1590 in
1000 1559 1079 1591 eius
1107 1557 1250 1601 schola;
1286 1562 1324 1590 et
1351 1557 1542 1589 conficitur
1565 1565 1630 1587 eo-

183 1610 267 1633 rum
289 1602 424 1635 notitia
449 1614 513 1636 seu
537 1604 740 1647 indiculus3
773 1616 881 1650 quem
912 1610 1113 1638 monstrare
1144 1605 1245 1648 prius
1273 1604 1445 1648 magister
1466 1604 1630 1646 Impera-

183 1647 258 1679 tori
283 1647 395 1682 debet
435 1649 483 1682 ad
520 1661 604 1684 eum
639 1651 873 1684 adscendens.
921 1651 1075 1695 Legatus
1100 1650 1199 1692 dein,
1222 1662 1335 1696 quum
1358 1651 1433 1682 iam
1459 1649 1498 1682 in
1521 1659 1566 1682 eo
1591 1653 1630 1682 et

186 1698 407 1738 oportunum
438 1702 581 1740 tempus
619 1703 694 1739 est,
726 1704 767 1731 ut
802 1698 1004 1743 excipiatur
1040 1702 1078 1730 et
1101 1697 1315 1731 admittatur
1338 1697 1385 1730 ad
1410 1695 1628 1736 Dominum,

184 1739 408 1784 ingreditur,
440 1748 478 1776 et
507 1744 581 1776 iam
604 1755 774 1789 praesens
800 1745 1026 1789 supplicatur
1049 1745 1230 1785 Domino,
1266 1744 1357 1776 velit
1387 1754 1538 1776 munera
1562 1754 1628 1776 sua

182 1785 343 1831 benigne
375 1794 572 1834 acceptare.
619 1792 666 1824 Et
696 1796 794 1832 tum,
831 1791 915 1824 data
945 1789 991 1823 ab
1022 1791 1245 1836 Imperatore
1274 1791 1404 1832 venia,
1438 1790 1630 1824 introi-unt

182 1833 295 1878 legati
321 1833 529 1877 domestici,
553 1836 761 1871 baiulantes
786 1838 865 1871 eius
885 1838 1001 1879 dona,
1025 1839 1192 1883 fiuntque
1214 1840 1336 1871 omnia
1359 1836 1507 1878 eadem,
1532 1847 1628 1882 quae

182 1879 273 1928 fieri*
288 1880 397 1914 modo
425 1882 650 1925 dicebamus,
688 1896 800 1930 quum
825 1885 939 1929 ipsius
966 1886 1148 1919 Persarum
1174 1885 1267 1929 regis
1293 1895 1443 1918 munera
1466 1885 1629 1928 Impera-

183 1930 243 1959 tor
265 1933 439 1972 acceptat.
486 1931 532 1963 Et
555 1935 632 1963 tum
658 1930 802 1965 demum
826 1933 869 1964 fit
892 1932 1127 1978 colloquium.
1174 1932 1385 1968 Meminerit
1407 1936 1486 1964 tum
1506 1932 1625 1976 Impe-

182 1977 283 2006 rator
304 1985 379 2007 non
401 1977 542 2018 minus,
567 1988 677 2023 quam
700 1978 888 2024 superiore
912 1978 1152 2019 admissione,
1176 1978 1371 2024 diligenter
1391 1978 1624 2023 solliciteque

182 2024 295 2066 atque
318 2020 530 2068 frequenter
552 2025 682 2058 Persae
706 2036 839 2058 nomen
862 2025 1064 2060 honorifico
1089 2036 1171 2059 cum
1196 2026 1316 2071 elogio
1341 2026 1453 2059 citare
1492 2029 1531 2058 et
1564 2025 1624 2058 in-

181 2070 384 2112 terrogare,
444 2081 527 2111 uem
564 2071 629 2104 ille
660 2072 822 2105 animum
847 2083 929 2118 erga
953 2083 991 2105 se
1015 2072 1167 2118 prodat,
1201 2078 1239 2106 et
1270 2083 1400 2118 spesue
1429 2073 1478 2107 sit
1506 2073 1625 2118 impe-

181 2113 334 2147 trandae
360 2114 405 2147 ab
431 2117 497 2150 1110
521 2118 631 2162 pacis.
678 2120 768 2155 Post
798 2120 1039 2165 reciprocatus
1077 2119 1258 2152 eiusmodi
1291 2130 1474 2153 sermones
1507 2119 1625 2152 licen-

181 2159 280 2214 ''33¹¹'ss
296 2160 360 2194 dat
382 2164 582 2214 Imperator
607 2165 725 2209 legato
750 2165 931 2200 abeundi:
966 2167 1032 2212 qui
1055 2167 1266 2211 magistrum
1290 2172 1390 2200 extra
1415 2167 1534 2200 locum
1559 2167 1625 2199 ad-

181 2208 364 2240 misslonis
404 2220 545 2244 sursum
580 2212 619 2250 in
643 2213 723 2258 ipso
748 2213 886 2257 palatio
927 2211 1036 2260 [non,
1073 2219 1114 2246 ut
1137 2220 1265 2254 antea,
1297 2215 1336 2246 in
1361 2214 1439 2247 cius
1465 2213 1623 2259 schola,1

181 2254 432 2296 praestolatur.
479 2257 651 2302 Magister
684 2260 796 2304 paulo
834 2265 919 2306 post
959 2259 1138 2305 digressus
1169 2271 1190 2294 a
1222 2261 1383 2294 Domino
1417 2261 1494 2294 exit
1528 2260 1625 2292 foras

183 2297 239 2352 ad·
253 2299 431 2344 legatum,
452 2303 607 2354 valeque
631 2305 703 2350 ipsi
728 2305 836 2348 dicit,
868 2311 906 2340 et
929 2306 1115 2347 licentiam
1141 2308 1220 2353 ipse
1246 2318 1394 2354 quoque
1420 2308 1492 2340 dat.
1541 2309 1626 2341 Post

182 2354 318 2388 primas
342 2346 405 2381 has
430 2348 534 2383 binas
558 2351 796 2388 admissiones
829 2354 978 2387 arcessit
1001 2355 1222 2399 Imperator,
1258 2355 1402 2400 quoties
1439 2354 1510 2398 ipsi
1542 2354 1623 2397 pla-

183 2393 331 2444 cuerim*
350 2393 526 2439 legatum,
557 2403 595 2431 et
626 2410 707 2432 cum
733 2394 775 2435 ὼ
801 2400 846 2434 de
870 2400 1019 2445 negotio
1045 2400 1223 2435 ambobus
1249 2402 1413 2446 imperiis
1438 2401 1622 2433 communi

180 2435 365 2490 huiusque
405 2442 596 2486 legationis
631 2452 842 2490 argumento
877 2458 1059 2480 sermones
1094 2449 1232 2481 miscet.
1279 2449 1317 2482 si
1342 2449 1460 2481 visum
1491 2446 1623 2487 fuerit,

181 2488 294 2517 enam
317 2487 486 2530 magistro
510 2491 579 2524 soli
603 2493 799 2537 permittit,
833 2494 960 2527 aliisve
985 2495 1196 2538 proceribus
1222 2499 1367 2539 praeter
1392 2504 1475 2526 eum
1490 2518 1499 2533 ,
1532 2492 1622 2525 foris

181 2535 283 2562 extra
302 2532 491 2584 ‘palatium
523 2547 602 2570 cum
634 2540 754 2583 legato
786 2551 842 2573 res
874 2541 1021 2584 agitare.
1078 2541 1118 2575 Si
1151 2542 1312 2587 denique
1345 2540 1506 2573 amicitia
1538 2549 1622 2583 per-

179 2575 274 2629 fecta
293 2581 501 2632 'intercedat
523 2583 629 2617 ambo
661 2587 835 2630 imperia,
861 2592 916 2620 est
940 2588 1172 2631 Imperatoris
1198 2587 1326 2628 nostri,
1351 2592 1392 2619 ut
1414 2586 1622 2619 visitatores

185 2621 387 2676 identidem
412 2626 531 2671 legato
562 2629 755 2672 immittat,
789 2645 854 2666 suo
887 2634 1035 2666 nominc
1067 2639 1362 2678 percontatur-os,
1398 2631 1488 2677 quid
1519 2637 1622 2675 agat,

184 2679 254 2723 qur·
273 2671 410 2712 valeat,
435 2676 618 2719 quomodo
643 2689 707 2710 sua
732 2679 802 2723 ipsi
828 2680 968 2712 mansio
994 2680 1162 2713 arrideat.
1206 2682 1295 2712 Item
1319 2684 1359 2711 ut
1387 2679 1459 2723 ipsi
1481 2676 1527 2711 de
1550 2678 1622 2712 fere

182 2715 275 2754 wll!
297 2727 443 2753 mensae
469 2731 556 2755 suae
579 2725 787 2768 portiones,
812 2729 849 2759 et
874 2732 947 2762 tam
973 2727 1011 2760 in
1035 2729 1169 2761 nostris
1196 2726 1326 2760 diebus
1350 2725 1477 2766 festis.
1510 2734 1620 2772 quam
1640 2723 1642 2726 ’
