1878 3112
292 97 408 153 362·
563 114 921 158 CONSTANTlNi
973 115 1467 163 PORPHYROGENJTr
1508 138 1513 142 ι

289 219 392 261 τῶν·
449 216 488 260 οἱ
529 219 575 259 δὲ
616 218 811 271 εὖνοῦχοι
855 217 1230 274 πρωτοσπαθάριοι
1267 221 1460 262 ἵστανται
1493 217 1635 263 ἐπάνω
1659 222 1742 263 τοῦ

245 281 476 338 Βσκάμνου
507 277 682 326 ὄπισθεν
707 284 784 326 τοῦ
811 285 1006 338 σέντζου,
1033 284 1105 326 καὶ
1128 283 1200 327 τὸν
1227 284 1330 328 λαὸν
1359 287 1405 327 ἐκ
1434 287 1574 342 τρίτου
1601 302 1734 328 κατα-

288 351 528 407 σφραγίσας
555 351 791 401 καθέζεται.
822 352 898 392 καί
922 347 1213 407 πληρωθείσης
1240 355 1315 407 τῆς
1341 349 1564 409 εὐφημίας,
1593 351 1736 407 λαβών

285 418 420 469 νεῦμα
461 414 483 456 ὅ
515 414 788 472 πραιπόσιτος
826 419 900 459 καί
940 415 1146 471 ἐξελθών,
1189 415 1373 474 εὑρίσκει
1412 420 1457 460 ἐν
1489 421 1538 476 τῇ
1574 417 1733 476 μεγάλῃ

285 480 396 539 πύλῃ
425 478 605 531 ἑστῶτας
631 481 731 531 τούς
757 486 1005 539 πατρικίους
1031 483 1106 525 καί
1131 483 1413 540 στρατηγούς,
1457 485 1532 527 καί
1559 487 1765 535 δίδωσινό·

285 549 427 598 αὔτοῖς
454 550 614 602 νεῦμα,
662 548 737 590 καί
762 549 992 605 ἀπέρχεται
1020 551 1192 599 ἕκαστος
1230 552 1289 600 εἰς
1315 549 1390 601 τάς
1417 551 1554 603 τάξεις
1581 551 1738 596 αὑτῶν.

285 616 393 671 (Γ.)
426 613 524 671 Χρὴ
554 616 603 657 δὲ
630 616 799 669 εἰδέναι,
831 614 897 658 ὅτι
924 617 968 658 ἐν
996 613 1132 674 ἡμέρα
1161 618 1236 658 τοῦ
1263 619 1391 671 βοτοῦ
1416 619 1491 660 οῦκ
1522 619 1736 674 εἰσέρχον-·

282 697 352 722 ται
389 681 434 722 ἐν
468 682 525 737 τῷ
551 682 784 735 καθίσματι
825 681 884 731 εἰς
922 681 1200 738 προσκύνησιν
1237 684 1315 723 τοῦ
1351 684 1579 737 βασιλέως,
1623 680 1731 725 ἄλλά

282 749 475 800 τελεῖται,
502 745 562 796 ὥς
588 749 862 803 προείρηται·
918 746 992 789 καί
1015 749 1099 789 τῶν
1129 747 1324 802 δ”,βαΐων
1351 749 1651 803 τελεσθέντων,
1682 748 1734 789 ‹Z-

282 810 440 861 ναστὰς
460 809 481 854 ὃ
502 811 702 866 βασιλεύς
729 811 810 855 α’πὸ
830 815 906 856 τοῦ
923 814 1108 867 σέντζου,
1145 814 1356 870 διέρχεται
1383 812 1455 855 διά
1479 816 1557 856 τοῦ
1579 815 1790 870 τρικλί-ιο

87 889 368 933 Ed.L.211v0v‚
398 873 450 921 οῦ
476 877 660 921 εἴθισται
690 881 862 937 οἲριστᾷν
877 913 890 933 ,
919 881 1007 922 τῶν
1031 883 1263 936 πατρικίων
1291 876 1484 923 ἑστώτων
1510 878 1632 923 ἔνθεν
1658 881 1735 922 κοῖ-

281 950 417 998 κεῖσε,
459 943 533 986 καί
557 945 874 1001 δηριγευόμενος
907 945 932 987 ὅ
961 944 1163 1000 βασιλευς
1191 944 1273 987 ὑπὸ
1305 949 1395 987 τῶν·
1415 943 1634 1003 α’ρχόντων
1660 945 1735 988 τοῦ

282 1012 603 1066 κουβουκλείου,
633 1013 867 1068 εἰσέρχεται
897 1011 968 1054 διὰ
997 1015 1073 1056 τοῦ
1099 1017 1231 1065 μέσον
1262 1013 1428 1066 αὐτῶν,
1458 1013 1584 1055 αὕτοί
1610 1014 1658 1054 δὲ
1683 1011 1736 1053 ὗ·-

282 1077 562 1134 περεῦχονται
602 1077 677 1120 τὸν
718 1080 909 1133 βασιλέα.
968 1079 1041 1121 καί
1081 1076 1344 1129 εἰσελθόντος
1387 1075 1520 1122 αὐτοῦ
1563 1079 1623 1127 εἷς
1663 1075 1736 1119 τὸν

265 1145 487 1197 meamhoc,
530 1143 732 1198 λαμβάνει
762 1145 784 1186 ὅ
814 1144 1089 1201 πραιπὸσιτος
1115 1143 1162 1187 τὸ
1194 1147 1358 1199 στέμμα
1388 1144 1471 1187 α’πό
1504 1147 1578 1200 τῆς
1603 1153 1790 1200 napa-15

283 1209 360 1264 λῆς
387 1209 532 1263 αὐτοῦ,
563 1209 636 1252 καί
662 1212 924 1268 εἰσέρχονται
952 1209 991 1252 οἱ
1019 1209 1289 1266 βεστὴτορες,
1317 1209 1392 1252 καὶ
1417 1208 1737 1252 ἀπαλλάσσουσι

283 1275 358 1331 την
381 1276 564 1329 χλανίδα
594 1275 740 1332 αὐτοῦ,
767 1277 842 1319 καί
867 1275 1220 1333 περιβαλλόμενος
1247 1274 1294 1318 τὸ
1320 1275 1462 1330 σαγίον
1490 1277 1631 1330 αὐτοῦ,
1659 1293 1737 1318 κα-

286 1344 487 1398 τέρχεται
517 1341 587 1384 διὰ
617 1344 691 1385 τοῦ
716 1345 924 1397 μυστικοῦ
951 1344 1124 1397 κοχλιοῦ
1137 1377 1149 1396 ,
1197 1342 1271 1384 καί
1308 1344 1542 1399 εἰσέρχεται
1571 1343 1630 1393 εἷς
1657 1341 1733 1384 τὼν

288 1410 465 1451 κοιτῶνα
491 1410 568 1452 τοῦ
596 1405 832 1465 ὄκταγώνου
861 1412 1033 1466 πλησίον
1059 1411 1135 1452 τοῦ
1165 1409 1286 1464 ἁγίου
1315 1407 1548 1466 Στεφάνου,
1576 1407 1651 1451 καί
1670 1410 1736 1459 ἑξ-

290 1473 427 1518 ελθών
455 1477 517 1525 εἷς
539 1473 590 1518 τά
621 1475 678 1518 zff
709 1472 928 1530 ἄκου’βιτα,
959 1477 1209 1530 α’κουμβίζει
1237 1474 1310 1517 ἐπὶ
1334 1477 1410 1530 τῆς
1433 1475 1575 1530 τιμίας
1603 1475 1798 1524 αῦτοῦςο,

288 1542 497 1599 τραπέζης
523 1539 628 1595 μετά
657 1544 740 1584 τῶν
769 1539 989 1598 ἀρχόντων
1016 1545 1095 1584 τοῦ
1122 1544 1429 1596 κουβουκλείου,
1457 1539 1531 1583 τὸν
1556 1542 1633 1583 τοῦ
1659 1557 1738 1583 σα·-

254 1610 468 1660 Βκελλίου,
497 1608 570 1650 τὸν
597 1608 668 1664 τῆς
694 1609 985 1659 καταστάσεως
1013 1607 1086 1650 καί
1103 1606 1176 1650 τὸν
1197 1604 1459 1664 άκτουάριον,
1488 1609 1549 1658 εἰς
1571 1609 1618 1650 δὲ
1639 1605 1740 1657 τούς

291 1673 406 1716 κάτω
435 1674 686 1728 οἷκουβίτους
713 1676 962 1727 καθέζονται
991 1675 1031 1716 οἱ
1059 1673 1130 1716 διά
1160 1673 1348 1731 Χριστὸν
1389 1674 1508 1730 ἡμῶν
1547 1671 1740 1729 α’δελφοί.

294 1742 368 1783 καί
394 1739 580 1790 ἀναστάς
608 1737 630 1782 ὃ
657 1742 858 1796 βασιλεύς
885 1741 958 1784 καί
983 1740 1164 1794 ἐξελθών
1185 1740 1422 1797 ἔμπροσθεν
1448 1741 1526 1782 τοῦ
1547 1741 1746 1787 κοιτῶνος.

99 1809 370 1863 Με.ι46.ειτῆς
399 1806 591 1864 δάφνης,
635 1807 930 1865 περιβάλλεται
960 1807 1006 1850 τὸ
1037 1808 1188 1851 τούτου
1218 1811 1379 1862 σαγίον,
1428 1808 1502 1849 καί
1527 1805 1792 1863 &etymo-25

293 1953 462 1996 utilibus,
486 1955 532 1987 ab
557 1959 713 2001 utroque
740 1955 854 1989 latere
879 1956 1109 1989 constitutis:
1137 1954 1296 1988 eunuchi
1320 1951 1605 1999 protospatharii
1629 1962 1740 1996 super

294 2010 439 2034 scamno
462 2012 559 2047 pone
584 2001 756 2035 thronum
781 2007 888 2043 stant,
915 2003 953 2036 in
980 2013 1053 2047 quo
1078 2003 1300 2047 Imperator,
1335 2006 1390 2033 ter
1413 1999 1551 2045 populo
1577 1999 1740 2043 signato,

293 2047 441 2081 assidet.
498 2049 766 2082 Acclamatione
791 2050 893 2083 finita
910 2075 920 2090 ,
959 2049 1187 2094 praepositus
1211 2048 1351 2093 signum
1376 2047 1526 2091 accipit,
1560 2055 1740 2090 egressus-

297 2104 370 2139 que
393 2096 566 2139 patricios
599 2101 636 2128 et
663 2101 839 2141 strategos
873 2094 919 2127 ad
953 2107 1119 2139 magnam
1155 2100 1298 2139 portam
1329 2094 1548 2126 constitutos
1581 2091 1739 2137 reperit,

297 2141 363 2185 qui
386 2141 488 2186 signo
508 2142 598 2187 ipsis
624 2142 729 2183 dato,
754 2143 801 2175 ad
825 2154 907 2175 suos
933 2142 1078 2177 ordines
1105 2141 1238 2186 singuli
1263 2139 1411 2172 abeunt.
1460 2139 1553 2186 (ΙΙΙ.)
1579 2139 1649 2172 Die
1673 2149 1739 2173 vo-

251 2213 254 2216 .
296 2187 328 2220 ti
361 2187 408 2220 ad
440 2188 612 2222 thronum
643 2189 898 2233 Imperatoris,
942 2195 983 2223 ut
1014 2199 1097 2221 cum
1120 2188 1294 2226 adorent,
1329 2197 1403 2219 non
1430 2186 1630 2226 accedunt,
1654 2184 1739 2227 sed,

240 2247 253 2254 ·
297 2238 340 2267 ut
363 2233 519 2268 diximus
535 2262 544 2277 ,
569 2235 665 2269 diem
690 2237 795 2269 illum
821 2236 1006 2269 celebrant
1021 2261 1030 2276 ‚
1056 2241 1092 2268 et
1115 2235 1244 2280 palmis
1271 2239 1429 2279 quatuor
1453 2233 1586 2274 finitis,
1621 2233 1742 2277 Impe-

295 2285 396 2315 rator
421 2293 441 2314 a
466 2281 599 2316 throno
625 2283 763 2328 surgit,
788 2294 925 2331 perque
951 2282 1170 2322 triclinium,
1196 2282 1235 2313 in
1261 2291 1333 2326 quo
1359 2281 1510 2314 solenne
1534 2279 1740 2314 convivium

296 2327 524 2370 instituitur,
549 2330 711 2374 patriciis
747 2331 846 2363 utriu
876 2341 921 2362 ue
955 2328 1203 2369 adstantibus,
1241 2328 1392 2369 transit,
1427 2333 1464 2360 et
1493 2338 1513 2359 a
1545 2325 1741 2372 praefectis

297 2375 469 2409 cubiculo
493 2376 668 2422 stipatus,
691 2387 756 2422 per
785 2343 947 2410 medium
973 2387 1118 2416 eorum,
1144 2375 1229 2408 dum
1252 2374 1375 2407 felicia
1416 2375 1539 2407 omnia
1572 2374 1643 2418 ipsi
1675 2383 1742 2417 ap-

297 2428 513 2467 precantur,
538 2424 712 2468 procedit.
764 2425 810 2458 Ut
842 2423 1050 2457 cubiculum
1086 2422 1255 2461 intravit,
1299 2422 1530 2467 praepositus
1570 2429 1742 2453 coronam

298 2479 319 2501 a
345 2469 465 2515 capite
492 2469 570 2503 eius
597 2470 729 2514 demit,
753 2471 943 2504 vestitores
970 2480 1116 2517 quoque
1145 2469 1343 2510 accedunt,
1368 2469 1528 2501 tunicam
1552 2466 1739 2501 mutaturi:

299 2515 396 2560 ipse,
433 2528 516 2564 sago
550 2518 705 2560 iniecto,
745 2529 810 2564 per
857 2518 1040 2552 cochleam
1081 2522 1255 2549 secretam
1312 2515 1521 2548 cubiculum
1574 2512 1741 2558 octagoni

297 2574 412 2608 prope
445 2565 479 2599 S.
514 2564 690 2610 Stephani
724 2566 838 2611 petit,
875 2576 916 2597 ac
940 2564 1139 2598 triclinium
1163 2564 1244 2597 XIX
1267 2563 1498 2595 accubituum
1534 2558 1742 2606 ingressuS,

297 2612 526 2645 venerandae
555 2623 701 2646 mensae
731 2624 816 2645 suae
852 2624 931 2645 cum
958 2611 1147 2657 praefectis
1176 2610 1366 2650 cubiculo,
1399 2608 1612 2648 sacellario,
1649 2606 1742 2639 ceri—

300 2658 503 2692 moniarum
535 2660 706 2704 magistro
744 2665 781 2692 et
805 2660 966 2692 actuario
992 2656 1191 2697 accumbit,
1224 2657 1261 2690 in
1288 2655 1524 2689 inferioribus
1551 2654 1638 2687 locis
1664 2653 1741 2685 fra-

299 2709 371 2737 tres
393 2706 507 2739 nostri
531 2717 596 2751 per
616 2707 800 2741 Christum
833 2705 1009 2740 adsident.
1034 2706 1234 2749 Imperator
1263 2704 1390 2749 surgit,
1418 2708 1454 2736 ct
1471 2702 1518 2751 ad
1536 2700 1745 2735 cubiculum
