1878 3112
383 135 455 178 DE
479 136 736 180 CEMMON.
766 135 946 179 AULAE
975 138 1198 179 ΒΥΖᾺΝΤ.
1226 141 1278 179 11.
1303 141 1376 185 52.
1476 120 1585 198 *173

155 234 435 291 λαμβάνοντες
459 234 536 291 τήν
562 235 692 292 αὐτὴν
719 237 923 291 εὖλογίαν.
976 238 1028 293 τῇ
1056 236 1104 278 δὲ
1129 237 1201 294 νέᾳ
1225 238 1418 293 κυριακῇ,
1443 238 1490 294 τῇ
1506 253 1583 290 με-

153 300 314 360 θεόρτφ
349 302 429 344 τοῦ
467 301 612 356 πάσχα
631 335 645 356 ,
682 303 905 344 ε’κτελεῖταο
939 303 1182 357 προέλευσις
1217 299 1517 358 λαμπροφόρος
1543 305 1626 345 ένΒ

153 369 211 423 τῷ
246 367 460 426 σεβασμίῳ
496 370 582 425 ναῷ
619 370 701 410 τῶν
748 367 876 422 ἁγίων
918 367 1180 410 ἀποστόλων·
1235 366 1309 409 καὶ
1346 370 1590 423 τελουμένης

155 433 232 487 τῆς
256 430 375 488 ἱερᾶς
400 436 672 487 λειτουργίας,
708 434 955 488 προτίθεται
980 433 1207 489 κλητιόριον
1241 434 1286 475 ἒν
1318 434 1376 490 τῷ
1401 433 1591 487 λεχθέντι

124 497 340 556 δτρικλίνῳ
363 499 437 540 ἐπὶ
461 499 534 552 τῆς
562 499 762 553 δευτέρας
799 498 986 554 ἡμέρας,
1024 497 1099 540 καί
1129 498 1400 542 συνεστιᾶται
1425 498 1484 555 τῷ
1508 501 1591 552 βα-

151 565 269 604 σιλεῖ’
288 559 312 604 ὅ
340 559 571 616 ἅγιώτατος
596 562 716 617 ἡμῶν
759 561 1024 618 πατριάρχης
1060 562 1132 604 ἐπὶ
1167 563 1402 619 ἆποκοπτῆς
1437 563 1590 619 τραπέ-

153 629 238 682 ζης,
265 627 337 669 καὶ
353 629 662 682 συγκαλοῦνται
690 628 749 677 εἷς
775 624 964 670 ἑστίασιν
991 626 1072 670 σύν
1099 629 1158 686 τῷ
1182 631 1354 682 βασιλεῖ’
1376 630 1492 685 «poam
1514 645 1589 670 κα-

150 691 203 734 τὰ
230 691 360 735 τύπον
383 695 460 748 τῆς
487 695 685 749 δευτέρας
711 693 871 749 ἡμέρας
892 695 946 750 τῇ
960 691 1162 750 ἐπαύριον
1186 697 1263 736 τοῦ
1290 694 1408 750 ἱεροῦ
1433 693 1591 748 πάσχα,

151 761 202 816 τῇ
228 760 277 802 δὲ
300 755 500 814 ἐπαύριον
525 761 600 813 τῆς
626 761 722 809 νέας
748 761 949 815 κυριακῆς
990 759 1124 817 ἡμέρᾳ
1151 761 1374 802 ἐκτελεῖται
1402 758 1590 810 δεξιωσις

102 824 322 877 ιοδεξίμου
361 819 459 866 ἄνευ
492 823 695 878 σαξᾴιου,
734 826 808 867 καί
844 826 1064 876 καθέζεται
1103 825 1126 865 ὅ
1152 823 1351 878 βασιλεὺς
1387 824 1459 866 ἐπὶ
1484 824 1589 866 ἄπο-

152 891 306 945 κοπτῆς
332 891 541 947 τραπέζης
565 889 671 943 μετὰ
699 892 776 933 τοῦ
813 891 965 933 οἰκείου
1008 891 1247 946 δηβητισίου
1275 890 1346 932 ἐπὶ
1374 892 1452 932 τοῦ
1482 886 1590 933 ’Iov-

152 956 368 996 στινιανοῦ
407 956 632 1010 τρικλίνου.
686 958 758 998 καί
798 957 868 997 δεῖ
899 955 1012 1010 ἡμᾶς
1048 959 1267 1010 συγκαλεῖν
1306 955 1366 1004 εἰς
1406 952 1628 997 ἔστίασινῦ

155 1018 236 1061 ἀπὸ
279 1022 352 1074 τῆς
395 1020 548 1072 τάξεως
570 1023 654 1063 ταῖν
678 1021 941 1077 μαγίστρων,
969 1020 1279 1076 πραιποσίτων,
1307 1017 1588 1074 ἆνθυπάτων,

151 1085 402 1141 πατρικίων,
448 1083 732 1142 ὂφφικιαλίων
786 1087 861 1128 καί
904 1088 1061 1128 λοιπῶν
1096 1089 1179 1128 τῶν
1219 1084 1300 1127 ὖπό
1351 1083 1587 1140 καμπάγιον

105 1149 318 1194 &adnm
343 1150 450 1193 κατιὶ
488 1150 534 1194 τὸ
559 1151 691 1194 ποσὸν
714 1155 789 1207 τῆς
814 1153 1039 1207 τραπέζης’
1099 1151 1280 1206 εἰσάγειν
1322 1154 1368 1193 δὲ
1397 1150 1469 1193 καὶ
1488 1149 1584 1202 §gd-

150 1231 238 1270 γειν
267 1215 440 1266 ’πάντας
473 1216 580 1270 μετὰ
615 1221 699 1260 τῶν
728 1219 889 1259 οἰκείων
927 1219 1068 1259 αιῖτῶν
1110 1215 1398 1269 ἇλλαξιμὰτων
1435 1233 1479 1258 τε
1515 1217 1779 1258 naim-«sasai,

148 1283 400 1336 χλανιδίων·
455 1285 675 1338 προσέχειν
700 1285 748 1325 δὲ
773 1285 847 1325 καί
861 1282 906 1325 τὸ
934 1282 1135 1336 μουσικὸν
1160 1284 1284 1336 μέλος
1338 1283 1411 1323 καί
1448 1284 1585 1332 ἐξανι-

149 1348 251 1404 στᾷν
275 1346 376 1397 τούς
401 1349 675 1402 κεκλημένους
701 1350 746 1390 ἐν
772 1350 829 1405 τῷ
865 1349 1173 1402 προδηλωθέντι
1197 1344 1336 1403 χρόνῳ
1365 1347 1425 1395 εἷς
1451 1348 1584 1402 ειῖφη-

148 1412 253 1464 μίαν
278 1414 363 1454 τῶν
389 1413 614 1455 δεσποτῶν.
668 1415 720 1470 τῇ
749 1415 796 1454 δὲ
822 1410 1025 1468 ἐπαύριον
1050 1414 1126 1454 τοῦ
1154 1413 1285 1453 αὐτοῦ
1323 1412 1491 1463 δεξιζιιου
1518 1427 1584 1453 τε-

99 1480 289 1519 πολεῖται
324 1475 525 1530 ἑπόμενον
572 1477 741 1519 ἱππικὸν
781 1476 1061 1530 α’πολύσιμον,
1108 1479 1182 1518 καί
1215 1477 1583 1526 ἐξαποστέλλονται

152 1540 258 1598 πρὸς
282 1541 333 1584 τὰ
361 1544 491 1584 οἰκεῖα
512 1542 551 1585 οἱ
579 1541 661 1584 α’πὸ
688 1541 946 1599 Βουλγάρων
973 1545 1104 1600 φίλοι,
1133 1544 1206 1584 καί
1226 1544 1466 1597 προτίθεται
1486 1546 1584 1601 κληή-

150 1677 315 1724 bantque
339 1676 491 1712 eandem
513 1676 807 1717 benedictionem
830 1689 893 1712 seu
917 1678 1214 1712 munificentiam.
1261 1676 1360 1711 Nova
1378 1676 1439 1710 die
1463 1675 1583 1709 domi-

152 1725 236 1757 nica
259 1724 312 1756 sic
335 1723 450 1764 dicta,
479 1736 522 1758 ea
548 1736 697 1771 nempe,
735 1732 828 1771 quae
851 1725 1015 1770 proxime
1038 1726 1170 1758 festum
1193 1722 1372 1769 paschatis
1398 1724 1581 1768 sequitur,

153 1770 343 1815 splendida
366 1772 550 1815 peragitur
571 1771 751 1815 processio
776 1770 968 1816 splendido
992 1773 1032 1804 in
1055 1772 1188 1804 vestitu
1214 1772 1253 1803 in
1270 1769 1476 1804 venerabile
1490 1774 1582 1801 tem-

152 1817 255 1861 plum
278 1817 338 1850 SS.
362 1817 635 1871 Apostolorum3
669 1819 845 1864 finitoque
878 1827 977 1850 sacro
1009 1817 1139 1858 officio,
1162 1816 1377 1861 proponitur
1408 1820 1445 1848 et
1467 1816 1582 1848 initur

152 1862 358 1898 convivium
386 1874 426 1896 in
452 1864 632 1905 triclinio,
658 1863 758 1909 quod
782 1866 946 1908 superius
970 1864 1016 1896 ad
1040 1863 1235 1898 secundum
1259 1861 1357 1895 (lieni
1377 1862 1581 1895 nominavi-

153 1919 243 1943 mus.
291 1908 512 1944 convivatur
539 1915 616 1942 tum
647 1911 887 1943 sanctissimus
913 1909 1117 1954 patriarcha
1150 1914 1272 1943 noster
1298 1909 1510 1953 Imperatori
1534 1906 1582 1941 ad

154 1955 377 2000 peculiarem
401 1966 580 1997 mensam,
616 1961 654 1989 et
680 1958 879 1990 invitantur
915 1955 961 1988 ad
992 1955 1254 1990 convivandum
1279 1956 1437 1988 Domino
1475 1954 1582 1987 amici

151 2001 315 2035 eiusdem
345 2003 510 2046 generis,
545 2008 656 2048 atque
690 2002 738 2035 ad
763 2001 960 2036 secundum
991 2002 1099 2035 huius
1136 2001 1396 2035 convivationis
1431 2000 1527 2034 diem
1559 2011 1580 2032 a

151 2048 248 2082 festo
277 2048 457 2092 paschatis
490 2049 696 2083 immediate
729 2050 932 2094 proximum
965 2047 1131 2082 diximus.
1179 2049 1303 2082 Altero
1335 2052 1418 2094 post
1450 2057 1580 2080 novam

152 2094 371 2128 dominicam
403 2095 463 2128 die
499 2096 679 2141 excipitur
714 2100 751 2129 et
774 2094 1036 2128 beneventatur
1068 2095 1114 2128 ab
1140 2096 1361 2140 Imperatore
1399 2093 1583 2127 deximum

154 2151 219 2175 seu
243 2151 371 2185 corpus
397 2147 602 2175 senatorum
630 2143 825 2178 Dominum
849 2141 1045 2174 salutatum
1074 2142 1317 2181 venientium,
1354 2139 1491 2186 absque
1522 2151 1582 2173 sa-

150 2188 251 2220 ximo
274 2191 396 2221 tamen
417 2200 480 2222 seu
504 2188 656 2230 chorea3
688 2188 896 2234 residetque
919 2189 1117 2232 Imperator
1140 2190 1179 2222 In
1204 2187 1395 2221 Iustiniani
1418 2186 1581 2219 triclinio

152 2232 199 2265 ad
220 2234 439 2277 peculiarem
477 2235 547 2268 sibi
581 2246 740 2269 mensam
764 2236 802 2268 in
833 2246 897 2267 suo
932 2234 1123 2268 dibetesio.
1170 2234 1351 2268 Invitandi
1388 2238 1465 2265 tum
1495 2237 1580 2265 sunt

151 2278 262 2311 nobis
284 2281 511 2324 magistratus
535 2280 664 2314 horum
689 2281 880 2322 ordinum,
915 2281 1093 2327 magistri,
1128 2281 1346 2326 praepositi,
1380 2288 1581 2323 proconsu-

152 2324 228 2365 les,
249 2326 415 2370 patricii‚
442 2327 609 2360 officiales
634 2331 671 2362 et
695 2327 829 2372 reliqui
852 2328 1151 2373 campagiogeruli
1180 2338 1302 2360 omues
1334 2335 1398 2370 pro
1438 2326 1580 2368 capaci-

151 2374 229 2404 tate
253 2381 407 2406 mensae.
454 2374 736 2407 Introducuntur
769 2377 806 2406 et
837 2373 1038 2407 educuntur
1067 2384 1189 2407 omnes
1212 2374 1251 2407 in
1275 2372 1349 2404 suis
1375 2371 1578 2403 mutatoriis

155 2422 194 2450 et
214 2417 358 2450 tunicis.
405 2419 675 2453 Observandum
699 2417 830 2453 deinde
856 2418 962 2452 uobis
985 2424 1041 2452 est
1066 2424 1227 2464 tempus,
1252 2428 1324 2463 quo
1340 2427 1481 2449 carmen
1498 2427 1580 2448 mu-

155 2462 227 2496 sice
251 2464 442 2505 recitatur,
476 2471 514 2499 et
536 2471 623 2499 tunc
654 2465 806 2500 iubendi
840 2466 1010 2499 convivae
1041 2477 1183 2511 surgere
1223 2464 1270 2496 ad
1302 2463 1427 2496 laudes
1454 2466 1490 2493 et
1517 2461 1579 2506 pia

153 2508 263 2542 verba
286 2510 442 2542 Domino
465 2511 628 2546 dicenda.
674 2511 743 2545 Die
767 2517 850 2556 post
871 2511 965 2544 illud
983 2511 1169 2546 ,deximum
1199 2509 1363 2554 proximo
1395 2509 1579 2553 peragitur

156 2555 191 2588 ei
222 2553 419 2588 adhaerens
450 2562 487 2589 et
517 2568 740 2602 consequens
775 2557 880 2590 ludus
918 2559 1093 2603 equestris
1137 2556 1362 2589 absolutivus
1405 2565 1467 2587 seu
1514 2555 1578 2599 qni

156 2600 263 2633 finem
289 2601 429 2635 solenni
452 2602 538 2636 huic
570 2604 813 2637 convivatioui
838 2604 932 2637 facit.
980 2605 1226 2637 Remittuntur
1250 2606 1334 2633 tunc
1358 2600 1486 2639 amici,
1512 2599 1578 2645 qui

156 2657 177 2679 θ
200 2646 365 2691 Βῦιςῧῐῖᾱ
387 2654 578 2689 venerant,
611 2650 657 2683 ad
682 2661 764 2689 sua,
797 2654 833 2682 et
855 2652 1070 2694 proponitur
1097 2648 1298 2680 convivium
1322 2648 1360 2678 in
1384 2645 1575 2691 splendido

154 2691 316 2728 triclinio
341 2692 606 2737 euthismatum3
643 2700 679 2730 et
715 2696 947 2733 convivantur
971 2694 1183 2742 Imperatori
1205 2693 1404 2738 praepositi
1419 2717 1431 2733 ,
1452 2691 1579 2737 ‚patri-
